Trd, 2590692.129, 245
Trd, 2590692.263, 244
Trd, 2590693.396, 243
Trd, 2590694.863, 242
Trd, 2590695.029, 240
Trd, 2590695.346, 249
Trd, 2590696.679, 246
Trd, 2590697.096, 241
Trd, 2590698.279, 258
Trd, 2590698.413, 257
Trd, 2590698.663, 240
Trd, 2590699.146, 250
Trd, 2590699.363, 252
Trd, 2590700.246, 237
Trd, 2590701.046, 248
Trd, 2590701.546, 227
Trd, 2590702.013, 235
Trd, 2590702.079, 240
Trd, 2590702.863, 250
Trd, 2590703.013, 237
Trd, 2590703.113, 220
Trd, 2590703.446, 222
Trd, 2590704.213, 231
Trd, 2590704.563, 251
Trd, 2590704.763, 245
Trd, 2590705.013, 253
Trd, 2590707.446, 254
Trd, 2590708.163, 254
Trd, 2590708.963, 257
Trd, 2590709.563, 257
Trd, 2590710.829, 242
Trd, 2590711.729, 255
Trd, 2590712.396, 257
Trd, 2590712.696, 259
Trd, 2590713.163, 248
Trd, 2590713.513, 242
Trd, 2590714.296, 252
Trd, 2590714.863, 262
Trd, 2590715.079, 266
Trd, 2590715.863, 247
Trd, 2590715.879, 246
Trd, 2590716.979, 256
Trd, 2590717.746, 256
Trd, 2590717.813, 255
Trd, 2590719.213, 259
Trd, 2590719.296, 244
Trd, 2590720.063, 237
Trd, 2590720.329, 235
Trd, 2590721.513, 236
Trd, 2590721.646, 227
Trd, 2590722.346, 238
Trd, 2590722.479, 220
Trd, 2590723.079, 243
Trd, 2590726.546, 238
Trd, 2590727.113, 241
Trd, 2590727.296, 244
Trd, 2590727.563, 236
Trd, 2590727.646, 235
Trd, 2590728.263, 232
Trd, 2590728.746, 245
Trd, 2590729.079, 246
Trd, 2590729.479, 252
Trd, 2590730.579, 247
Trd, 2590730.796, 248
Trd, 2590730.979, 246
Trd, 2590732.179, 247
Trd, 2590732.396, 258
Trd, 2590732.496, 266
Trd, 2590734.063, 256
Trd, 2590734.363, 256
Trd, 2590734.529, 263
Trd, 2590735.879, 262
Trd, 2590736.863, 255
Trd, 2590736.979, 255
Trd, 2590738.263, 251
Trd, 2590738.296, 247
Trd, 2590738.363, 259
Trd, 2590738.896, 241
Trd, 2590739.329, 240
Trd, 2590740.113, 241
Trd, 2590740.846, 241
Trd, 2590742.413, 241
Trd, 2590742.813, 236
Trd, 2590742.846, 242
Trd, 2590743.079, 245
Trd, 2590743.696, 238
Trd, 2590745.013, 241
Trd, 2590745.713, 227
Trd, 2590746.329, 234
Trd, 2590747.296, 244
Trd, 2590747.746, 247
Trd, 2590747.963, 248
Trd, 2590748.446, 221
Trd, 2590749.446, 251
Trd, 2590750.029, 218
Trd, 2590750.163, 218
Trd, 2590750.429, 252
Trd, 2590750.913, 228
Trd, 2590751.679, 237
Trd, 2590752.146, 241
Trd, 2590753.429, 218
Trd, 2590754.479, 236
Trd, 2590754.746, 222
Trd, 2590754.813, 238
Trd, 2590755.363, 245
Trd, 2590756.229, 246
Trd, 2590757.496, 248
Trd, 2590757.696, 246
Trd, 2590759.413, 224
Trd, 2590759.446, 241
Trd, 2590760.263, 241
Trd, 2590762.179, 249
Trd, 2590763.613, 248
Trd, 2590764.096, 254
Trd, 2590764.429, 256
Trd, 2590764.463, 258
Trd, 2590764.513, 246
Trd, 2590764.979, 251
Trd, 2590765.363, 246
Trd, 2590766.363, 247
Trd, 2590767.013, 247
Trd, 2590767.413, 247
Trd, 2590767.546, 248
Trd, 2590767.629, 246
Trd, 2590767.863, 262
Trd, 2590768.346, 240
Trd, 2590769.429, 254
Trd, 2590769.879, 245
Trd, 2590770.396, 255
Trd, 2590771.196, 248
Trd, 2590772.146, 244
Trd, 2590773.263, 246
Trd, 2590773.563, 258
Trd, 2590773.813, 256
Trd, 2590774.913, 256
Trd, 2590775.446, 259
Trd, 2590776.513, 246
Trd, 2590776.663, 264
Trd, 2590777.863, 247
Trd, 2590777.979, 244
Trd, 2590779.129, 238
Trd, 2590779.963, 236
Trd, 2590780.096, 237
Trd, 2590780.329, 248
Trd, 2590781.913, 249
Trd, 2590782.229, 245
Trd, 2590784.396, 249
Trd, 2590784.496, 248
Trd, 2590785.279, 250
Trd, 2590785.296, 251
Trd, 2590785.529, 245
Trd, 2590785.713, 243
Trd, 2590786.346, 252
Trd, 2590786.479, 257
Trd, 2590787.829, 247
Trd, 2590788.013, 259
Trd, 2590788.713, 248
Trd, 2590789.396, 260
Trd, 2590789.913, 250
Trd, 2590791.429, 250
Trd, 2590791.679, 248
Trd, 2590791.729, 257
Trd, 2590792.096, 258
Trd, 2590792.646, 260
Trd, 2590793.429, 263
Trd, 2590793.513, 260
Trd, 2590794.096, 244
Trd, 2590794.829, 251
Trd, 2590796.463, 244
Trd, 2590797.029, 242
Trd, 2590797.979, 237
Trd, 2590798.196, 237
Trd, 2590799.379, 243
Trd, 2590799.663, 239
Trd, 2590799.813, 235
Trd, 2590800.229, 242
Trd, 2590800.263, 250
Trd, 2590800.629, 252
Trd, 2590800.713, 228
Trd, 2590801.179, 243
Trd, 2590802.879, 229
Trd, 2590803.063, 229
Trd, 2590803.529, 243
Trd, 2590804.479, 226
Trd, 2590804.529, 245
Trd, 2590804.563, 246
Trd, 2590805.179, 244
Trd, 2590805.429, 251
Trd, 2590806.013, 252
Trd, 2590806.596, 237
Trd, 2590807.129, 244
Trd, 2590807.179, 245
Trd, 2590807.529, 245
Trd, 2590808.379, 247
Trd, 2590808.696, 253
Trd, 2590808.896, 246
Trd, 2590811.813, 247
Trd, 2590813.146, 239
Trd, 2590813.729, 223
Trd, 2590814.546, 233
Trd, 2590814.813, 223
Trd, 2590814.846, 222
Trd, 2590815.629, 239
Trd, 2590815.829, 244
Trd, 2590816.546, 249
Trd, 2590817.463, 250
Trd, 2590817.846, 250
Trd, 2590817.913, 249
Trd, 2590818.163, 250
Trd, 2590818.213, 247
Trd, 2590818.463, 251
Trd, 2590819.813, 248
Trd, 2590820.179, 260
Trd, 2590821.679, 248
Trd, 2590823.546, 249
Trd, 2590824.196, 244
Trd, 2590824.996, 253
Trd, 2590825.146, 247
Trd, 2590825.163, 261
Trd, 2590825.546, 263
Trd, 2590825.779, 257
Trd, 2590826.346, 258
Trd, 2590827.329, 265
Trd, 2590827.446, 266
Trd, 2590828.646, 257
Trd, 2590828.879, 246
Trd, 2590829.529, 241
Trd, 2590829.729, 240
Trd, 2590830.213, 239
Trd, 2590830.263, 235
Trd, 2590830.346, 241
Trd, 2590831.596, 228
Trd, 2590832.029, 234
Trd, 2590832.063, 238
Trd, 2590832.346, 239
Trd, 2590832.579, 228
Trd, 2590833.596, 232
Trd, 2590833.779, 251
Trd, 2590837.079, 226
Trd, 2590837.396, 227
Trd, 2590837.563, 228
Trd, 2590837.896, 236
Trd, 2590838.479, 244
Trd, 2590839.063, 247
Trd, 2590839.463, 258
Trd, 2590840.029, 237
Trd, 2590840.863, 254
Trd, 2590841.113, 264
Trd, 2590841.579, 245
Trd, 2590842.279, 231
Trd, 2590842.563, 228
Trd, 2590842.696, 227
Trd, 2590844.163, 251
Trd, 2590844.296, 244
Trd, 2590844.496, 247
Trd, 2590845.413, 256
Trd, 2590846.346, 265
Trd, 2590846.829, 268
Trd, 2590847.529, 262
Trd, 2590849.829, 244
Trd, 2590850.329, 244
Trd, 2590850.413, 243
Trd, 2590851.513, 230
Trd, 2590851.713, 231
Trd, 2590852.529, 227
Trd, 2590854.196, 229
Trd, 2590854.496, 230
Trd, 2590854.746, 231
Trd, 2590854.913, 234
Trd, 2590856.046, 254
Trd, 2590856.479, 248
Trd, 2590857.763, 252
Trd, 2590858.279, 247
Trd, 2590858.896, 252
Trd, 2590859.663, 247
Trd, 2590860.096, 238
Trd, 2590860.179, 252
Trd, 2590860.679, 252
Trd, 2590860.796, 237
Trd, 2590863.829, 255
Trd, 2590864.046, 254
Trd, 2590864.696, 249
Trd, 2590864.763, 253
Trd, 2590864.979, 248
Trd, 2590865.013, 247
Trd, 2590865.113, 261
Trd, 2590865.179, 264
Trd, 2590865.196, 243
Trd, 2590867.079, 256
Trd, 2590867.429, 244
Trd, 2590867.463, 235
Trd, 2590867.529, 258
Trd, 2590868.196, 243
Trd, 2590871.179, 235
Trd, 2590871.296, 234
Trd, 2590871.363, 229
Trd, 2590871.946, 234
Trd, 2590873.713, 237
Trd, 2590874.379, 242
Trd, 2590874.663, 244
Trd, 2590875.029, 253
Trd, 2590875.446, 252
Trd, 2590876.046, 249
Trd, 2590876.446, 258
Trd, 2590876.879, 252
Trd, 2590878.363, 251
Trd, 2590878.713, 254
Trd, 2590879.046, 252
Trd, 2590879.663, 244
Trd, 2590880.329, 245
Trd, 2590881.146, 247
Trd, 2590881.313, 248
Trd, 2590881.596, 244
Trd, 2590881.763, 251
Trd, 2590882.079, 235
Trd, 2590882.779, 263
Trd, 2590884.329, 231
Trd, 2590884.496, 226
Trd, 2590884.829, 234
Trd, 2590885.263, 240
Trd, 2590886.013, 240
Trd, 2590887.279, 224
Trd, 2590887.363, 238
Trd, 2590889.363, 234
Trd, 2590889.496, 238
Trd, 2590889.896, 241
Trd, 2590889.996, 234
Trd, 2590890.879, 236
Trd, 2590891.146, 246
Trd, 2590891.313, 247
Trd, 2590891.413, 238
Trd, 2590892.896, 245
Trd, 2590893.096, 260
Trd, 2590893.679, 257
Trd, 2590893.746, 256
Trd, 2590893.929, 244
Trd, 2590894.479, 241
Trd, 2590895.229, 260
Trd, 2590896.696, 256
Trd, 2590897.213, 237
Trd, 2590897.546, 243
Trd, 2590897.596, 244
Trd, 2590897.979, 259
Trd, 2590898.429, 258
Trd, 2590898.896, 243
Trd, 2590899.113, 236
Trd, 2590899.179, 262
Trd, 2590900.479, 266
Trd, 2590903.646, 239
Trd, 2590904.029, 225
Trd, 2590905.063, 237
Trd, 2590905.179, 241
Trd, 2590905.396, 217
Trd, 2590905.779, 238
Trd, 2590906.396, 244
Trd, 2590906.913, 248
Trd, 2590907.129, 251
Trd, 2590907.596, 239
Trd, 2590907.629, 251
Trd, 2590908.413, 239
Trd, 2590909.479, 236
Trd, 2590909.963, 232
Trd, 2590910.079, 231
Trd, 2590910.796, 255
Trd, 2590911.763, 246
Trd, 2590913.079, 259
Trd, 2590913.979, 243
Trd, 2590914.663, 257
Trd, 2590914.713, 258
Trd, 2590914.979, 268
Trd, 2590915.046, 264
Trd, 2590915.896, 255
Trd, 2590915.979, 253
Trd, 2590916.529, 265
Trd, 2590916.796, 245
Trd, 2590917.179, 244
Trd, 2590918.129, 227
Trd, 2590919.163, 250
Trd, 2590920.213, 236
Trd, 2590920.246, 235
Trd, 2590920.863, 249
Trd, 2590921.329, 255
Trd, 2590922.596, 248
Trd, 2590923.546, 257
Trd, 2590924.129, 248
Trd, 2590924.879, 243
Trd, 2590926.096, 222
Trd, 2590926.179, 243
Trd, 2590926.363, 244
Trd, 2590927.196, 247
Trd, 2590927.529, 248
Trd, 2590928.046, 236
Trd, 2590928.396, 249
Trd, 2590928.779, 250
Trd, 2590928.896, 253
Trd, 2590930.379, 252
Trd, 2590930.479, 250
Trd, 2590930.996, 223
Trd, 2590931.746, 223
Trd, 2590932.729, 239
Trd, 2590932.946, 247
Trd, 2590933.413, 239
Trd, 2590934.446, 252
Trd, 2590934.613, 228
Trd, 2590934.896, 238
Trd, 2590935.779, 245
Trd, 2590936.779, 258
Trd, 2590937.079, 234
Trd, 2590938.963, 240
Trd, 2590939.213, 251
Trd, 2590940.279, 235
Trd, 2590940.496, 248
Trd, 2590941.429, 241
Trd, 2590941.463, 248
Trd, 2590942.163, 242
Trd, 2590942.279, 240
Trd, 2590943.063, 237
Trd, 2590943.746, 247
Trd, 2590944.013, 248
Trd, 2590945.096, 248
Trd, 2590945.663, 243
Trd, 2590945.979, 252
Trd, 2590946.896, 256
Trd, 2590947.146, 253
Trd, 2590948.279, 245
Trd, 2590948.496, 259
Trd, 2590948.829, 242
Trd, 2590948.929, 260
Trd, 2590949.179, 263
Trd, 2590951.013, 247
Trd, 2590952.196, 253
Trd, 2590954.163, 251
Trd, 2590955.046, 253
Trd, 2590955.979, 261
Trd, 2590956.346, 251
Trd, 2590956.863, 251
Trd, 2590957.029, 250
Trd, 2590957.229, 246
Trd, 2590958.546, 245
Trd, 2590958.729, 237
Trd, 2590959.196, 250
Trd, 2590959.229, 234
Trd, 2590959.813, 252
Trd, 2590960.129, 253
Trd, 2590960.429, 247
Trd, 2590960.496, 264
Trd, 2590960.529, 246
Trd, 2590960.813, 244
Trd, 2590962.829, 248
Trd, 2590962.863, 260
Trd, 2590962.913, 223
Trd, 2590963.396, 222
Trd, 2590963.529, 264
Trd, 2590965.529, 250
Trd, 2590966.096, 259
Trd, 2590966.463, 265
Trd, 2590967.246, 255
Trd, 2590967.363, 247
Trd, 2590968.146, 245
Trd, 2590968.696, 258
Trd, 2590969.779, 259
Trd, 2590969.829, 245
Trd, 2590970.763, 251
Trd, 2590971.113, 249
Trd, 2590971.463, 247
Trd, 2590971.746, 241
Trd, 2590972.863, 239
Trd, 2590972.996, 240
Trd, 2590973.679, 241
Trd, 2590975.613, 235
Trd, 2590975.929, 259
Trd, 2590976.846, 239
Trd, 2590976.863, 236
Trd, 2590977.996, 242
Trd, 2590978.213, 243
Trd, 2590978.296, 247
Trd, 2590978.563, 237
Trd, 2590979.479, 257
Trd, 2590979.629, 250
Trd, 2590980.446, 248
Trd, 2590980.963, 262
Trd, 2590981.729, 258
Trd, 2590982.396, 243
Trd, 2590982.579, 258
Trd, 2590982.596, 239
Trd, 2590982.763, 235
Trd, 2590984.113, 228
Trd, 2590985.529, 250
Trd, 2590987.646, 249
Trd, 2590988.296, 249
Trd, 2590988.963, 249
Trd, 2590989.046, 250
Trd, 2590989.679, 246
Trd, 2590989.763, 245
Trd, 2590990.379, 252
Trd, 2590990.663, 259
Trd, 2590990.879, 242
Trd, 2590991.029, 244
Trd, 2590991.946, 258
Trd, 2590992.396, 258
Trd, 2590993.046, 261
Trd, 2590993.213, 241
Trd, 2590994.946, 268
Trd, 2590995.046, 259
Trd, 2590995.096, 237
Trd, 2590995.396, 228
Trd, 2590996.163, 233
Trd, 2590997.279, 239
Trd, 2590997.696, 227
Trd, 2590998.429, 241
Trd, 2590998.963, 241
Trd, 2591000.546, 238
Trd, 2591000.646, 232
Trd, 2591000.979, 242
Trd, 2591002.163, 233
Trd, 2591002.179, 241
Trd, 2591002.363, 243
Trd, 2591003.346, 235
Trd, 2591003.613, 251
Trd, 2591004.579, 258
Trd, 2591005.113, 262
Trd, 2591005.163, 227
Trd, 2591005.896, 228
Trd, 2591007.763, 240
Trd, 2591008.829, 241
Trd, 2591009.079, 237
Trd, 2591009.229, 243
Trd, 2591010.313, 248
Trd, 2591010.413, 248
Trd, 2591012.546, 244
Trd, 2591012.913, 250
Trd, 2591012.979, 249
Trd, 2591013.329, 249
Trd, 2591013.596, 251
Trd, 2591014.013, 235
Trd, 2591014.179, 243
Trd, 2591015.096, 257
Trd, 2591015.213, 245
Trd, 2591015.329, 229
Trd, 2591016.096, 258
Trd, 2591016.996, 244
Trd, 2591017.546, 259
Trd, 2591018.746, 251
Trd, 2591020.263, 250
Trd, 2591021.596, 251
Trd, 2591022.213, 249
Trd, 2591022.446, 245
Trd, 2591022.579, 250
Trd, 2591023.329, 241
Trd, 2591024.829, 237
Trd, 2591024.963, 242
Trd, 2591025.379, 234
Trd, 2591025.879, 245
Trd, 2591026.213, 230
Trd, 2591026.596, 244
Trd, 2591026.879, 244
Trd, 2591029.029, 258
Trd, 2591030.213, 259
Trd, 2591030.263, 258
Trd, 2591030.679, 261
Trd, 2591031.379, 261
Trd, 2591031.396, 257
Trd, 2591031.696, 247
Trd, 2591031.979, 265
Trd, 2591032.046, 228
Trd, 2591033.496, 237
Trd, 2591033.979, 236
Trd, 2591034.129, 251
Trd, 2591034.313, 265
Trd, 2591035.929, 243
Trd, 2591036.563, 242
Trd, 2591037.346, 243
Trd, 2591038.029, 241
Trd, 2591038.063, 245
Trd, 2591039.113, 257
Trd, 2591039.246, 259
Trd, 2591039.529, 251
Trd, 2591039.846, 236
Trd, 2591039.946, 260
Trd, 2591040.229, 236
Trd, 2591040.413, 256
Trd, 2591041.813, 234
Trd, 2591043.679, 237
Trd, 2591045.179, 246
Trd, 2591045.246, 245
Trd, 2591046.313, 246
Trd, 2591046.329, 225
Trd, 2591046.963, 244
Trd, 2591047.546, 240
Trd, 2591047.663, 251
Trd, 2591048.279, 253
Trd, 2591048.363, 255
Trd, 2591049.129, 256
Trd, 2591049.446, 245
Trd, 2591050.396, 251
Trd, 2591050.779, 254
Trd, 2591050.796, 236
Trd, 2591051.313, 258
Trd, 2591052.846, 245
Trd, 2591053.579, 262
Trd, 2591054.013, 243
Trd, 2591055.029, 243
Trd, 2591056.313, 243
Trd, 2591056.929, 242
Trd, 2591057.446, 223
Trd, 2591058.179, 249
Trd, 2591058.479, 250
Trd, 2591059.446, 251
Trd, 2591059.679, 236
Trd, 2591060.146, 223
Trd, 2591060.246, 220
Trd, 2591060.263, 226
Trd, 2591060.563, 244
Trd, 2591061.413, 257
Trd, 2591061.479, 258
Trd, 2591061.796, 266
Trd, 2591062.096, 266
Trd, 2591062.496, 267
Trd, 2591063.613, 241
Trd, 2591063.879, 239
Trd, 2591065.896, 247
Trd, 2591066.463, 247
Trd, 2591067.529, 247
Trd, 2591068.013, 247
Trd, 2591068.329, 248
Trd, 2591068.846, 251
Trd, 2591069.379, 243
Trd, 2591069.763, 258
Trd, 2591069.896, 242
Trd, 2591070.413, 259
Trd, 2591070.763, 257
Trd, 2591071.529, 258
Trd, 2591073.029, 256
Trd, 2591073.213, 259
Trd, 2591074.746, 245
Trd, 2591076.279, 244
Trd, 2591076.629, 257
Trd, 2591076.663, 248
Trd, 2591076.913, 263
Trd, 2591077.563, 243
Trd, 2591077.863, 236
Trd, 2591078.463, 225
Trd, 2591078.663, 245
Trd, 2591079.379, 246
Trd, 2591080.613, 237
Trd, 2591081.213, 229
Trd, 2591081.846, 243
Trd, 2591082.063, 247
Trd, 2591082.563, 244
Trd, 2591082.679, 243
Trd, 2591083.696, 244
Trd, 2591085.213, 239
Trd, 2591085.613, 241
Trd, 2591086.213, 236
Trd, 2591086.813, 226
Trd, 2591086.996, 238
Trd, 2591087.229, 248
Trd, 2591088.313, 227
Trd, 2591089.463, 227
Trd, 2591090.446, 233
Trd, 2591090.746, 234
Trd, 2591092.363, 241
Trd, 2591092.413, 226
Trd, 2591093.279, 247
Trd, 2591093.296, 249
Trd, 2591093.329, 251
Trd, 2591093.696, 236
Trd, 2591094.879, 250
Trd, 2591095.013, 221
Trd, 2591095.896, 260
Trd, 2591097.829, 260
Trd, 2591098.379, 253
Trd, 2591099.279, 256
Trd, 2591099.363, 255
Trd, 2591099.479, 252
Trd, 2591099.613, 258
Trd, 2591099.946, 264
Trd, 2591100.813, 251
Trd, 2591101.079, 249
Trd, 2591101.896, 254
Trd, 2591102.463, 258
Trd, 2591103.163, 265
Trd, 2591104.013, 264
Trd, 2591104.346, 247
Trd, 2591104.846, 268
Trd, 2591105.329, 271
Trd, 2591105.729, 248
Trd, 2591108.646, 248
Trd, 2591108.863, 247
Trd, 2591109.013, 252
Trd, 2591109.246, 244
Trd, 2591109.513, 231
Trd, 2591109.996, 243
Trd, 2591111.729, 231
Trd, 2591111.796, 230
Trd, 2591112.329, 232
Trd, 2591112.646, 233
Trd, 2591112.796, 234
Trd, 2591113.163, 244
Trd, 2591113.179, 226
Trd, 2591113.929, 246
Trd, 2591114.663, 254
Trd, 2591114.746, 226
Trd, 2591115.829, 226
Trd, 2591117.179, 237
Trd, 2591117.329, 260
Trd, 2591117.696, 262
Trd, 2591119.896, 243
Trd, 2591120.279, 240
Trd, 2591121.629, 244
Trd, 2591121.929, 242
Trd, 2591122.279, 243
Trd, 2591122.779, 252
Trd, 2591122.913, 240
Trd, 2591123.129, 228
Trd, 2591123.729, 242
Trd, 2591124.513, 248
Trd, 2591124.646, 258
Trd, 2591125.029, 259
Trd, 2591125.429, 256
Trd, 2591125.496, 252
Trd, 2591125.529, 244
Trd, 2591127.813, 253
Trd, 2591128.879, 253
Trd, 2591128.996, 255
Trd, 2591129.679, 252
Trd, 2591131.129, 251
Trd, 2591131.996, 226
Trd, 2591133.663, 229
Trd, 2591134.046, 235
Trd, 2591134.063, 226
Trd, 2591134.329, 236
Trd, 2591134.779, 231
Trd, 2591134.829, 247
Trd, 2591134.996, 241
Trd, 2591135.546, 244
Trd, 2591136.929, 225
Trd, 2591137.429, 245
Trd, 2591137.646, 246
Trd, 2591139.263, 232
Trd, 2591139.413, 222
Trd, 2591139.579, 235
Trd, 2591141.063, 249
Trd, 2591142.163, 250
Trd, 2591142.546, 248
Trd, 2591142.746, 233
Trd, 2591143.513, 229
Trd, 2591143.846, 245
Trd, 2591144.313, 244
Trd, 2591145.013, 243
Trd, 2591146.446, 238
Trd, 2591146.879, 242
Trd, 2591147.429, 238
Trd, 2591147.863, 250
Trd, 2591147.896, 251
Trd, 2591149.046, 258
Trd, 2591149.913, 251
Trd, 2591150.413, 244
Trd, 2591150.796, 243
Trd, 2591151.596, 256
Trd, 2591151.863, 251
Trd, 2591152.896, 251
Trd, 2591153.263, 255
Trd, 2591154.246, 257
Trd, 2591154.363, 265
Trd, 2591154.379, 239
Trd, 2591155.013, 236
Trd, 2591155.563, 225
Trd, 2591155.796, 234
Trd, 2591156.596, 237
Trd, 2591158.329, 258
Trd, 2591158.346, 260
Trd, 2591159.213, 259
Trd, 2591159.679, 259
Trd, 2591159.746, 258
Trd, 2591160.163, 260
Trd, 2591161.746, 259
Trd, 2591162.129, 257
Trd, 2591162.229, 251
Trd, 2591162.479, 243
Trd, 2591162.779, 262
Trd, 2591163.296, 258
Trd, 2591164.379, 266
Trd, 2591165.046, 234
Trd, 2591165.613, 242
Trd, 2591165.629, 236
Trd, 2591165.846, 251
Trd, 2591165.929, 252
Trd, 2591168.213, 258
Trd, 2591168.779, 258
Trd, 2591168.879, 256
Trd, 2591168.996, 254
Trd, 2591169.546, 246
Trd, 2591171.346, 242
Trd, 2591171.379, 234
Trd, 2591172.379, 233
Trd, 2591172.679, 235
Trd, 2591173.063, 246
Trd, 2591173.163, 248
Trd, 2591174.713, 235
Trd, 2591175.096, 224
Trd, 2591175.763, 235
Trd, 2591175.829, 227
Trd, 2591176.013, 242
Trd, 2591176.513, 235
Trd, 2591176.563, 226
Trd, 2591176.646, 220
Trd, 2591177.296, 228
Trd, 2591178.146, 229
Trd, 2591178.729, 262
Trd, 2591180.029, 252
Trd, 2591180.429, 247
Trd, 2591180.596, 263
Trd, 2591181.563, 250
Trd, 2591181.613, 251
Trd, 2591182.913, 256
Trd, 2591183.446, 256
Trd, 2591183.479, 253
Trd, 2591184.779, 258
Trd, 2591186.279, 262
Trd, 2591186.496, 252
Trd, 2591187.579, 258
Trd, 2591188.179, 248
Trd, 2591188.713, 238
Trd, 2591188.913, 237
Trd, 2591189.029, 234
Trd, 2591189.346, 227
Trd, 2591190.696, 250
Trd, 2591191.179, 251
Trd, 2591191.579, 242
Trd, 2591192.946, 238
Trd, 2591193.179, 251
Trd, 2591193.346, 252
Trd, 2591193.846, 237
Trd, 2591194.046, 227
Trd, 2591194.096, 251
Trd, 2591194.629, 222
Trd, 2591195.629, 252
Trd, 2591195.829, 248
Trd, 2591196.896, 247
Trd, 2591197.079, 254
Trd, 2591197.879, 251
Trd, 2591200.363, 222
Trd, 2591200.963, 242
Trd, 2591201.229, 248
Trd, 2591202.696, 246
Trd, 2591202.863, 254
Trd, 2591203.446, 251
Trd, 2591203.479, 256
Trd, 2591204.113, 244
Trd, 2591204.296, 254
Trd, 2591205.363, 228
Trd, 2591205.463, 261
Trd, 2591205.979, 237
Trd, 2591207.146, 239
Trd, 2591207.263, 245
Trd, 2591207.613, 237
Trd, 2591208.113, 260
Trd, 2591208.379, 262
Trd, 2591209.496, 247
Trd, 2591210.413, 248
Trd, 2591210.713, 248
Trd, 2591210.729, 243
Trd, 2591210.746, 250
Trd, 2591212.179, 251
Trd, 2591212.596, 253
Trd, 2591213.413, 246
Trd, 2591214.279, 246
Trd, 2591214.846, 250
Trd, 2591215.079, 244
Trd, 2591216.279, 257
Trd, 2591216.529, 261
Trd, 2591218.346, 261
Trd, 2591218.713, 260
Trd, 2591219.513, 252
Trd, 2591219.579, 251
Trd, 2591219.646, 251
Trd, 2591219.813, 245
Trd, 2591222.363, 244
Trd, 2591223.229, 235
Trd, 2591223.446, 226
Trd, 2591223.846, 243
Trd, 2591224.363, 244
Trd, 2591224.446, 245
Trd, 2591225.879, 253
Trd, 2591225.996, 245
Trd, 2591226.363, 245
Trd, 2591226.413, 244
Trd, 2591226.613, 241
Trd, 2591227.213, 249
Trd, 2591227.829, 240
Trd, 2591228.413, 243
Trd, 2591228.579, 245
Trd, 2591230.779, 248
Trd, 2591231.446, 250
Trd, 2591231.629, 251
Trd, 2591232.429, 247
Trd, 2591232.463, 248
Trd, 2591232.679, 242
Trd, 2591233.296, 256
Trd, 2591234.329, 244
Trd, 2591234.713, 258
Trd, 2591235.513, 236
Trd, 2591236.396, 238
Trd, 2591236.529, 227
Trd, 2591236.629, 217
Trd, 2591236.813, 240
Trd, 2591237.429, 243
Trd, 2591238.113, 233
Trd, 2591238.696, 245
Trd, 2591239.363, 236
Trd, 2591240.029, 258
Trd, 2591241.813, 241
Trd, 2591242.863, 243
Trd, 2591243.096, 245
Trd, 2591244.429, 244
Trd, 2591245.996, 245
Trd, 2591246.246, 251
Trd, 2591247.146, 248
Trd, 2591247.763, 251
Trd, 2591248.013, 251
Trd, 2591248.396, 245
Trd, 2591248.946, 248
Trd, 2591249.263, 243
Trd, 2591250.029, 251
Trd, 2591250.879, 246
Trd, 2591251.296, 237
Trd, 2591251.613, 249
Trd, 2591252.429, 248
Trd, 2591252.929, 249
Trd, 2591253.013, 235
Trd, 2591253.629, 251
Trd, 2591254.363, 260
Trd, 2591254.529, 262
Trd, 2591254.796, 261
Trd, 2591254.963, 262
Trd, 2591255.046, 265
Trd, 2591255.313, 258
Trd, 2591255.546, 237
Trd, 2591257.079, 254
Trd, 2591257.529, 229
Trd, 2591257.563, 256
Trd, 2591258.413, 224
Trd, 2591259.013, 221
Trd, 2591259.896, 240
Trd, 2591259.996, 220
Trd, 2591260.879, 242
Trd, 2591262.896, 237
Trd, 2591263.479, 243
Trd, 2591264.013, 248
Trd, 2591265.163, 234
Trd, 2591265.463, 241
Trd, 2591266.029, 248
Trd, 2591267.463, 235
Trd, 2591268.179, 237
Trd, 2591268.229, 227
Trd, 2591268.813, 236
Trd, 2591269.096, 237
Trd, 2591270.163, 229
Trd, 2591270.379, 251
Trd, 2591270.529, 225
Trd, 2591270.563, 256
Trd, 2591271.329, 250
Trd, 2591271.679, 244
Trd, 2591271.696, 262
Trd, 2591271.713, 263
Trd, 2591271.979, 258
Trd, 2591273.296, 252
Trd, 2591274.263, 250
Trd, 2591274.513, 252
Trd, 2591275.363, 254
Trd, 2591275.613, 254
Trd, 2591276.413, 256
Trd, 2591276.763, 255
Trd, 2591278.396, 253
Trd, 2591278.779, 251
Trd, 2591278.796, 245
Trd, 2591278.829, 262
Trd, 2591279.013, 242
Trd, 2591279.363, 243
Trd, 2591279.513, 240
Trd, 2591280.329, 266
Trd, 2591281.396, 268
Trd, 2591281.829, 239
Trd, 2591282.263, 237
Trd, 2591283.063, 240
Trd, 2591283.629, 244
Trd, 2591285.246, 227
Trd, 2591286.229, 221
Trd, 2591287.046, 220
Trd, 2591287.429, 224
Trd, 2591287.529, 228
Trd, 2591288.813, 230
Trd, 2591289.679, 231
Trd, 2591289.763, 239
Trd, 2591290.663, 239
Trd, 2591290.829, 241
Trd, 2591291.046, 231
Trd, 2591291.579, 232
Trd, 2591291.613, 252
Trd, 2591291.913, 230
Trd, 2591293.213, 224
Trd, 2591293.446, 258
Trd, 2591294.646, 253
Trd, 2591294.796, 252
Trd, 2591295.413, 257
Trd, 2591297.396, 262
Trd, 2591297.763, 258
Trd, 2591298.413, 262
Trd, 2591298.513, 252
Trd, 2591299.646, 252
Trd, 2591299.679, 249
Trd, 2591300.529, 245
Trd, 2591300.879, 244
Trd, 2591301.263, 261
Trd, 2591301.929, 237
Trd, 2591302.096, 261
Trd, 2591302.796, 240
Trd, 2591303.229, 242
Trd, 2591303.446, 259
Trd, 2591303.879, 236
Trd, 2591304.696, 261
Trd, 2591305.596, 244
Trd, 2591306.679, 246
Trd, 2591307.129, 242
Trd, 2591308.896, 234
Trd, 2591309.296, 233
Trd, 2591310.346, 235
Trd, 2591310.879, 235
Trd, 2591311.679, 228
Trd, 2591311.696, 234
Trd, 2591311.813, 228
Trd, 2591312.613, 243
Trd, 2591312.696, 246
Trd, 2591313.696, 237
Trd, 2591315.229, 249
Trd, 2591316.713, 250
Trd, 2591316.846, 251
Trd, 2591317.246, 248
Trd, 2591317.796, 252
Trd, 2591318.546, 253
Trd, 2591318.729, 251
Trd, 2591318.813, 250
Trd, 2591319.079, 249
Trd, 2591319.179, 242
Trd, 2591319.713, 227
Trd, 2591319.996, 221
Trd, 2591320.796, 261
Trd, 2591322.029, 258
Trd, 2591322.079, 259
Trd, 2591323.063, 232
Trd, 2591323.679, 245
Trd, 2591323.913, 244
Trd, 2591324.596, 244
Trd, 2591325.096, 224
Trd, 2591325.263, 239
Trd, 2591325.379, 236
Trd, 2591325.763, 222
Trd, 2591327.413, 236
Trd, 2591328.546, 240
Trd, 2591328.679, 243
Trd, 2591329.879, 242
Trd, 2591331.046, 246
Trd, 2591331.213, 251
Trd, 2591331.279, 256
Trd, 2591333.963, 230
Trd, 2591334.563, 232
Trd, 2591335.979, 236
Trd, 2591336.246, 237
Trd, 2591336.279, 234
Trd, 2591336.729, 234
Trd, 2591337.079, 237
Trd, 2591337.213, 226
Trd, 2591338.096, 240
Trd, 2591338.246, 241
Trd, 2591339.396, 239
Trd, 2591339.679, 244
Trd, 2591340.213, 241
Trd, 2591342.213, 249
Trd, 2591343.079, 251
Trd, 2591343.313, 250
Trd, 2591343.513, 243
Trd, 2591345.146, 241
Trd, 2591345.313, 241
Trd, 2591345.913, 239
Trd, 2591347.796, 237
Trd, 2591347.813, 238
Trd, 2591348.479, 243
Trd, 2591348.496, 237
Trd, 2591348.513, 246
Trd, 2591348.829, 250
Trd, 2591348.846, 235
Trd, 2591349.279, 226
Trd, 2591350.579, 248
Trd, 2591351.396, 222
Trd, 2591352.613, 245
Trd, 2591353.329, 251
Trd, 2591353.913, 255
Trd, 2591354.063, 252
Trd, 2591355.896, 256
Trd, 2591356.479, 257
Trd, 2591357.046, 258
Trd, 2591357.096, 257
Trd, 2591357.129, 251
Trd, 2591358.163, 248
Trd, 2591358.646, 247
Trd, 2591360.563, 243
Trd, 2591360.596, 247
Trd, 2591360.846, 236
Trd, 2591360.979, 247
Trd, 2591361.079, 249
Trd, 2591362.963, 244
Trd, 2591363.246, 251
Trd, 2591363.446, 255
Trd, 2591364.229, 260
Trd, 2591364.563, 256
Trd, 2591364.596, 254
Trd, 2591364.929, 241
Trd, 2591365.546, 244
Trd, 2591365.696, 245
Trd, 2591366.946, 257
Trd, 2591367.463, 245
Trd, 2591367.579, 258
Trd, 2591368.196, 245
Trd, 2591368.946, 250
Trd, 2591369.196, 251
Trd, 2591369.829, 247
Trd, 2591371.179, 248
Trd, 2591371.279, 249
Trd, 2591371.446, 245
Trd, 2591372.163, 235
Trd, 2591372.696, 233
Trd, 2591372.946, 222
Trd, 2591375.513, 229
Trd, 2591377.213, 227
Trd, 2591378.363, 226
Trd, 2591378.579, 228
Trd, 2591378.996, 220
Trd, 2591379.479, 240
Trd, 2591379.696, 241
Trd, 2591379.746, 243
Trd, 2591380.229, 243
Trd, 2591381.513, 229
Trd, 2591381.913, 242
Trd, 2591382.196, 246
Trd, 2591383.129, 249
Trd, 2591383.796, 250
Trd, 2591383.863, 251
Trd, 2591384.129, 260
Trd, 2591384.446, 256
Trd, 2591385.079, 253
Trd, 2591385.779, 257
Trd, 2591386.796, 257
Trd, 2591387.929, 259
Trd, 2591387.946, 253
Trd, 2591388.096, 251
Trd, 2591388.279, 248
Trd, 2591388.579, 262
Trd, 2591388.846, 266
Trd, 2591389.029, 244
Trd, 2591390.579, 239
Trd, 2591390.996, 240
Trd, 2591392.079, 242
Trd, 2591392.646, 249
Trd, 2591393.096, 253
Trd, 2591393.329, 240
Trd, 2591395.129, 237
Trd, 2591395.579, 224
Trd, 2591395.763, 250
Trd, 2591396.729, 220
Trd, 2591397.746, 237
Trd, 2591398.346, 244
Trd, 2591399.263, 251
Trd, 2591399.896, 244
Trd, 2591399.979, 259
Trd, 2591400.979, 242
Trd, 2591401.246, 243
Trd, 2591401.429, 241
Trd, 2591401.913, 262
Trd, 2591402.196, 246
Trd, 2591402.813, 249
Trd, 2591402.879, 245
Trd, 2591403.213, 244
Trd, 2591403.346, 250
Trd, 2591403.496, 243
Trd, 2591404.613, 233
Trd, 2591404.863, 240
Trd, 2591405.163, 240
Trd, 2591406.029, 243
Trd, 2591406.246, 228
Trd, 2591407.379, 239
Trd, 2591407.413, 238
Trd, 2591407.813, 244
Trd, 2591409.646, 247
Trd, 2591411.613, 244
Trd, 2591411.796, 244
Trd, 2591412.396, 257
Trd, 2591412.729, 258
Trd, 2591413.896, 253
Trd, 2591414.296, 241
Trd, 2591414.563, 240
Trd, 2591414.729, 220
Trd, 2591414.946, 253
Trd, 2591416.363, 251
Trd, 2591416.413, 229
Trd, 2591416.863, 242
Trd, 2591417.013, 236
Trd, 2591417.379, 253
Trd, 2591418.479, 256
Trd, 2591418.929, 248
Trd, 2591418.963, 258
Trd, 2591420.129, 248
Trd, 2591420.613, 262
Trd, 2591422.813, 237
Trd, 2591423.663, 236
Trd, 2591424.179, 233
Trd, 2591424.279, 234
Trd, 2591424.329, 246
Trd, 2591424.629, 240
Trd, 2591424.663, 245
Trd, 2591426.196, 259
Trd, 2591426.279, 248
Trd, 2591427.513, 247
Trd, 2591428.313, 250
Trd, 2591428.713, 246
Trd, 2591429.246, 251
Trd, 2591429.446, 258
Trd, 2591429.963, 245
Trd, 2591431.446, 225
Trd, 2591432.929, 245
Trd, 2591433.713, 247
Trd, 2591434.013, 253
Trd, 2591434.679, 244
Trd, 2591434.913, 243
Trd, 2591436.196, 244
Trd, 2591436.746, 247
Trd, 2591436.929, 237
Trd, 2591437.729, 242
Trd, 2591437.863, 245
Trd, 2591438.779, 239
Trd, 2591439.296, 245
Trd, 2591439.963, 252
Trd, 2591441.246, 245
Trd, 2591441.263, 243
Trd, 2591442.263, 255
Trd, 2591443.379, 258
Trd, 2591443.613, 251
Trd, 2591443.996, 257
Trd, 2591444.496, 243
Trd, 2591445.113, 252
Trd, 2591445.146, 235
Trd, 2591445.746, 262
Trd, 2591446.296, 249
Trd, 2591446.429, 248
Trd, 2591446.663, 244
Trd, 2591447.896, 257
Trd, 2591449.046, 247
Trd, 2591449.863, 240
Trd, 2591450.529, 243
Trd, 2591451.029, 257
Trd, 2591451.779, 238
Trd, 2591452.246, 258
Trd, 2591454.979, 255
Trd, 2591455.196, 259
Trd, 2591455.679, 258
Trd, 2591456.229, 258
Trd, 2591456.763, 265
Trd, 2591458.263, 260
Trd, 2591458.363, 258
Trd, 2591458.846, 257
Trd, 2591459.396, 256
Trd, 2591460.546, 244
Trd, 2591460.863, 243
Trd, 2591461.079, 244
Trd, 2591461.246, 255
Trd, 2591461.496, 257
Trd, 2591461.529, 265
Trd, 2591461.679, 266
Trd, 2591462.129, 237
Trd, 2591462.363, 235
Trd, 2591462.646, 249
Trd, 2591463.579, 232
Trd, 2591464.229, 241
Trd, 2591464.263, 252
Trd, 2591465.879, 252
Trd, 2591465.913, 268
Trd, 2591466.263, 244
Trd, 2591466.479, 226
Trd, 2591466.613, 245
Trd, 2591467.029, 221
Trd, 2591467.263, 258
Trd, 2591468.329, 243
Trd, 2591468.596, 242
Trd, 2591469.646, 234
Trd, 2591470.179, 229
Trd, 2591471.596, 253
Trd, 2591472.079, 249
Trd, 2591473.746, 250
Trd, 2591475.479, 251
Trd, 2591475.613, 249
Trd, 2591476.029, 248
Trd, 2591476.113, 243
Trd, 2591476.313, 232
Trd, 2591476.479, 248
Trd, 2591477.429, 250
Trd, 2591477.879, 231
Trd, 2591477.913, 235
Trd, 2591478.679, 250
Trd, 2591478.896, 252
Trd, 2591479.929, 254
Trd, 2591481.563, 254
Trd, 2591482.013, 260
Trd, 2591482.196, 249
Trd, 2591482.546, 247
Trd, 2591483.046, 256
Trd, 2591483.396, 256
Trd, 2591483.829, 258
Trd, 2591484.029, 246
Trd, 2591484.396, 244
Trd, 2591485.213, 260
Trd, 2591486.096, 265
Trd, 2591486.529, 238
Trd, 2591486.579, 235
Trd, 2591487.446, 258
Trd, 2591487.496, 259
Trd, 2591487.746, 269
Trd, 2591487.946, 226
Trd, 2591489.179, 247
Trd, 2591489.996, 245
Trd, 2591490.079, 221
Trd, 2591490.429, 222
Trd, 2591492.113, 241
Trd, 2591493.463, 239
Trd, 2591494.179, 250
Trd, 2591495.696, 240
Trd, 2591496.463, 241
Trd, 2591496.629, 240
Trd, 2591497.129, 253
Trd, 2591497.296, 254
Trd, 2591497.413, 252
Trd, 2591497.546, 236
Trd, 2591499.729, 238
Trd, 2591499.746, 236
Trd, 2591500.029, 242
Trd, 2591500.079, 243
Trd, 2591500.346, 227
Trd, 2591500.363, 220
Trd, 2591501.346, 244
Trd, 2591501.363, 245
Trd, 2591502.079, 259
Trd, 2591502.779, 264
Trd, 2591503.079, 265
Trd, 2591503.463, 266
Trd, 2591503.863, 225
Trd, 2591504.213, 254
Trd, 2591505.879, 222
Trd, 2591507.246, 258
Trd, 2591507.563, 241
Trd, 2591508.746, 235
Trd, 2591510.396, 238
Trd, 2591510.729, 240
Trd, 2591511.146, 240
Trd, 2591511.363, 240
Trd, 2591511.446, 243
Trd, 2591512.163, 243
Trd, 2591512.746, 244
Trd, 2591513.546, 249
Trd, 2591513.713, 248
Trd, 2591513.813, 259
Trd, 2591513.996, 243
Trd, 2591514.429, 258
Trd, 2591514.663, 237
Trd, 2591515.713, 262
Trd, 2591515.779, 220
Trd, 2591517.279, 246
Trd, 2591519.213, 242
Trd, 2591519.513, 247
Trd, 2591520.229, 244
Trd, 2591521.546, 245
Trd, 2591521.963, 245
Trd, 2591522.246, 245
Trd, 2591522.463, 244
Trd, 2591522.713, 234
Trd, 2591522.763, 247
Trd, 2591522.879, 251
Trd, 2591523.413, 230
Trd, 2591524.229, 243
Trd, 2591524.263, 244
Trd, 2591525.963, 253
Trd, 2591526.163, 234
Trd, 2591526.196, 244
Trd, 2591526.979, 260
Trd, 2591528.929, 251
Trd, 2591529.429, 256
Trd, 2591530.263, 258
Trd, 2591531.246, 256
Trd, 2591531.579, 256
Trd, 2591532.063, 257
Trd, 2591532.229, 257
Trd, 2591532.563, 256
Trd, 2591533.263, 251
Trd, 2591533.546, 246
Trd, 2591534.863, 229
Trd, 2591535.163, 249
Trd, 2591537.363, 237
Trd, 2591537.613, 237
Trd, 2591537.629, 238
Trd, 2591538.013, 265
Trd, 2591539.246, 237
Trd, 2591540.729, 242
Trd, 2591541.396, 245
Trd, 2591541.596, 244
Trd, 2591541.613, 251
Trd, 2591541.863, 243
Trd, 2591542.346, 243
Trd, 2591542.529, 251
Trd, 2591542.746, 248
Trd, 2591543.079, 236
Trd, 2591543.796, 240
Trd, 2591543.813, 253
Trd, 2591544.796, 227
Trd, 2591545.263, 254
Trd, 2591546.379, 234
Trd, 2591546.863, 222
Trd, 2591547.129, 220
Trd, 2591547.696, 229
Trd, 2591548.113, 231
Trd, 2591548.346, 226
Trd, 2591549.463, 240
Trd, 2591550.229, 235
Trd, 2591550.596, 240
Trd, 2591552.196, 241
Trd, 2591552.329, 247
Trd, 2591552.696, 251
Trd, 2591552.779, 258
Trd, 2591553.029, 240
Trd, 2591554.046, 240
Trd, 2591554.129, 258
Trd, 2591554.763, 256
Trd, 2591555.129, 237
Trd, 2591556.179, 261
Trd, 2591557.896, 246
Trd, 2591558.146, 245
Trd, 2591558.429, 247
Trd, 2591559.779, 258
Trd, 2591559.896, 247
Trd, 2591560.129, 246
Trd, 2591560.429, 244
Trd, 2591560.979, 248
Trd, 2591561.679, 247
Trd, 2591562.229, 256
Trd, 2591562.529, 253
Trd, 2591562.613, 226
Trd, 2591564.546, 230
Trd, 2591565.846, 221
Trd, 2591566.179, 234
Trd, 2591567.879, 239
Trd, 2591568.496, 242
Trd, 2591568.629, 235
Trd, 2591569.196, 243
Trd, 2591569.429, 259
Trd, 2591569.629, 253
Trd, 2591569.763, 235
Trd, 2591571.329, 248
Trd, 2591571.513, 253
Trd, 2591571.963, 260
Trd, 2591572.046, 253
Trd, 2591572.913, 247
Trd, 2591573.046, 246
Trd, 2591573.446, 256
Trd, 2591574.146, 256
Trd, 2591574.179, 237
Trd, 2591574.713, 247
Trd, 2591575.079, 255
Trd, 2591576.963, 248
Trd, 2591577.129, 244
Trd, 2591577.729, 262
Trd, 2591577.979, 261
Trd, 2591579.979, 256
Trd, 2591580.513, 239
Trd, 2591580.863, 256
Trd, 2591581.613, 253
Trd, 2591582.079, 244
Trd, 2591584.613, 246
Trd, 2591585.563, 251
Trd, 2591585.613, 249
Trd, 2591586.679, 252
Trd, 2591586.729, 254
Trd, 2591586.829, 257
Trd, 2591586.946, 248
Trd, 2591586.963, 245
Trd, 2591587.863, 235
Trd, 2591588.129, 234
Trd, 2591588.329, 225
Trd, 2591588.913, 246
Trd, 2591591.279, 245
Trd, 2591592.229, 243
Trd, 2591592.729, 240
Trd, 2591593.496, 237
Trd, 2591594.013, 239
Trd, 2591594.346, 241
Trd, 2591594.463, 244
Trd, 2591595.096, 242
Trd, 2591595.279, 259
Trd, 2591596.696, 228
Trd, 2591597.479, 245
Trd, 2591598.163, 242
Trd, 2591598.813, 262
Trd, 2591599.963, 247
Trd, 2591600.379, 262
Trd, 2591600.429, 251
Trd, 2591601.646, 251
Trd, 2591601.779, 250
Trd, 2591602.063, 262
Trd, 2591602.129, 248
Trd, 2591602.346, 250
Trd, 2591602.779, 251
Trd, 2591603.396, 256
Trd, 2591603.613, 258
Trd, 2591604.579, 236
Trd, 2591605.329, 247
Trd, 2591606.029, 260
Trd, 2591606.429, 241
Trd, 2591606.663, 265
Trd, 2591608.496, 238
Trd, 2591609.196, 238
Trd, 2591609.363, 242
Trd, 2591609.863, 237
Trd, 2591610.946, 245
Trd, 2591611.546, 245
Trd, 2591611.863, 246
Trd, 2591611.896, 228
Trd, 2591612.896, 252
Trd, 2591613.513, 234
Trd, 2591614.029, 248
Trd, 2591614.063, 227
Trd, 2591615.229, 234
Trd, 2591615.979, 230
Trd, 2591616.979, 227
Trd, 2591618.496, 253
Trd, 2591619.129, 254
Trd, 2591619.596, 258
Trd, 2591619.796, 251
Trd, 2591620.796, 248
Trd, 2591621.096, 245
Trd, 2591621.329, 256
Trd, 2591621.779, 244
Trd, 2591622.046, 237
Trd, 2591623.213, 237
Trd, 2591623.579, 240
Trd, 2591623.646, 241
Trd, 2591623.746, 248
Trd, 2591624.179, 259
Trd, 2591624.346, 248
Trd, 2591625.229, 263
Trd, 2591625.979, 256
Trd, 2591626.163, 247
Trd, 2591627.196, 247
Trd, 2591627.696, 228
Trd, 2591629.146, 231
Trd, 2591629.679, 229
Trd, 2591630.229, 229
Trd, 2591631.096, 231
Trd, 2591631.529, 228
Trd, 2591631.846, 234
Trd, 2591633.129, 237
Trd, 2591633.263, 242
Trd, 2591633.363, 235
Trd, 2591633.913, 252
Trd, 2591634.013, 256
Trd, 2591634.146, 248
Trd, 2591634.163, 237
Trd, 2591634.479, 237
Trd, 2591634.629, 227
Trd, 2591635.896, 248
Trd, 2591636.813, 249
Trd, 2591636.846, 250
Trd, 2591637.963, 248
Trd, 2591638.663, 246
Trd, 2591639.013, 254
Trd, 2591639.463, 257
Trd, 2591641.863, 252
Trd, 2591642.646, 249
Trd, 2591643.179, 245
Trd, 2591643.879, 243
Trd, 2591645.129, 254
Trd, 2591645.463, 248
Trd, 2591645.529, 255
Trd, 2591646.696, 235
Trd, 2591647.129, 256
Trd, 2591647.646, 232
Trd, 2591647.896, 255
Trd, 2591648.696, 236
Trd, 2591649.813, 245
Trd, 2591650.563, 234
Trd, 2591651.013, 251
Trd, 2591651.479, 258
Trd, 2591652.413, 239
Trd, 2591653.379, 244
Trd, 2591653.496, 238
Trd, 2591653.513, 255
Trd, 2591654.646, 252
Trd, 2591655.246, 252
Trd, 2591655.746, 251
Trd, 2591656.446, 252
Trd, 2591657.146, 249
Trd, 2591657.379, 248
Trd, 2591657.946, 244
Trd, 2591659.929, 246
Trd, 2591660.046, 247
Trd, 2591660.513, 244
Trd, 2591660.763, 236
Trd, 2591661.196, 251
Trd, 2591662.296, 257
Trd, 2591662.613, 251
Trd, 2591662.846, 237
Trd, 2591663.546, 240
Trd, 2591663.929, 231
Trd, 2591664.296, 263
Trd, 2591665.029, 250
Trd, 2591665.613, 249
Trd, 2591666.496, 249
Trd, 2591666.829, 251
Trd, 2591667.346, 249
Trd, 2591668.079, 258
Trd, 2591669.079, 248
Trd, 2591669.679, 244
Trd, 2591670.379, 243
Trd, 2591670.696, 237
Trd, 2591671.929, 256
Trd, 2591673.646, 233
Trd, 2591673.763, 249
Trd, 2591674.579, 251
Trd, 2591675.063, 229
Trd, 2591675.179, 227
Trd, 2591677.246, 251
Trd, 2591677.346, 252
Trd, 2591677.479, 224
Trd, 2591677.763, 241
Trd, 2591677.946, 252
Trd, 2591678.146, 220
Trd, 2591678.429, 220
Trd, 2591678.763, 244
Trd, 2591678.813, 261
Trd, 2591678.913, 263
Trd, 2591680.596, 239
Trd, 2591682.379, 247
Trd, 2591683.346, 248
Trd, 2591683.763, 248
Trd, 2591684.696, 250
Trd, 2591685.529, 251
Trd, 2591686.096, 258
Trd, 2591686.229, 260
Trd, 2591686.879, 258
Trd, 2591687.196, 264
Trd, 2591687.979, 253
Trd, 2591688.396, 265
Trd, 2591689.079, 266
Trd, 2591689.246, 246
Trd, 2591689.313, 243
Trd, 2591692.713, 243
Trd, 2591692.763, 242
Trd, 2591692.896, 241
Trd, 2591693.213, 238
Trd, 2591693.296, 240
Trd, 2591693.329, 242
Trd, 2591695.146, 242
Trd, 2591695.246, 236
Trd, 2591696.246, 237
Trd, 2591696.546, 226
Trd, 2591696.579, 220
Trd, 2591696.613, 217
Trd, 2591696.679, 244
Trd, 2591697.296, 244
Trd, 2591697.463, 243
Trd, 2591699.729, 236
Trd, 2591701.346, 245
Trd, 2591701.646, 246
Trd, 2591701.663, 247
Trd, 2591702.513, 243
Trd, 2591702.646, 246
Trd, 2591703.346, 252
Trd, 2591703.496, 258
Trd, 2591703.596, 246
Trd, 2591704.079, 265
Trd, 2591704.113, 246
Trd, 2591704.129, 266
Trd, 2591704.179, 245
Trd, 2591704.246, 227
Trd, 2591704.413, 226
Trd, 2591706.179, 214
Trd, 2591706.763, 231
Trd, 2591707.713, 235
Trd, 2591707.979, 227
Trd, 2591708.079, 250
Trd, 2591708.846, 252
Trd, 2591709.063, 236
Trd, 2591709.996, 256
Trd, 2591710.829, 248
Trd, 2591712.713, 251
Trd, 2591713.213, 254
Trd, 2591713.496, 253
Trd, 2591713.829, 257
Trd, 2591714.763, 244
Trd, 2591715.129, 224
Trd, 2591715.829, 257
Trd, 2591716.146, 258
Trd, 2591716.163, 260
Trd, 2591716.713, 244
Trd, 2591717.146, 248
Trd, 2591717.713, 246
Trd, 2591718.429, 263
Trd, 2591720.446, 255
Trd, 2591720.663, 266
Trd, 2591721.729, 248
Trd, 2591722.029, 250
Trd, 2591722.913, 244
Trd, 2591723.413, 246
Trd, 2591723.979, 257
Trd, 2591724.346, 244
Trd, 2591724.513, 240
Trd, 2591725.813, 255
Trd, 2591727.329, 227
Trd, 2591728.346, 240
Trd, 2591729.463, 237
Trd, 2591729.713, 248
Trd, 2591730.013, 220
Trd, 2591730.263, 251
Trd, 2591730.613, 236
Trd, 2591731.129, 259
Trd, 2591731.979, 244
Trd, 2591732.763, 248
Trd, 2591733.346, 248
Trd, 2591733.363, 256
Trd, 2591734.146, 256
Trd, 2591734.379, 248
Trd, 2591735.779, 256
Trd, 2591736.063, 250
Trd, 2591736.346, 236
Trd, 2591736.579, 224
Trd, 2591737.229, 245
Trd, 2591738.279, 252
Trd, 2591739.779, 256
Trd, 2591740.096, 256
Trd, 2591740.446, 257
Trd, 2591741.146, 255
Trd, 2591741.763, 252
Trd, 2591742.363, 252
Trd, 2591742.796, 251
Trd, 2591743.129, 244
Trd, 2591743.713, 258
Trd, 2591743.779, 262
Trd, 2591744.163, 268
Trd, 2591744.296, 261
Trd, 2591744.763, 244
Trd, 2591744.829, 244
Trd, 2591744.963, 222
Trd, 2591745.046, 223
Trd, 2591745.096, 263
Trd, 2591746.213, 245
Trd, 2591746.313, 226
Trd, 2591747.063, 220
Trd, 2591747.329, 217
Trd, 2591747.496, 265
Trd, 2591748.096, 217
Trd, 2591748.829, 262
Trd, 2591750.029, 254
Trd, 2591751.579, 239
Trd, 2591751.596, 251
Trd, 2591751.779, 239
Trd, 2591752.246, 233
Trd, 2591753.596, 240
Trd, 2591754.229, 243
Trd, 2591754.313, 243
Trd, 2591755.579, 228
Trd, 2591755.629, 238
Trd, 2591756.529, 239
Trd, 2591756.563, 240
Trd, 2591757.129, 241
Trd, 2591758.379, 229
Trd, 2591759.296, 252
Trd, 2591760.196, 229
Trd, 2591760.346, 247
Trd, 2591760.696, 248
Trd, 2591761.446, 258
Trd, 2591763.263, 235
Trd, 2591763.579, 256
Trd, 2591763.713, 257
Trd, 2591763.813, 248
Trd, 2591764.046, 252
Trd, 2591764.446, 242
Trd, 2591766.079, 258
Trd, 2591766.396, 247
Trd, 2591767.313, 259
Trd, 2591767.413, 248
Trd, 2591767.463, 260
Trd, 2591767.979, 247
Trd, 2591768.846, 253
Trd, 2591770.196, 245
Trd, 2591770.396, 243
Trd, 2591770.613, 244
Trd, 2591772.246, 249
Trd, 2591772.446, 258
Trd, 2591772.779, 246
Trd, 2591774.463, 264
Trd, 2591774.513, 247
Trd, 2591776.063, 259
Trd, 2591776.179, 244
Trd, 2591776.579, 243
Trd, 2591776.779, 263
Trd, 2591777.029, 250
Trd, 2591778.263, 257
Trd, 2591778.796, 246
Trd, 2591779.296, 241
Trd, 2591779.396, 237
Trd, 2591780.729, 230
Trd, 2591782.746, 238
Trd, 2591783.713, 241
Trd, 2591784.529, 237
Trd, 2591784.563, 226
Trd, 2591784.646, 239
Trd, 2591784.846, 241
Trd, 2591784.979, 243
Trd, 2591785.529, 237
Trd, 2591785.996, 245
Trd, 2591786.579, 248
Trd, 2591786.713, 251
Trd, 2591787.329, 236
Trd, 2591788.096, 229
Trd, 2591789.779, 250
Trd, 2591790.029, 251
Trd, 2591790.679, 256
Trd, 2591790.879, 265
Trd, 2591791.479, 242
Trd, 2591792.479, 253
Trd, 2591792.813, 253
Trd, 2591793.079, 252
Trd, 2591794.396, 251
Trd, 2591794.529, 253
Trd, 2591795.113, 252
Trd, 2591795.829, 230
Trd, 2591796.079, 241
Trd, 2591796.546, 243
Trd, 2591797.796, 244
Trd, 2591798.179, 225
Trd, 2591800.329, 258
Trd, 2591800.913, 249
Trd, 2591800.929, 258
Trd, 2591801.279, 251
Trd, 2591801.329, 250
Trd, 2591801.413, 251
Trd, 2591803.963, 253
Trd, 2591804.213, 252
Trd, 2591804.263, 251
Trd, 2591804.796, 257
Trd, 2591804.846, 247
Trd, 2591805.413, 238
Trd, 2591805.529, 237
Trd, 2591806.146, 220
Trd, 2591806.196, 238
Trd, 2591807.713, 245
Trd, 2591808.546, 223
Trd, 2591808.879, 250
Trd, 2591809.546, 245
Trd, 2591810.063, 222
Trd, 2591812.329, 264
Trd, 2591812.629, 248
Trd, 2591812.913, 263
Trd, 2591813.779, 253
Trd, 2591813.946, 240
Trd, 2591813.963, 239
Trd, 2591814.346, 243
Trd, 2591815.496, 254
Trd, 2591815.596, 242
Trd, 2591816.529, 258
Trd, 2591819.946, 257
Trd, 2591819.963, 254
Trd, 2591820.029, 252
Trd, 2591820.829, 251
Trd, 2591820.963, 249
Trd, 2591821.579, 244
Trd, 2591821.696, 250
Trd, 2591821.913, 251
Trd, 2591822.013, 262
Trd, 2591822.479, 243
Trd, 2591822.679, 264
Trd, 2591823.679, 252
Trd, 2591823.746, 248
Trd, 2591825.013, 242
Trd, 2591825.196, 240
Trd, 2591825.363, 241
Trd, 2591826.229, 237
Trd, 2591826.363, 238
Trd, 2591826.463, 243
Trd, 2591827.229, 246
Trd, 2591827.763, 245
Trd, 2591827.946, 244
Trd, 2591828.413, 253
Trd, 2591830.579, 247
Trd, 2591830.879, 246
Trd, 2591832.329, 243
Trd, 2591833.763, 232
Trd, 2591834.013, 236
Trd, 2591835.313, 246
Trd, 2591835.413, 238
Trd, 2591836.279, 249
Trd, 2591836.429, 247
Trd, 2591837.596, 237
Trd, 2591838.079, 250
Trd, 2591838.896, 238
Trd, 2591839.679, 259
Trd, 2591840.379, 264
Trd, 2591840.479, 262
Trd, 2591840.513, 261
Trd, 2591840.729, 259
Trd, 2591841.646, 258
Trd, 2591841.679, 263
Trd, 2591841.996, 251
Trd, 2591842.546, 227
Trd, 2591843.229, 252
Trd, 2591843.713, 234
Trd, 2591845.196, 239
Trd, 2591846.379, 234
Trd, 2591847.279, 238
Trd, 2591847.446, 232
Trd, 2591847.679, 231
Trd, 2591847.946, 242
Trd, 2591850.146, 243
Trd, 2591850.429, 244
Trd, 2591850.613, 252
Trd, 2591851.296, 238
Trd, 2591851.513, 242
Trd, 2591851.879, 235
Trd, 2591853.113, 238
Trd, 2591853.796, 234
Trd, 2591854.013, 260
Trd, 2591855.513, 240
Trd, 2591855.863, 239
Trd, 2591855.963, 232
Trd, 2591856.979, 231
Trd, 2591856.996, 237
Trd, 2591858.179, 238
Trd, 2591858.413, 238
Trd, 2591858.696, 238
Trd, 2591859.529, 235
Trd, 2591859.696, 242
Trd, 2591860.029, 231
Trd, 2591860.213, 244
Trd, 2591860.413, 231
Trd, 2591861.763, 253
Trd, 2591862.013, 233
Trd, 2591863.329, 228
Trd, 2591863.646, 254
Trd, 2591863.729, 258
Trd, 2591864.663, 264
Trd, 2591865.479, 255
Trd, 2591866.779, 256
Trd, 2591867.746, 256
Trd, 2591867.829, 256
Trd, 2591867.946, 255
Trd, 2591868.546, 255
Trd, 2591869.063, 258
Trd, 2591870.413, 248
Trd, 2591870.663, 248
Trd, 2591871.679, 245
Trd, 2591873.096, 244
Trd, 2591873.196, 259
Trd, 2591873.413, 245
Trd, 2591873.679, 262
Trd, 2591874.013, 244
Trd, 2591874.396, 234
Trd, 2591875.279, 233
Trd, 2591876.313, 240
Trd, 2591876.696, 241
Trd, 2591877.579, 241
Trd, 2591878.046, 241
Trd, 2591878.329, 250
Trd, 2591878.496, 248
Trd, 2591878.579, 253
Trd, 2591878.879, 236
Trd, 2591879.496, 255
Trd, 2591880.396, 235
Trd, 2591881.546, 262
Trd, 2591881.879, 232
Trd, 2591882.446, 262
Trd, 2591883.496, 234
Trd, 2591883.713, 264
Trd, 2591883.929, 265
Trd, 2591884.413, 233
Trd, 2591885.313, 237
Trd, 2591885.829, 238
Trd, 2591886.296, 237
Trd, 2591886.529, 239
Trd, 2591886.729, 241
Trd, 2591886.846, 242
Trd, 2591887.929, 245
Trd, 2591888.346, 227
Trd, 2591888.763, 241
Trd, 2591889.763, 258
Trd, 2591891.346, 228
Trd, 2591893.129, 261
Trd, 2591893.813, 260
Trd, 2591893.879, 259
Trd, 2591894.213, 257
Trd, 2591894.629, 251
Trd, 2591894.763, 258
Trd, 2591895.029, 248
Trd, 2591896.496, 248
Trd, 2591897.363, 247
Trd, 2591898.546, 244
Trd, 2591898.813, 237
Trd, 2591899.546, 236
Trd, 2591899.896, 241
Trd, 2591900.929, 226
Trd, 2591901.213, 227
Trd, 2591903.329, 246
Trd, 2591903.579, 233
Trd, 2591903.779, 234
Trd, 2591903.813, 235
Trd, 2591903.913, 232
Trd, 2591904.279, 250
Trd, 2591905.496, 252
Trd, 2591905.879, 251
Trd, 2591906.313, 248
Trd, 2591906.929, 252
Trd, 2591907.179, 258
Trd, 2591907.213, 265
Trd, 2591907.446, 240
Trd, 2591907.663, 238
Trd, 2591907.713, 258
Trd, 2591909.146, 231
Trd, 2591909.979, 227
Trd, 2591910.696, 227
Trd, 2591912.646, 233
Trd, 2591913.446, 230
Trd, 2591913.746, 231
Trd, 2591913.846, 235
Trd, 2591914.513, 241
Trd, 2591915.246, 238
Trd, 2591915.829, 232
Trd, 2591917.329, 239
Trd, 2591917.879, 233
Trd, 2591917.996, 232
Trd, 2591918.063, 242
Trd, 2591918.179, 247
Trd, 2591919.146, 241
Trd, 2591920.429, 251
Trd, 2591921.779, 244
Trd, 2591922.713, 245
Trd, 2591923.263, 247
Trd, 2591923.563, 245
Trd, 2591923.746, 248
Trd, 2591923.913, 254
Trd, 2591924.563, 239
Trd, 2591924.829, 233
Trd, 2591924.913, 220
Trd, 2591925.379, 234
Trd, 2591925.963, 227
Trd, 2591926.329, 251
Trd, 2591927.746, 221
Trd, 2591928.096, 241
Trd, 2591930.263, 241
Trd, 2591930.663, 237
Trd, 2591931.063, 241
Trd, 2591931.863, 242
Trd, 2591933.113, 243
Trd, 2591933.246, 246
Trd, 2591933.263, 241
Trd, 2591933.546, 248
Trd, 2591934.879, 244
Trd, 2591935.046, 237
Trd, 2591935.229, 253
Trd, 2591937.496, 254
Trd, 2591937.546, 253
Trd, 2591937.579, 251
Trd, 2591938.263, 259
Trd, 2591938.313, 246
Trd, 2591938.713, 242
Trd, 2591938.946, 258
Trd, 2591940.079, 261
Trd, 2591940.163, 258
Trd, 2591940.879, 238
Trd, 2591941.279, 239
Trd, 2591941.829, 249
Trd, 2591942.963, 255
Trd, 2591944.229, 261
Trd, 2591945.713, 247
Trd, 2591945.929, 251
Trd, 2591946.513, 242
Trd, 2591947.396, 258
Trd, 2591947.963, 267
Trd, 2591948.929, 234
Trd, 2591949.429, 258
Trd, 2591949.713, 228
Trd, 2591951.396, 238
Trd, 2591951.529, 236
Trd, 2591951.563, 239
Trd, 2591951.829, 232
Trd, 2591952.613, 240
Trd, 2591952.746, 231
Trd, 2591952.863, 244
Trd, 2591953.563, 251
Trd, 2591955.379, 246
Trd, 2591957.146, 254
Trd, 2591957.179, 246
Trd, 2591957.913, 239
Trd, 2591958.196, 234
Trd, 2591958.913, 242
Trd, 2591959.646, 242
Trd, 2591960.963, 239
Trd, 2591961.279, 240
Trd, 2591961.863, 246
Trd, 2591962.146, 255
Trd, 2591962.479, 236
Trd, 2591962.646, 236
Trd, 2591963.363, 235
Trd, 2591964.113, 245
Trd, 2591964.296, 256
Trd, 2591964.963, 262
Trd, 2591965.079, 241
Trd, 2591966.413, 244
Trd, 2591966.913, 225
Trd, 2591968.046, 237
Trd, 2591968.129, 247
Trd, 2591968.296, 231
Trd, 2591968.829, 243
Trd, 2591969.563, 260
Trd, 2591970.313, 236
Trd, 2591970.629, 243
Trd, 2591970.963, 237
Trd, 2591971.429, 242
Trd, 2591972.813, 244
Trd, 2591973.129, 249
Trd, 2591973.196, 251
Trd, 2591974.296, 246
Trd, 2591975.346, 247
Trd, 2591977.913, 248
Trd, 2591979.513, 249
Trd, 2591979.596, 248
Trd, 2591979.813, 250
Trd, 2591980.046, 251
Trd, 2591980.696, 252
Trd, 2591981.496, 253
Trd, 2591981.579, 245
Trd, 2591981.829, 244
Trd, 2591983.379, 241
Trd, 2591983.496, 238
Trd, 2591984.046, 238
Trd, 2591984.213, 241
Trd, 2591984.996, 237
Trd, 2591985.029, 252
Trd, 2591985.296, 258
Trd, 2591985.396, 261
Trd, 2591985.613, 227
Trd, 2591988.313, 235
Trd, 2591989.196, 236
Trd, 2591989.213, 234
Trd, 2591989.446, 246
Trd, 2591989.796, 244
Trd, 2591990.146, 221
Trd, 2591990.596, 223
Trd, 2591991.529, 260
Trd, 2591992.396, 244
Trd, 2591993.013, 234
Trd, 2591993.563, 254
Trd, 2591994.063, 248
Trd, 2591995.396, 248
Trd, 2591995.463, 253
Trd, 2591995.563, 247
Trd, 2591996.829, 252
Trd, 2591997.546, 263
Trd, 2591998.013, 250
Trd, 2591998.029, 252
Trd, 2591998.779, 250
Trd, 2591999.013, 249
Trd, 2591999.779, 250
Trd, 2591999.946, 245
