Trd, 2590682.446, 248
Trd, 2590682.746, 254
Trd, 2590683.879, 259
Trd, 2590684.663, 255
Trd, 2590685.146, 254
Trd, 2590685.246, 258
Trd, 2590685.479, 248
Trd, 2590685.579, 244
Trd, 2590686.229, 265
Trd, 2590688.046, 247
Trd, 2590688.763, 264
Trd, 2590691.246, 256
Trd, 2590691.396, 238
Trd, 2590691.929, 258
Trd, 2590692.296, 236
Trd, 2590692.363, 257
Trd, 2590693.796, 249
Trd, 2590694.329, 240
Trd, 2590694.946, 239
Trd, 2590695.363, 250
Trd, 2590695.846, 239
Trd, 2590696.196, 251
Trd, 2590696.613, 258
Trd, 2590697.646, 242
Trd, 2590697.729, 241
Trd, 2590698.513, 262
Trd, 2590698.629, 265
Trd, 2590698.763, 258
Trd, 2590699.329, 251
Trd, 2590699.479, 249
Trd, 2590700.963, 255
Trd, 2590702.296, 245
Trd, 2590702.846, 265
Trd, 2590705.013, 257
Trd, 2590705.613, 261
Trd, 2590706.429, 261
Trd, 2590706.513, 266
Trd, 2590706.746, 256
Trd, 2590706.929, 251
Trd, 2590707.263, 244
Trd, 2590708.496, 267
Trd, 2590709.196, 253
Trd, 2590709.446, 237
Trd, 2590710.146, 252
Trd, 2590710.196, 251
Trd, 2590710.513, 259
Trd, 2590710.629, 244
Trd, 2590711.829, 267
Trd, 2590712.313, 240
Trd, 2590712.429, 236
Trd, 2590712.979, 236
Trd, 2590713.146, 246
Trd, 2590713.296, 233
Trd, 2590713.746, 232
Trd, 2590715.096, 256
Trd, 2590716.479, 242
Trd, 2590717.563, 249
Trd, 2590719.079, 235
Trd, 2590720.696, 245
Trd, 2590721.196, 247
Trd, 2590721.263, 249
Trd, 2590721.279, 244
Trd, 2590722.363, 249
Trd, 2590722.429, 261
Trd, 2590722.746, 265
Trd, 2590723.329, 267
Trd, 2590723.846, 246
Trd, 2590724.046, 247
Trd, 2590724.796, 250
Trd, 2590725.446, 244
Trd, 2590725.896, 244
Trd, 2590726.296, 239
Trd, 2590726.363, 235
Trd, 2590726.963, 254
Trd, 2590727.963, 258
Trd, 2590729.129, 258
Trd, 2590730.029, 256
Trd, 2590730.229, 255
Trd, 2590730.729, 257
Trd, 2590730.763, 239
Trd, 2590731.979, 243
Trd, 2590732.029, 259
Trd, 2590733.663, 248
Trd, 2590734.096, 238
Trd, 2590734.363, 265
Trd, 2590734.779, 257
Trd, 2590735.046, 252
Trd, 2590735.679, 269
Trd, 2590735.913, 251
Trd, 2590736.263, 242
Trd, 2590737.296, 237
Trd, 2590738.679, 257
Trd, 2590739.063, 234
Trd, 2590739.846, 248
Trd, 2590739.896, 233
Trd, 2590742.413, 241
Trd, 2590742.746, 244
Trd, 2590744.813, 243
Trd, 2590744.829, 248
Trd, 2590745.029, 233
Trd, 2590745.096, 238
Trd, 2590745.579, 244
Trd, 2590746.029, 238
Trd, 2590746.063, 258
Trd, 2590746.113, 237
Trd, 2590747.796, 240
Trd, 2590748.113, 231
Trd, 2590748.713, 227
Trd, 2590749.329, 241
Trd, 2590750.013, 226
Trd, 2590750.163, 248
Trd, 2590750.379, 260
Trd, 2590750.896, 268
Trd, 2590751.163, 254
Trd, 2590752.313, 255
Trd, 2590752.363, 243
Trd, 2590752.896, 258
Trd, 2590754.429, 242
Trd, 2590755.296, 227
Trd, 2590755.413, 228
Trd, 2590756.379, 243
Trd, 2590756.546, 254
Trd, 2590758.263, 258
Trd, 2590758.879, 234
Trd, 2590759.096, 234
Trd, 2590760.179, 263
Trd, 2590760.496, 263
Trd, 2590760.646, 263
Trd, 2590760.813, 265
Trd, 2590761.079, 262
Trd, 2590763.363, 263
Trd, 2590763.446, 262
Trd, 2590764.429, 255
Trd, 2590765.263, 261
Trd, 2590765.896, 260
Trd, 2590766.796, 258
Trd, 2590766.879, 253
Trd, 2590767.079, 261
Trd, 2590767.163, 242
Trd, 2590767.346, 238
Trd, 2590769.179, 243
Trd, 2590769.296, 248
Trd, 2590769.729, 264
Trd, 2590770.313, 238
Trd, 2590770.829, 237
Trd, 2590770.996, 248
Trd, 2590771.179, 231
Trd, 2590772.163, 258
Trd, 2590772.546, 262
Trd, 2590773.079, 260
Trd, 2590773.196, 255
Trd, 2590773.546, 254
Trd, 2590775.196, 257
Trd, 2590777.896, 248
Trd, 2590778.979, 249
Trd, 2590779.796, 256
Trd, 2590779.879, 255
Trd, 2590780.229, 253
Trd, 2590780.863, 259
Trd, 2590781.146, 248
Trd, 2590781.296, 243
Trd, 2590781.896, 237
Trd, 2590781.929, 234
Trd, 2590782.329, 242
Trd, 2590782.496, 233
Trd, 2590783.279, 257
Trd, 2590785.579, 258
Trd, 2590785.646, 265
Trd, 2590786.463, 258
Trd, 2590787.829, 252
Trd, 2590788.413, 244
Trd, 2590788.829, 242
Trd, 2590789.579, 247
Trd, 2590790.313, 244
Trd, 2590790.546, 251
Trd, 2590790.863, 240
Trd, 2590790.929, 234
Trd, 2590791.413, 238
Trd, 2590792.563, 259
Trd, 2590792.629, 245
Trd, 2590793.429, 257
Trd, 2590795.179, 255
Trd, 2590795.213, 251
Trd, 2590796.363, 247
Trd, 2590797.346, 246
Trd, 2590797.546, 260
Trd, 2590797.879, 242
Trd, 2590797.913, 241
Trd, 2590799.463, 258
Trd, 2590800.029, 258
Trd, 2590800.163, 259
Trd, 2590800.863, 255
Trd, 2590801.046, 261
Trd, 2590802.329, 237
Trd, 2590802.513, 234
Trd, 2590802.563, 231
Trd, 2590802.713, 227
Trd, 2590805.179, 239
Trd, 2590805.446, 248
Trd, 2590806.163, 262
Trd, 2590806.396, 248
Trd, 2590807.463, 253
Trd, 2590808.913, 258
Trd, 2590809.813, 259
Trd, 2590810.029, 258
Trd, 2590811.479, 264
Trd, 2590811.746, 265
Trd, 2590811.913, 251
Trd, 2590813.079, 253
Trd, 2590813.496, 264
Trd, 2590813.629, 252
Trd, 2590813.846, 247
Trd, 2590815.246, 264
Trd, 2590816.863, 255
Trd, 2590817.129, 258
Trd, 2590818.513, 241
Trd, 2590818.729, 249
Trd, 2590819.163, 260
Trd, 2590819.213, 243
Trd, 2590821.229, 260
Trd, 2590822.379, 260
Trd, 2590823.646, 261
Trd, 2590824.713, 255
Trd, 2590825.846, 248
Trd, 2590826.463, 244
Trd, 2590826.563, 255
Trd, 2590826.713, 257
Trd, 2590827.046, 247
Trd, 2590827.113, 248
Trd, 2590827.679, 238
Trd, 2590828.246, 237
Trd, 2590829.546, 239
Trd, 2590829.996, 259
Trd, 2590830.213, 248
Trd, 2590830.246, 265
Trd, 2590831.046, 253
Trd, 2590831.246, 251
Trd, 2590831.346, 244
Trd, 2590831.796, 238
Trd, 2590832.663, 265
Trd, 2590834.863, 236
Trd, 2590834.896, 250
Trd, 2590835.263, 240
Trd, 2590835.746, 243
Trd, 2590836.696, 258
Trd, 2590836.946, 235
Trd, 2590838.313, 235
Trd, 2590838.696, 235
Trd, 2590839.596, 241
Trd, 2590840.246, 261
Trd, 2590840.413, 241
Trd, 2590840.579, 240
Trd, 2590840.846, 265
Trd, 2590841.029, 268
Trd, 2590841.396, 272
Trd, 2590842.663, 251
Trd, 2590844.829, 255
Trd, 2590844.863, 253
Trd, 2590844.979, 258
Trd, 2590845.763, 252
Trd, 2590845.913, 266
Trd, 2590846.379, 251
Trd, 2590846.946, 248
Trd, 2590847.463, 247
Trd, 2590847.896, 241
Trd, 2590847.946, 237
Trd, 2590850.079, 240
Trd, 2590850.679, 242
Trd, 2590850.729, 244
Trd, 2590850.813, 239
Trd, 2590851.746, 233
Trd, 2590852.596, 242
Trd, 2590852.863, 242
Trd, 2590853.613, 265
Trd, 2590854.829, 248
Trd, 2590855.663, 239
Trd, 2590856.613, 241
Trd, 2590856.796, 241
Trd, 2590857.213, 264
Trd, 2590857.963, 250
Trd, 2590858.129, 243
Trd, 2590859.746, 244
Trd, 2590860.079, 258
Trd, 2590860.279, 237
Trd, 2590860.746, 254
Trd, 2590860.779, 237
Trd, 2590861.513, 259
Trd, 2590862.529, 253
Trd, 2590863.046, 251
Trd, 2590863.596, 265
Trd, 2590864.379, 254
Trd, 2590864.946, 271
Trd, 2590865.513, 252
Trd, 2590866.213, 243
Trd, 2590866.779, 260
Trd, 2590868.263, 241
Trd, 2590868.396, 264
Trd, 2590868.629, 265
Trd, 2590869.229, 245
Trd, 2590870.346, 257
Trd, 2590871.279, 248
Trd, 2590872.713, 248
Trd, 2590873.913, 250
Trd, 2590875.129, 255
Trd, 2590875.896, 246
Trd, 2590876.029, 244
Trd, 2590876.129, 244
Trd, 2590876.446, 255
Trd, 2590876.796, 243
Trd, 2590876.863, 258
Trd, 2590878.596, 243
Trd, 2590879.663, 244
Trd, 2590880.379, 248
Trd, 2590881.346, 236
Trd, 2590881.563, 251
Trd, 2590881.663, 234
Trd, 2590881.896, 236
Trd, 2590882.379, 246
Trd, 2590882.696, 265
Trd, 2590884.446, 264
Trd, 2590886.479, 263
Trd, 2590886.613, 267
Trd, 2590886.696, 262
Trd, 2590887.046, 258
Trd, 2590887.379, 268
Trd, 2590887.929, 254
Trd, 2590888.146, 255
Trd, 2590888.763, 248
Trd, 2590890.246, 247
Trd, 2590891.029, 242
Trd, 2590891.046, 232
Trd, 2590891.946, 251
Trd, 2590892.013, 247
Trd, 2590892.679, 252
Trd, 2590893.046, 237
Trd, 2590893.113, 265
Trd, 2590893.829, 254
Trd, 2590895.213, 238
Trd, 2590895.229, 237
Trd, 2590895.346, 234
Trd, 2590895.913, 249
Trd, 2590896.096, 246
Trd, 2590897.946, 233
Trd, 2590898.096, 236
Trd, 2590898.246, 237
Trd, 2590899.729, 242
Trd, 2590900.729, 241
Trd, 2590901.013, 264
Trd, 2590901.063, 268
Trd, 2590901.413, 262
Trd, 2590901.779, 240
Trd, 2590902.496, 244
Trd, 2590903.313, 243
Trd, 2590905.279, 237
Trd, 2590905.896, 225
Trd, 2590905.946, 222
Trd, 2590906.446, 223
Trd, 2590907.346, 247
Trd, 2590908.096, 248
Trd, 2590908.979, 247
Trd, 2590909.646, 249
Trd, 2590910.113, 257
Trd, 2590910.229, 249
Trd, 2590911.663, 248
Trd, 2590912.063, 247
Trd, 2590913.079, 258
Trd, 2590913.263, 265
Trd, 2590913.996, 250
Trd, 2590914.763, 248
Trd, 2590914.796, 247
Trd, 2590915.496, 268
Trd, 2590915.696, 271
Trd, 2590916.396, 253
Trd, 2590918.829, 256
Trd, 2590919.146, 255
Trd, 2590919.796, 248
Trd, 2590920.329, 243
Trd, 2590920.879, 257
Trd, 2590921.296, 237
Trd, 2590921.546, 247
Trd, 2590921.746, 235
Trd, 2590922.129, 234
Trd, 2590922.463, 235
Trd, 2590922.846, 247
Trd, 2590923.579, 248
Trd, 2590923.713, 239
Trd, 2590925.213, 251
Trd, 2590925.846, 244
Trd, 2590926.513, 245
Trd, 2590927.329, 261
Trd, 2590927.996, 253
Trd, 2590928.913, 250
Trd, 2590929.079, 267
Trd, 2590930.863, 266
Trd, 2590930.946, 265
Trd, 2590932.429, 262
Trd, 2590933.896, 266
Trd, 2590934.063, 265
Trd, 2590934.113, 257
Trd, 2590934.446, 262
Trd, 2590934.896, 244
Trd, 2590936.463, 266
Trd, 2590936.779, 251
Trd, 2590936.946, 250
Trd, 2590937.763, 253
Trd, 2590937.929, 265
Trd, 2590938.879, 249
Trd, 2590939.696, 244
Trd, 2590940.063, 254
Trd, 2590940.463, 257
Trd, 2590940.796, 251
Trd, 2590940.996, 243
Trd, 2590942.113, 248
Trd, 2590943.913, 259
Trd, 2590944.496, 254
Trd, 2590944.929, 262
Trd, 2590945.529, 253
Trd, 2590945.929, 270
Trd, 2590947.563, 264
Trd, 2590947.613, 251
Trd, 2590948.446, 247
Trd, 2590948.696, 242
Trd, 2590949.296, 248
Trd, 2590950.679, 240
Trd, 2590951.429, 256
Trd, 2590952.113, 257
Trd, 2590952.129, 251
Trd, 2590952.296, 246
Trd, 2590952.796, 258
Trd, 2590953.329, 265
Trd, 2590954.146, 274
Trd, 2590955.763, 246
Trd, 2590955.813, 243
Trd, 2590955.996, 237
Trd, 2590956.346, 272
Trd, 2590957.179, 234
Trd, 2590959.413, 254
Trd, 2590959.746, 247
Trd, 2590960.396, 258
Trd, 2590960.779, 246
Trd, 2590960.913, 240
Trd, 2590961.929, 238
Trd, 2590962.079, 264
Trd, 2590962.513, 237
Trd, 2590962.579, 232
Trd, 2590962.846, 224
Trd, 2590962.996, 223
Trd, 2590963.529, 265
Trd, 2590965.646, 252
Trd, 2590966.013, 258
Trd, 2590967.029, 257
Trd, 2590967.063, 248
Trd, 2590967.563, 244
Trd, 2590968.246, 260
Trd, 2590970.163, 244
Trd, 2590970.246, 243
Trd, 2590970.446, 239
Trd, 2590970.496, 265
Trd, 2590970.779, 268
Trd, 2590971.529, 251
Trd, 2590972.363, 246
Trd, 2590972.563, 266
Trd, 2590973.163, 258
Trd, 2590973.929, 260
Trd, 2590973.979, 255
Trd, 2590974.279, 241
Trd, 2590975.096, 260
Trd, 2590976.629, 265
Trd, 2590977.213, 257
Trd, 2590978.346, 258
Trd, 2590978.979, 257
Trd, 2590979.529, 252
Trd, 2590979.829, 266
Trd, 2590980.046, 251
Trd, 2590980.179, 266
Trd, 2590980.279, 246
Trd, 2590980.479, 267
Trd, 2590981.513, 255
Trd, 2590982.696, 237
Trd, 2590984.396, 241
Trd, 2590984.929, 240
Trd, 2590985.379, 239
Trd, 2590985.879, 262
Trd, 2590986.029, 237
Trd, 2590986.329, 262
Trd, 2590987.213, 235
Trd, 2590988.146, 251
Trd, 2590989.429, 265
Trd, 2590989.913, 268
Trd, 2590990.029, 258
Trd, 2590990.396, 254
Trd, 2590990.579, 272
Trd, 2590991.096, 260
Trd, 2590991.113, 249
Trd, 2590991.413, 248
Trd, 2590991.546, 244
Trd, 2590991.829, 234
Trd, 2590992.563, 229
Trd, 2590993.729, 250
Trd, 2590994.279, 255
Trd, 2590995.479, 256
Trd, 2590996.813, 242
Trd, 2590997.163, 237
Trd, 2590997.263, 259
Trd, 2590998.213, 247
Trd, 2590998.863, 246
Trd, 2590999.779, 256
Trd, 2591000.079, 245
Trd, 2591000.363, 265
Trd, 2591000.913, 249
Trd, 2591001.213, 246
Trd, 2591001.463, 244
Trd, 2591001.879, 263
Trd, 2591003.063, 241
Trd, 2591003.929, 235
Trd, 2591004.013, 239
Trd, 2591004.029, 234
Trd, 2591006.013, 249
Trd, 2591007.229, 246
Trd, 2591007.679, 245
Trd, 2591007.763, 248
Trd, 2591007.846, 241
Trd, 2591008.829, 258
Trd, 2591008.896, 236
Trd, 2591008.996, 234
Trd, 2591009.846, 247
Trd, 2591010.496, 245
Trd, 2591010.746, 248
Trd, 2591011.196, 265
Trd, 2591012.446, 258
Trd, 2591013.146, 265
Trd, 2591014.529, 260
Trd, 2591015.579, 263
Trd, 2591016.863, 271
Trd, 2591017.429, 256
Trd, 2591017.746, 272
Trd, 2591018.229, 257
Trd, 2591018.696, 255
Trd, 2591018.813, 253
Trd, 2591018.979, 251
Trd, 2591019.279, 272
Trd, 2591020.296, 254
Trd, 2591020.379, 246
Trd, 2591020.613, 244
Trd, 2591020.729, 236
Trd, 2591021.613, 244
Trd, 2591022.613, 239
Trd, 2591023.113, 238
Trd, 2591023.129, 234
Trd, 2591023.379, 243
Trd, 2591024.696, 227
Trd, 2591025.796, 260
Trd, 2591027.696, 258
Trd, 2591028.079, 251
Trd, 2591028.263, 247
Trd, 2591028.513, 241
Trd, 2591028.696, 222
Trd, 2591029.063, 254
Trd, 2591029.263, 237
Trd, 2591029.346, 220
Trd, 2591030.229, 241
Trd, 2591030.863, 265
Trd, 2591031.496, 268
Trd, 2591034.696, 258
Trd, 2591035.313, 243
Trd, 2591036.129, 239
Trd, 2591036.996, 239
Trd, 2591037.263, 236
Trd, 2591037.629, 245
Trd, 2591038.463, 248
Trd, 2591038.713, 241
Trd, 2591039.629, 260
Trd, 2591039.663, 265
Trd, 2591040.179, 258
Trd, 2591040.346, 257
Trd, 2591040.529, 248
Trd, 2591041.013, 236
Trd, 2591041.829, 255
Trd, 2591042.013, 254
Trd, 2591043.129, 268
Trd, 2591043.263, 272
Trd, 2591044.696, 259
Trd, 2591045.063, 257
Trd, 2591045.146, 254
Trd, 2591045.879, 250
Trd, 2591046.113, 250
Trd, 2591046.413, 263
Trd, 2591047.279, 244
Trd, 2591048.346, 236
Trd, 2591049.163, 237
Trd, 2591049.246, 236
Trd, 2591049.529, 242
Trd, 2591050.196, 264
Trd, 2591051.329, 248
Trd, 2591051.379, 245
Trd, 2591052.329, 233
Trd, 2591052.513, 261
Trd, 2591053.029, 265
Trd, 2591054.196, 266
Trd, 2591054.946, 246
Trd, 2591055.179, 268
Trd, 2591055.863, 236
Trd, 2591056.213, 250
Trd, 2591056.546, 248
Trd, 2591056.629, 265
Trd, 2591056.713, 227
Trd, 2591057.079, 268
Trd, 2591057.346, 227
Trd, 2591059.879, 243
Trd, 2591060.563, 240
Trd, 2591060.796, 237
Trd, 2591061.029, 229
Trd, 2591061.396, 224
Trd, 2591061.613, 259
Trd, 2591061.963, 265
Trd, 2591062.179, 219
Trd, 2591062.546, 227
Trd, 2591063.046, 241
Trd, 2591063.296, 252
Trd, 2591064.196, 251
Trd, 2591064.346, 234
Trd, 2591064.463, 233
Trd, 2591065.413, 268
Trd, 2591066.563, 245
Trd, 2591066.929, 241
Trd, 2591067.479, 220
Trd, 2591068.446, 272
Trd, 2591069.663, 260
Trd, 2591070.363, 252
Trd, 2591071.546, 274
Trd, 2591072.496, 258
Trd, 2591074.579, 265
Trd, 2591075.963, 256
Trd, 2591076.763, 253
Trd, 2591077.729, 259
Trd, 2591077.996, 258
Trd, 2591078.096, 252
Trd, 2591078.363, 255
Trd, 2591078.696, 252
Trd, 2591079.446, 240
Trd, 2591080.146, 237
Trd, 2591080.613, 245
Trd, 2591080.663, 233
Trd, 2591080.979, 265
Trd, 2591081.696, 234
Trd, 2591082.079, 263
Trd, 2591082.146, 232
Trd, 2591082.396, 234
Trd, 2591083.046, 264
Trd, 2591084.613, 228
Trd, 2591085.179, 227
Trd, 2591085.479, 247
Trd, 2591086.263, 246
Trd, 2591087.279, 248
Trd, 2591087.446, 258
Trd, 2591087.563, 244
Trd, 2591087.613, 265
Trd, 2591087.863, 268
Trd, 2591088.313, 258
Trd, 2591088.613, 230
Trd, 2591091.813, 268
Trd, 2591091.963, 231
Trd, 2591093.363, 246
Trd, 2591093.829, 272
Trd, 2591094.613, 237
Trd, 2591095.313, 236
Trd, 2591095.829, 258
Trd, 2591096.513, 275
Trd, 2591096.863, 263
Trd, 2591097.046, 258
Trd, 2591097.213, 270
Trd, 2591097.963, 256
Trd, 2591098.146, 255
Trd, 2591098.329, 255
Trd, 2591098.696, 245
Trd, 2591100.629, 248
Trd, 2591100.929, 259
Trd, 2591101.979, 248
Trd, 2591102.213, 247
Trd, 2591102.429, 244
Trd, 2591102.546, 235
Trd, 2591103.279, 262
Trd, 2591103.713, 265
Trd, 2591103.779, 234
Trd, 2591104.096, 230
Trd, 2591106.013, 259
Trd, 2591107.013, 258
Trd, 2591107.763, 257
Trd, 2591107.846, 258
Trd, 2591108.513, 260
Trd, 2591109.046, 252
Trd, 2591109.079, 268
Trd, 2591110.229, 249
Trd, 2591110.279, 247
Trd, 2591111.046, 245
Trd, 2591111.496, 248
Trd, 2591112.546, 271
Trd, 2591113.096, 264
Trd, 2591114.963, 237
Trd, 2591115.113, 243
Trd, 2591115.146, 236
Trd, 2591115.496, 254
Trd, 2591116.113, 236
Trd, 2591116.363, 268
Trd, 2591117.196, 256
Trd, 2591117.263, 262
Trd, 2591118.979, 252
Trd, 2591120.963, 256
Trd, 2591121.079, 262
Trd, 2591121.396, 254
Trd, 2591122.146, 251
Trd, 2591122.663, 264
Trd, 2591123.613, 255
Trd, 2591124.213, 262
Trd, 2591126.413, 246
Trd, 2591126.613, 233
Trd, 2591127.246, 240
Trd, 2591129.063, 243
Trd, 2591129.596, 237
Trd, 2591129.663, 234
Trd, 2591129.679, 265
Trd, 2591129.746, 268
Trd, 2591130.146, 234
Trd, 2591130.213, 231
Trd, 2591130.313, 272
Trd, 2591130.696, 275
Trd, 2591130.729, 276
Trd, 2591130.996, 259
Trd, 2591131.429, 238
Trd, 2591131.679, 250
Trd, 2591132.346, 239
Trd, 2591132.479, 231
Trd, 2591133.029, 251
Trd, 2591134.413, 258
Trd, 2591134.496, 279
Trd, 2591134.579, 253
Trd, 2591135.696, 275
Trd, 2591136.313, 268
Trd, 2591136.779, 262
Trd, 2591136.863, 251
Trd, 2591137.996, 249
Trd, 2591138.313, 237
Trd, 2591139.163, 244
Trd, 2591140.263, 257
Trd, 2591140.279, 247
Trd, 2591140.613, 258
Trd, 2591140.779, 259
Trd, 2591141.913, 249
Trd, 2591142.413, 231
Trd, 2591142.579, 228
Trd, 2591142.896, 258
Trd, 2591144.146, 263
Trd, 2591144.613, 251
Trd, 2591145.013, 266
Trd, 2591147.246, 255
Trd, 2591148.846, 266
Trd, 2591149.496, 266
Trd, 2591149.679, 265
Trd, 2591149.946, 261
Trd, 2591149.996, 267
Trd, 2591150.663, 260
Trd, 2591150.696, 248
Trd, 2591151.696, 268
Trd, 2591151.763, 272
Trd, 2591152.029, 244
Trd, 2591152.146, 252
Trd, 2591153.463, 236
Trd, 2591153.796, 237
Trd, 2591154.346, 233
Trd, 2591155.163, 232
Trd, 2591155.879, 238
Trd, 2591156.013, 251
Trd, 2591156.729, 229
Trd, 2591157.696, 246
Trd, 2591157.829, 225
Trd, 2591158.396, 256
Trd, 2591159.446, 253
Trd, 2591162.163, 237
Trd, 2591162.563, 239
Trd, 2591163.596, 246
Trd, 2591163.746, 265
Trd, 2591164.163, 260
Trd, 2591164.446, 236
Trd, 2591165.079, 248
Trd, 2591165.329, 243
Trd, 2591165.546, 249
Trd, 2591166.196, 244
Trd, 2591168.196, 246
Trd, 2591168.246, 258
Trd, 2591168.846, 246
Trd, 2591169.629, 243
Trd, 2591169.879, 239
Trd, 2591171.313, 252
Trd, 2591171.496, 237
Trd, 2591171.863, 263
Trd, 2591172.179, 263
Trd, 2591172.646, 264
Trd, 2591173.096, 241
Trd, 2591173.896, 240
Trd, 2591174.413, 251
Trd, 2591174.746, 241
Trd, 2591176.246, 265
Trd, 2591176.763, 245
Trd, 2591177.479, 245
Trd, 2591178.979, 252
Trd, 2591180.863, 255
Trd, 2591180.879, 240
Trd, 2591181.029, 263
Trd, 2591182.096, 254
Trd, 2591184.029, 254
Trd, 2591185.413, 258
Trd, 2591185.529, 252
Trd, 2591186.063, 252
Trd, 2591186.079, 268
Trd, 2591186.196, 269
Trd, 2591187.296, 269
Trd, 2591187.546, 265
Trd, 2591188.079, 269
Trd, 2591188.163, 271
Trd, 2591188.296, 251
Trd, 2591189.863, 247
Trd, 2591190.679, 242
Trd, 2591191.029, 246
Trd, 2591191.129, 243
Trd, 2591191.529, 242
Trd, 2591192.179, 247
Trd, 2591192.263, 249
Trd, 2591193.813, 257
Trd, 2591193.929, 247
Trd, 2591194.979, 244
Trd, 2591196.929, 256
Trd, 2591197.196, 254
Trd, 2591197.463, 260
Trd, 2591197.629, 253
Trd, 2591198.746, 266
Trd, 2591199.579, 252
Trd, 2591199.629, 262
Trd, 2591199.646, 251
Trd, 2591200.046, 250
Trd, 2591200.529, 247
Trd, 2591202.379, 234
Trd, 2591203.629, 237
Trd, 2591203.696, 238
Trd, 2591204.113, 241
Trd, 2591204.863, 243
Trd, 2591205.213, 250
Trd, 2591205.663, 251
Trd, 2591207.996, 268
Trd, 2591208.413, 256
Trd, 2591208.463, 265
Trd, 2591209.079, 254
Trd, 2591209.163, 249
Trd, 2591209.196, 243
Trd, 2591209.696, 257
Trd, 2591210.679, 247
Trd, 2591211.163, 249
Trd, 2591211.446, 234
Trd, 2591212.063, 243
Trd, 2591212.179, 227
Trd, 2591213.896, 248
Trd, 2591214.113, 250
Trd, 2591214.196, 235
Trd, 2591214.946, 234
Trd, 2591215.213, 264
Trd, 2591216.329, 265
Trd, 2591216.929, 228
Trd, 2591217.029, 224
Trd, 2591218.479, 244
Trd, 2591218.529, 239
Trd, 2591218.629, 233
Trd, 2591219.813, 264
Trd, 2591219.929, 256
Trd, 2591221.263, 253
Trd, 2591221.696, 251
Trd, 2591224.096, 251
Trd, 2591224.163, 250
Trd, 2591224.729, 249
Trd, 2591225.213, 241
Trd, 2591225.896, 249
Trd, 2591226.163, 234
Trd, 2591226.796, 247
Trd, 2591228.079, 248
Trd, 2591228.313, 255
Trd, 2591228.429, 258
Trd, 2591229.146, 258
Trd, 2591229.429, 256
Trd, 2591229.513, 265
Trd, 2591230.679, 256
Trd, 2591231.479, 238
Trd, 2591231.763, 249
Trd, 2591232.346, 268
Trd, 2591233.096, 236
Trd, 2591233.146, 237
Trd, 2591233.196, 227
Trd, 2591233.313, 224
Trd, 2591234.646, 247
Trd, 2591235.663, 250
Trd, 2591237.396, 258
Trd, 2591238.629, 256
Trd, 2591238.746, 267
Trd, 2591238.929, 256
Trd, 2591239.229, 256
Trd, 2591240.229, 253
Trd, 2591240.529, 267
Trd, 2591240.763, 250
Trd, 2591241.446, 249
Trd, 2591241.563, 248
Trd, 2591242.413, 265
Trd, 2591243.296, 256
Trd, 2591244.529, 256
Trd, 2591245.496, 259
Trd, 2591247.113, 258
Trd, 2591247.396, 255
Trd, 2591248.229, 251
Trd, 2591248.529, 264
Trd, 2591248.879, 251
Trd, 2591248.929, 249
Trd, 2591249.013, 243
Trd, 2591249.546, 237
Trd, 2591250.063, 234
Trd, 2591250.629, 257
Trd, 2591250.696, 267
Trd, 2591251.329, 268
Trd, 2591251.379, 248
Trd, 2591252.113, 227
Trd, 2591252.713, 250
Trd, 2591253.529, 262
Trd, 2591253.996, 254
Trd, 2591254.496, 268
Trd, 2591254.863, 255
Trd, 2591254.879, 243
Trd, 2591257.396, 254
Trd, 2591257.813, 254
Trd, 2591258.229, 251
Trd, 2591258.463, 255
Trd, 2591259.079, 253
Trd, 2591260.463, 255
Trd, 2591260.829, 247
Trd, 2591261.046, 254
Trd, 2591263.329, 252
Trd, 2591264.163, 239
Trd, 2591264.296, 259
Trd, 2591264.363, 235
Trd, 2591264.446, 235
Trd, 2591264.729, 233
Trd, 2591264.779, 227
Trd, 2591264.879, 219
Trd, 2591265.263, 242
Trd, 2591265.379, 235
Trd, 2591266.063, 224
Trd, 2591266.479, 228
Trd, 2591266.579, 225
Trd, 2591267.696, 249
Trd, 2591269.113, 261
Trd, 2591269.913, 235
Trd, 2591270.146, 261
Trd, 2591271.479, 265
Trd, 2591271.879, 253
Trd, 2591271.913, 268
Trd, 2591273.063, 255
Trd, 2591277.713, 258
Trd, 2591278.346, 258
Trd, 2591278.629, 253
Trd, 2591279.229, 244
Trd, 2591279.313, 243
Trd, 2591279.613, 255
Trd, 2591280.579, 249
Trd, 2591280.713, 247
Trd, 2591280.813, 254
Trd, 2591280.996, 257
Trd, 2591281.196, 263
Trd, 2591281.479, 236
Trd, 2591282.813, 234
Trd, 2591283.879, 257
Trd, 2591284.296, 257
Trd, 2591284.496, 263
Trd, 2591284.763, 252
Trd, 2591285.063, 237
Trd, 2591285.363, 264
Trd, 2591285.679, 247
Trd, 2591285.879, 264
Trd, 2591287.363, 245
Trd, 2591288.563, 248
Trd, 2591289.529, 246
Trd, 2591289.929, 241
Trd, 2591290.829, 263
Trd, 2591291.096, 244
Trd, 2591291.463, 268
Trd, 2591294.263, 256
Trd, 2591294.596, 270
Trd, 2591294.829, 271
Trd, 2591295.613, 251
Trd, 2591297.596, 249
Trd, 2591298.096, 258
Trd, 2591298.163, 248
Trd, 2591298.479, 246
Trd, 2591298.796, 245
Trd, 2591299.646, 257
Trd, 2591299.663, 250
Trd, 2591299.763, 244
Trd, 2591299.929, 243
Trd, 2591301.613, 265
Trd, 2591301.929, 264
Trd, 2591302.246, 265
Trd, 2591302.996, 264
Trd, 2591303.413, 266
Trd, 2591304.696, 265
Trd, 2591305.563, 256
Trd, 2591305.679, 267
Trd, 2591306.013, 255
Trd, 2591306.313, 268
Trd, 2591306.929, 250
Trd, 2591309.446, 256
Trd, 2591309.996, 258
Trd, 2591311.329, 257
Trd, 2591311.563, 254
Trd, 2591311.613, 251
Trd, 2591311.729, 248
Trd, 2591311.979, 243
Trd, 2591312.013, 239
Trd, 2591312.296, 266
Trd, 2591313.363, 234
Trd, 2591314.529, 255
Trd, 2591316.146, 248
Trd, 2591316.546, 247
Trd, 2591317.129, 243
Trd, 2591317.329, 240
Trd, 2591318.046, 256
Trd, 2591318.446, 256
Trd, 2591318.579, 260
Trd, 2591319.063, 252
Trd, 2591319.079, 251
Trd, 2591320.396, 251
Trd, 2591321.563, 258
Trd, 2591322.196, 246
Trd, 2591323.413, 243
Trd, 2591324.096, 243
Trd, 2591326.013, 261
Trd, 2591326.113, 238
Trd, 2591327.163, 259
Trd, 2591327.929, 258
Trd, 2591328.329, 251
Trd, 2591329.379, 251
Trd, 2591329.396, 258
Trd, 2591330.446, 257
Trd, 2591330.529, 254
Trd, 2591331.429, 248
Trd, 2591331.713, 241
Trd, 2591331.746, 237
Trd, 2591332.296, 248
Trd, 2591332.696, 267
Trd, 2591333.763, 241
Trd, 2591334.246, 259
Trd, 2591334.529, 260
Trd, 2591335.196, 243
Trd, 2591335.529, 235
Trd, 2591335.679, 239
Trd, 2591335.846, 245
Trd, 2591335.913, 234
Trd, 2591337.996, 261
Trd, 2591338.763, 245
Trd, 2591339.063, 265
Trd, 2591339.196, 232
Trd, 2591339.429, 263
Trd, 2591340.279, 244
Trd, 2591340.329, 248
Trd, 2591340.846, 227
Trd, 2591342.646, 264
Trd, 2591343.079, 262
Trd, 2591344.329, 266
Trd, 2591344.463, 262
Trd, 2591345.696, 260
Trd, 2591346.263, 259
Trd, 2591346.363, 268
Trd, 2591346.679, 255
Trd, 2591347.279, 253
Trd, 2591347.979, 251
Trd, 2591348.296, 244
Trd, 2591348.829, 234
Trd, 2591348.863, 234
Trd, 2591349.396, 250
Trd, 2591350.796, 248
Trd, 2591351.396, 258
Trd, 2591353.029, 262
Trd, 2591353.063, 257
Trd, 2591353.129, 256
Trd, 2591354.546, 253
Trd, 2591354.613, 249
Trd, 2591354.646, 243
Trd, 2591356.629, 241
Trd, 2591357.063, 234
Trd, 2591357.529, 241
Trd, 2591358.446, 234
Trd, 2591358.779, 243
Trd, 2591358.913, 251
Trd, 2591360.063, 252
Trd, 2591360.329, 248
Trd, 2591360.496, 247
Trd, 2591360.629, 259
Trd, 2591362.096, 255
Trd, 2591362.996, 265
Trd, 2591363.129, 244
Trd, 2591364.146, 242
Trd, 2591364.796, 261
Trd, 2591365.363, 247
Trd, 2591365.513, 245
Trd, 2591366.263, 252
Trd, 2591367.379, 250
Trd, 2591368.396, 256
Trd, 2591369.513, 249
Trd, 2591370.113, 251
Trd, 2591370.696, 257
Trd, 2591371.396, 247
Trd, 2591371.963, 244
Trd, 2591372.496, 260
Trd, 2591372.646, 241
Trd, 2591373.896, 240
Trd, 2591374.579, 235
Trd, 2591374.713, 242
Trd, 2591374.946, 232
Trd, 2591375.346, 268
Trd, 2591376.046, 237
Trd, 2591376.429, 242
Trd, 2591376.846, 238
Trd, 2591378.496, 233
Trd, 2591378.913, 247
Trd, 2591379.713, 233
Trd, 2591380.129, 242
Trd, 2591381.413, 258
Trd, 2591382.046, 236
Trd, 2591383.413, 240
Trd, 2591383.813, 246
Trd, 2591384.129, 246
Trd, 2591384.446, 249
Trd, 2591384.996, 252
Trd, 2591385.013, 248
Trd, 2591385.146, 248
Trd, 2591385.263, 265
Trd, 2591385.863, 268
Trd, 2591386.429, 244
Trd, 2591387.296, 239
Trd, 2591389.146, 255
Trd, 2591389.713, 249
Trd, 2591390.796, 248
Trd, 2591391.079, 235
Trd, 2591391.779, 256
Trd, 2591391.796, 237
Trd, 2591392.946, 250
Trd, 2591393.246, 227
Trd, 2591394.179, 241
Trd, 2591394.663, 252
Trd, 2591395.079, 254
Trd, 2591395.279, 233
Trd, 2591395.646, 231
Trd, 2591396.029, 258
Trd, 2591397.863, 265
Trd, 2591398.129, 255
Trd, 2591398.279, 253
Trd, 2591398.863, 239
Trd, 2591399.913, 263
Trd, 2591401.213, 244
Trd, 2591401.663, 248
Trd, 2591401.879, 235
Trd, 2591402.146, 234
Trd, 2591403.113, 235
Trd, 2591403.279, 234
Trd, 2591403.413, 227
Trd, 2591404.146, 248
Trd, 2591405.779, 230
Trd, 2591406.946, 245
Trd, 2591407.429, 238
Trd, 2591407.679, 239
Trd, 2591408.129, 238
Trd, 2591408.196, 236
Trd, 2591408.996, 249
Trd, 2591409.779, 258
Trd, 2591410.113, 261
Trd, 2591410.979, 265
Trd, 2591412.046, 257
Trd, 2591412.696, 256
Trd, 2591414.596, 263
Trd, 2591416.913, 257
Trd, 2591418.446, 254
Trd, 2591418.913, 251
Trd, 2591419.213, 260
Trd, 2591419.429, 248
Trd, 2591420.779, 248
Trd, 2591421.363, 250
Trd, 2591421.429, 258
Trd, 2591421.513, 243
Trd, 2591421.846, 262
Trd, 2591422.346, 236
Trd, 2591423.813, 237
Trd, 2591424.063, 240
Trd, 2591424.879, 250
Trd, 2591425.663, 261
Trd, 2591426.496, 263
Trd, 2591428.146, 263
Trd, 2591428.763, 262
Trd, 2591428.879, 232
Trd, 2591429.329, 265
Trd, 2591429.729, 243
Trd, 2591430.146, 248
Trd, 2591430.429, 246
Trd, 2591430.946, 228
Trd, 2591431.263, 272
Trd, 2591431.713, 255
Trd, 2591431.829, 237
Trd, 2591433.413, 232
Trd, 2591433.596, 227
Trd, 2591433.963, 261
Trd, 2591434.163, 221
Trd, 2591435.246, 227
Trd, 2591435.329, 222
Trd, 2591435.379, 220
Trd, 2591436.696, 234
Trd, 2591437.146, 237
Trd, 2591437.196, 241
Trd, 2591437.696, 265
Trd, 2591439.113, 250
Trd, 2591439.863, 251
Trd, 2591440.629, 252
Trd, 2591441.029, 250
Trd, 2591441.663, 258
Trd, 2591442.129, 251
Trd, 2591443.213, 243
Trd, 2591444.213, 244
Trd, 2591444.629, 239
Trd, 2591445.046, 261
Trd, 2591445.729, 253
Trd, 2591447.563, 258
Trd, 2591448.229, 258
Trd, 2591448.746, 264
Trd, 2591449.013, 265
Trd, 2591449.079, 255
Trd, 2591449.463, 268
Trd, 2591449.679, 251
Trd, 2591449.879, 272
Trd, 2591450.846, 246
Trd, 2591450.879, 261
Trd, 2591450.946, 275
Trd, 2591451.596, 245
Trd, 2591453.213, 260
Trd, 2591453.729, 247
Trd, 2591455.146, 246
Trd, 2591455.579, 241
Trd, 2591456.763, 249
Trd, 2591456.829, 262
Trd, 2591456.863, 248
Trd, 2591457.763, 257
Trd, 2591457.963, 254
Trd, 2591457.979, 238
Trd, 2591458.096, 237
Trd, 2591458.696, 263
Trd, 2591458.979, 254
Trd, 2591461.846, 251
Trd, 2591462.229, 265
Trd, 2591463.179, 246
Trd, 2591463.413, 245
Trd, 2591466.029, 258
Trd, 2591466.313, 260
Trd, 2591467.329, 248
Trd, 2591467.346, 244
Trd, 2591467.563, 268
Trd, 2591468.563, 264
Trd, 2591468.996, 263
Trd, 2591469.046, 261
Trd, 2591470.963, 243
Trd, 2591471.146, 241
Trd, 2591471.163, 265
Trd, 2591472.063, 235
Trd, 2591472.346, 269
Trd, 2591472.879, 248
Trd, 2591473.496, 251
Trd, 2591476.046, 250
Trd, 2591476.679, 268
Trd, 2591477.163, 235
Trd, 2591478.146, 242
Trd, 2591478.996, 258
Trd, 2591479.013, 243
Trd, 2591480.629, 250
Trd, 2591481.479, 246
Trd, 2591482.113, 247
Trd, 2591482.563, 248
Trd, 2591482.846, 246
Trd, 2591482.863, 248
Trd, 2591483.379, 247
Trd, 2591483.996, 252
Trd, 2591484.613, 258
Trd, 2591485.029, 248
Trd, 2591485.463, 239
Trd, 2591486.229, 253
Trd, 2591486.313, 268
Trd, 2591486.379, 248
Trd, 2591488.063, 242
Trd, 2591488.729, 244
Trd, 2591491.229, 246
Trd, 2591491.263, 247
Trd, 2591491.713, 248
Trd, 2591491.863, 245
Trd, 2591492.346, 268
Trd, 2591492.579, 244
Trd, 2591492.946, 244
Trd, 2591492.979, 237
Trd, 2591494.763, 244
Trd, 2591495.896, 247
Trd, 2591496.246, 244
Trd, 2591496.263, 241
Trd, 2591498.313, 242
Trd, 2591498.913, 233
Trd, 2591499.379, 243
Trd, 2591499.429, 228
Trd, 2591500.429, 227
Trd, 2591500.829, 252
Trd, 2591501.163, 258
Trd, 2591502.196, 246
Trd, 2591502.346, 268
Trd, 2591502.396, 272
Trd, 2591502.996, 255
Trd, 2591503.063, 255
Trd, 2591503.146, 276
Trd, 2591503.263, 244
Trd, 2591503.496, 237
Trd, 2591505.963, 259
Trd, 2591506.546, 259
Trd, 2591506.796, 258
Trd, 2591507.596, 259
Trd, 2591509.829, 254
Trd, 2591511.196, 251
Trd, 2591511.363, 243
Trd, 2591511.513, 239
Trd, 2591512.796, 233
Trd, 2591513.196, 256
Trd, 2591513.329, 236
Trd, 2591513.463, 238
Trd, 2591514.696, 230
Trd, 2591514.996, 252
Trd, 2591515.263, 227
Trd, 2591515.963, 241
Trd, 2591516.013, 263
Trd, 2591516.263, 265
Trd, 2591517.413, 245
Trd, 2591518.863, 245
Trd, 2591518.913, 244
Trd, 2591519.396, 248
Trd, 2591519.979, 263
Trd, 2591521.079, 254
Trd, 2591521.463, 265
Trd, 2591522.113, 251
Trd, 2591522.579, 252
Trd, 2591522.763, 242
Trd, 2591523.863, 254
Trd, 2591523.979, 242
Trd, 2591525.579, 258
Trd, 2591525.879, 259
Trd, 2591526.896, 248
Trd, 2591527.346, 250
Trd, 2591527.446, 243
Trd, 2591527.963, 243
Trd, 2591528.346, 234
Trd, 2591528.363, 230
Trd, 2591529.663, 227
Trd, 2591530.296, 246
Trd, 2591530.313, 242
Trd, 2591531.013, 249
Trd, 2591532.029, 235
Trd, 2591533.279, 240
Trd, 2591534.263, 250
Trd, 2591535.146, 255
Trd, 2591535.329, 251
Trd, 2591535.579, 251
Trd, 2591535.679, 265
Trd, 2591536.079, 245
Trd, 2591537.129, 259
Trd, 2591537.429, 239
Trd, 2591538.629, 245
Trd, 2591538.996, 251
Trd, 2591539.113, 252
Trd, 2591539.363, 246
Trd, 2591539.396, 268
Trd, 2591540.979, 246
Trd, 2591541.196, 244
Trd, 2591542.029, 236
Trd, 2591542.363, 263
Trd, 2591543.113, 248
Trd, 2591543.696, 243
Trd, 2591545.163, 241
Trd, 2591545.346, 267
Trd, 2591545.446, 263
Trd, 2591545.863, 236
Trd, 2591546.596, 248
Trd, 2591546.929, 238
Trd, 2591548.646, 244
Trd, 2591549.179, 258
Trd, 2591549.363, 235
Trd, 2591549.879, 235
Trd, 2591550.529, 264
Trd, 2591551.129, 244
Trd, 2591552.513, 251
Trd, 2591552.663, 257
Trd, 2591553.713, 258
Trd, 2591555.879, 250
Trd, 2591556.863, 257
Trd, 2591556.963, 255
Trd, 2591557.079, 247
Trd, 2591558.046, 255
Trd, 2591558.279, 256
Trd, 2591558.296, 245
Trd, 2591559.329, 255
Trd, 2591559.729, 243
Trd, 2591559.829, 264
Trd, 2591560.613, 231
Trd, 2591560.829, 261
Trd, 2591560.996, 225
Trd, 2591562.496, 249
Trd, 2591562.663, 234
Trd, 2591563.813, 248
Trd, 2591565.096, 233
Trd, 2591565.196, 233
Trd, 2591565.863, 260
Trd, 2591567.346, 226
Trd, 2591567.779, 225
Trd, 2591568.363, 235
Trd, 2591568.446, 254
Trd, 2591568.613, 233
Trd, 2591568.846, 234
Trd, 2591569.629, 250
Trd, 2591571.129, 249
Trd, 2591571.413, 248
Trd, 2591571.629, 247
Trd, 2591572.229, 242
Trd, 2591572.996, 263
Trd, 2591573.863, 259
Trd, 2591574.129, 265
Trd, 2591574.263, 255
Trd, 2591575.263, 251
Trd, 2591576.796, 244
Trd, 2591577.513, 238
Trd, 2591577.529, 258
Trd, 2591579.146, 244
Trd, 2591579.296, 243
Trd, 2591579.829, 251
Trd, 2591580.096, 258
Trd, 2591581.279, 247
Trd, 2591581.996, 238
Trd, 2591582.496, 239
Trd, 2591582.829, 240
Trd, 2591583.579, 241
Trd, 2591583.796, 233
Trd, 2591584.013, 237
Trd, 2591584.179, 236
Trd, 2591584.479, 230
Trd, 2591585.796, 230
Trd, 2591586.196, 234
Trd, 2591586.996, 241
Trd, 2591587.163, 240
Trd, 2591587.263, 227
Trd, 2591587.413, 248
Trd, 2591588.896, 248
Trd, 2591589.429, 251
Trd, 2591591.013, 252
Trd, 2591591.896, 254
Trd, 2591592.363, 258
Trd, 2591592.863, 256
Trd, 2591592.963, 265
Trd, 2591593.046, 268
Trd, 2591595.546, 264
Trd, 2591595.829, 257
Trd, 2591597.229, 267
Trd, 2591597.563, 265
Trd, 2591597.863, 258
Trd, 2591598.079, 255
Trd, 2591598.879, 266
Trd, 2591599.363, 268
Trd, 2591599.396, 264
Trd, 2591599.913, 251
Trd, 2591601.396, 246
Trd, 2591601.629, 246
Trd, 2591602.313, 237
Trd, 2591602.596, 269
Trd, 2591602.763, 239
Trd, 2591602.946, 270
Trd, 2591603.346, 272
Trd, 2591604.129, 271
Trd, 2591605.046, 279
Trd, 2591605.229, 266
Trd, 2591605.413, 234
Trd, 2591606.146, 227
Trd, 2591606.213, 232
Trd, 2591606.696, 241
Trd, 2591607.163, 233
Trd, 2591609.029, 240
Trd, 2591610.129, 244
Trd, 2591611.396, 255
Trd, 2591612.229, 248
Trd, 2591612.329, 244
Trd, 2591613.313, 265
Trd, 2591613.863, 252
Trd, 2591614.196, 251
Trd, 2591614.963, 257
Trd, 2591615.429, 254
Trd, 2591616.946, 255
Trd, 2591616.996, 256
Trd, 2591617.663, 271
Trd, 2591617.729, 243
Trd, 2591618.613, 248
Trd, 2591619.663, 245
Trd, 2591619.879, 246
Trd, 2591620.329, 259
Trd, 2591621.229, 246
Trd, 2591621.746, 258
Trd, 2591621.846, 264
Trd, 2591622.196, 257
Trd, 2591622.529, 265
Trd, 2591622.563, 252
Trd, 2591622.879, 251
Trd, 2591623.279, 264
Trd, 2591625.013, 265
Trd, 2591625.096, 243
Trd, 2591626.329, 248
Trd, 2591626.496, 236
Trd, 2591627.513, 253
Trd, 2591628.129, 252
Trd, 2591628.763, 234
Trd, 2591629.896, 261
Trd, 2591630.429, 265
Trd, 2591631.163, 241
Trd, 2591632.013, 240
Trd, 2591632.263, 239
Trd, 2591632.379, 235
Trd, 2591632.613, 263
Trd, 2591633.446, 260
Trd, 2591633.463, 261
Trd, 2591633.546, 263
Trd, 2591634.696, 254
Trd, 2591635.129, 244
Trd, 2591635.929, 235
Trd, 2591637.029, 249
Trd, 2591638.529, 263
Trd, 2591638.696, 265
Trd, 2591639.179, 260
Trd, 2591639.546, 249
Trd, 2591640.096, 268
Trd, 2591640.263, 258
Trd, 2591641.046, 252
Trd, 2591641.496, 251
Trd, 2591641.796, 274
Trd, 2591642.246, 243
Trd, 2591643.546, 244
Trd, 2591644.213, 258
Trd, 2591644.279, 250
Trd, 2591644.546, 249
Trd, 2591645.213, 248
Trd, 2591647.079, 240
Trd, 2591647.546, 240
Trd, 2591649.163, 244
Trd, 2591650.163, 239
Trd, 2591650.196, 254
Trd, 2591650.479, 241
Trd, 2591650.713, 244
Trd, 2591650.729, 257
Trd, 2591650.946, 258
Trd, 2591650.963, 265
Trd, 2591651.246, 249
Trd, 2591651.463, 239
Trd, 2591652.396, 237
Trd, 2591653.563, 241
Trd, 2591654.363, 252
Trd, 2591654.796, 253
Trd, 2591655.163, 266
Trd, 2591655.679, 248
Trd, 2591655.996, 267
Trd, 2591656.963, 264
Trd, 2591657.413, 268
Trd, 2591659.179, 254
Trd, 2591659.196, 253
Trd, 2591659.446, 250
Trd, 2591660.813, 245
Trd, 2591660.929, 244
Trd, 2591661.046, 269
Trd, 2591661.246, 272
Trd, 2591661.863, 276
Trd, 2591662.613, 237
Trd, 2591663.563, 257
Trd, 2591664.429, 243
Trd, 2591666.246, 241
Trd, 2591666.729, 256
Trd, 2591667.196, 238
Trd, 2591667.529, 244
Trd, 2591667.763, 234
Trd, 2591668.663, 248
Trd, 2591669.196, 247
Trd, 2591669.829, 258
Trd, 2591669.913, 260
Trd, 2591670.029, 256
Trd, 2591671.313, 258
Trd, 2591672.696, 255
Trd, 2591673.246, 258
Trd, 2591673.379, 252
Trd, 2591674.579, 237
Trd, 2591674.646, 245
Trd, 2591674.679, 246
Trd, 2591674.729, 233
Trd, 2591675.029, 258
Trd, 2591675.296, 255
Trd, 2591675.646, 241
Trd, 2591677.279, 265
Trd, 2591677.563, 241
Trd, 2591678.613, 251
Trd, 2591681.563, 249
Trd, 2591682.179, 249
Trd, 2591682.213, 245
Trd, 2591682.996, 239
Trd, 2591683.429, 250
Trd, 2591683.713, 236
Trd, 2591684.029, 234
Trd, 2591684.496, 234
Trd, 2591684.713, 228
Trd, 2591684.896, 249
Trd, 2591686.446, 250
Trd, 2591686.513, 249
Trd, 2591687.079, 242
Trd, 2591687.279, 260
Trd, 2591687.713, 265
Trd, 2591689.296, 253
Trd, 2591689.363, 251
Trd, 2591689.779, 254
Trd, 2591690.046, 244
Trd, 2591690.063, 239
Trd, 2591690.163, 237
Trd, 2591690.346, 232
Trd, 2591690.379, 261
Trd, 2591691.196, 247
Trd, 2591692.579, 248
Trd, 2591693.679, 257
Trd, 2591694.163, 254
Trd, 2591694.446, 265
Trd, 2591694.929, 249
Trd, 2591696.329, 257
Trd, 2591696.713, 257
Trd, 2591696.763, 254
Trd, 2591696.879, 251
Trd, 2591699.396, 257
Trd, 2591699.713, 258
Trd, 2591699.779, 253
Trd, 2591700.113, 247
Trd, 2591701.013, 247
Trd, 2591701.479, 265
Trd, 2591701.563, 268
Trd, 2591701.696, 248
Trd, 2591703.146, 263
Trd, 2591703.613, 251
Trd, 2591704.313, 245
Trd, 2591704.546, 272
Trd, 2591705.946, 265
Trd, 2591706.113, 279
Trd, 2591706.946, 265
Trd, 2591707.546, 262
Trd, 2591708.846, 241
Trd, 2591709.079, 236
Trd, 2591709.679, 240
Trd, 2591710.579, 241
Trd, 2591710.813, 264
Trd, 2591711.179, 272
Trd, 2591711.613, 243
Trd, 2591712.079, 242
Trd, 2591712.113, 241
Trd, 2591713.096, 248
Trd, 2591713.479, 244
Trd, 2591714.046, 248
Trd, 2591714.813, 258
Trd, 2591717.479, 255
Trd, 2591718.096, 253
Trd, 2591718.429, 258
Trd, 2591719.296, 245
Trd, 2591719.313, 244
Trd, 2591720.479, 244
Trd, 2591720.513, 244
Trd, 2591721.246, 249
Trd, 2591721.296, 242
Trd, 2591721.779, 249
Trd, 2591721.929, 249
Trd, 2591723.563, 236
Trd, 2591723.863, 241
Trd, 2591724.096, 255
Trd, 2591725.829, 251
Trd, 2591725.863, 251
Trd, 2591726.479, 250
Trd, 2591727.113, 246
Trd, 2591727.229, 267
Trd, 2591728.029, 255
Trd, 2591728.263, 244
Trd, 2591728.529, 265
Trd, 2591728.763, 231
Trd, 2591730.196, 258
Trd, 2591730.579, 257
Trd, 2591731.563, 255
Trd, 2591731.663, 252
Trd, 2591731.746, 247
Trd, 2591733.729, 261
Trd, 2591734.496, 267
Trd, 2591734.763, 260
Trd, 2591735.363, 256
Trd, 2591735.946, 237
Trd, 2591736.096, 231
Trd, 2591736.479, 231
Trd, 2591736.513, 268
Trd, 2591736.646, 230
Trd, 2591736.696, 272
Trd, 2591737.179, 238
Trd, 2591739.029, 237
Trd, 2591740.763, 265
Trd, 2591742.046, 260
Trd, 2591742.113, 270
Trd, 2591743.046, 260
Trd, 2591743.363, 258
Trd, 2591743.813, 269
Trd, 2591744.513, 257
Trd, 2591745.063, 255
Trd, 2591745.979, 254
Trd, 2591746.146, 251
Trd, 2591746.213, 247
Trd, 2591746.329, 243
Trd, 2591747.463, 260
Trd, 2591748.663, 241
Trd, 2591749.413, 245
Trd, 2591749.929, 245
Trd, 2591750.079, 265
Trd, 2591751.546, 268
Trd, 2591751.679, 265
Trd, 2591751.746, 272
Trd, 2591751.846, 258
Trd, 2591752.013, 258
Trd, 2591753.063, 251
Trd, 2591754.946, 245
Trd, 2591755.046, 240
Trd, 2591755.579, 237
Trd, 2591755.629, 234
Trd, 2591756.513, 237
Trd, 2591756.646, 248
Trd, 2591756.846, 227
Trd, 2591757.013, 251
Trd, 2591757.463, 223
Trd, 2591757.763, 262
Trd, 2591758.179, 221
Trd, 2591758.546, 219
Trd, 2591760.346, 267
Trd, 2591760.396, 269
Trd, 2591760.829, 272
Trd, 2591761.596, 247
Trd, 2591762.613, 248
Trd, 2591763.746, 249
Trd, 2591763.863, 248
Trd, 2591764.446, 246
Trd, 2591764.963, 246
Trd, 2591765.129, 249
Trd, 2591765.463, 243
Trd, 2591767.046, 263
Trd, 2591767.346, 249
Trd, 2591767.513, 248
Trd, 2591768.079, 244
Trd, 2591769.679, 269
Trd, 2591769.896, 263
Trd, 2591770.863, 257
Trd, 2591772.996, 251
Trd, 2591773.196, 246
Trd, 2591773.829, 261
Trd, 2591774.129, 244
Trd, 2591774.179, 239
Trd, 2591775.479, 253
Trd, 2591775.979, 236
Trd, 2591776.129, 242
Trd, 2591776.446, 250
Trd, 2591779.263, 247
Trd, 2591779.779, 244
Trd, 2591780.046, 265
Trd, 2591780.663, 240
Trd, 2591781.846, 267
Trd, 2591782.096, 266
Trd, 2591782.113, 266
Trd, 2591782.563, 265
Trd, 2591782.679, 268
Trd, 2591782.813, 272
Trd, 2591783.179, 250
Trd, 2591783.263, 236
Trd, 2591784.679, 270
Trd, 2591785.579, 250
Trd, 2591786.613, 238
Trd, 2591786.829, 241
Trd, 2591787.046, 238
Trd, 2591787.329, 248
Trd, 2591787.413, 239
Trd, 2591788.263, 233
Trd, 2591788.346, 233
Trd, 2591788.629, 228
Trd, 2591788.979, 227
Trd, 2591791.229, 253
Trd, 2591791.663, 224
Trd, 2591791.696, 250
Trd, 2591792.546, 243
Trd, 2591794.296, 259
Trd, 2591796.063, 242
Trd, 2591796.679, 265
Trd, 2591797.029, 240
Trd, 2591798.279, 251
Trd, 2591798.413, 250
Trd, 2591798.946, 257
Trd, 2591799.229, 263
Trd, 2591800.163, 263
Trd, 2591800.413, 259
Trd, 2591800.446, 244
Trd, 2591801.179, 248
Trd, 2591801.879, 244
Trd, 2591802.663, 243
Trd, 2591802.746, 242
Trd, 2591803.113, 268
Trd, 2591803.196, 234
Trd, 2591803.879, 235
Trd, 2591804.563, 230
Trd, 2591805.813, 238
Trd, 2591806.179, 238
Trd, 2591806.596, 242
Trd, 2591808.179, 235
Trd, 2591808.463, 245
Trd, 2591808.579, 248
Trd, 2591808.979, 258
Trd, 2591809.129, 245
Trd, 2591810.879, 247
Trd, 2591811.279, 244
Trd, 2591812.379, 261
Trd, 2591812.646, 260
Trd, 2591813.796, 253
Trd, 2591813.896, 250
Trd, 2591814.179, 237
Trd, 2591814.396, 235
Trd, 2591815.546, 258
Trd, 2591815.596, 238
Trd, 2591817.396, 248
Trd, 2591819.013, 258
Trd, 2591820.596, 263
Trd, 2591821.179, 258
Trd, 2591821.213, 255
Trd, 2591821.363, 252
Trd, 2591821.396, 251
Trd, 2591821.779, 232
Trd, 2591822.046, 251
Trd, 2591823.379, 234
Trd, 2591823.963, 238
Trd, 2591824.129, 251
Trd, 2591824.296, 245
Trd, 2591824.596, 267
Trd, 2591824.929, 248
Trd, 2591826.913, 249
Trd, 2591827.813, 257
Trd, 2591827.913, 247
Trd, 2591828.046, 242
Trd, 2591828.413, 259
Trd, 2591829.229, 245
Trd, 2591829.596, 264
Trd, 2591829.829, 261
Trd, 2591830.813, 249
Trd, 2591831.229, 257
Trd, 2591831.663, 266
Trd, 2591832.979, 248
Trd, 2591833.163, 268
Trd, 2591833.579, 239
Trd, 2591834.079, 250
Trd, 2591834.446, 246
Trd, 2591834.479, 241
Trd, 2591835.263, 263
Trd, 2591836.379, 244
Trd, 2591836.546, 238
Trd, 2591836.813, 248
Trd, 2591839.679, 255
Trd, 2591840.546, 257
Trd, 2591840.679, 249
Trd, 2591841.046, 248
Trd, 2591841.329, 256
Trd, 2591841.829, 259
Trd, 2591842.779, 234
Trd, 2591843.829, 232
Trd, 2591844.129, 232
Trd, 2591844.363, 265
Trd, 2591844.563, 237
Trd, 2591844.579, 261
Trd, 2591845.563, 270
Trd, 2591845.829, 271
Trd, 2591846.913, 253
Trd, 2591848.729, 258
Trd, 2591848.813, 272
Trd, 2591849.096, 253
Trd, 2591849.563, 258
Trd, 2591851.446, 252
Trd, 2591851.679, 251
Trd, 2591853.879, 252
Trd, 2591853.963, 246
Trd, 2591854.963, 255
Trd, 2591855.696, 244
Trd, 2591855.913, 243
Trd, 2591856.429, 237
Trd, 2591857.429, 252
Trd, 2591857.829, 234
Trd, 2591858.546, 259
Trd, 2591858.579, 256
Trd, 2591859.313, 237
Trd, 2591861.063, 249
Trd, 2591862.463, 259
Trd, 2591862.596, 260
Trd, 2591863.746, 253
Trd, 2591864.279, 254
Trd, 2591864.646, 257
Trd, 2591865.996, 259
Trd, 2591866.113, 258
Trd, 2591868.196, 252
Trd, 2591868.696, 262
Trd, 2591869.263, 256
Trd, 2591869.829, 253
Trd, 2591871.413, 248
Trd, 2591871.863, 265
Trd, 2591872.179, 248
Trd, 2591872.913, 240
Trd, 2591873.446, 227
Trd, 2591873.463, 243
Trd, 2591873.579, 267
Trd, 2591874.113, 237
Trd, 2591874.279, 236
Trd, 2591874.379, 234
Trd, 2591874.796, 268
Trd, 2591874.946, 233
Trd, 2591875.079, 253
Trd, 2591875.179, 236
Trd, 2591876.429, 264
Trd, 2591876.746, 251
Trd, 2591878.163, 247
Trd, 2591879.429, 246
Trd, 2591879.879, 258
Trd, 2591880.946, 255
Trd, 2591881.079, 250
Trd, 2591881.946, 246
Trd, 2591882.079, 264
Trd, 2591882.729, 264
Trd, 2591883.646, 259
Trd, 2591885.496, 243
Trd, 2591886.213, 248
Trd, 2591886.379, 243
Trd, 2591887.146, 256
Trd, 2591888.729, 257
Trd, 2591888.896, 237
Trd, 2591889.396, 255
Trd, 2591890.329, 240
Trd, 2591890.563, 234
Trd, 2591890.646, 241
Trd, 2591891.013, 258
Trd, 2591892.596, 266
Trd, 2591892.913, 238
Trd, 2591893.146, 238
Trd, 2591893.596, 240
Trd, 2591894.246, 243
Trd, 2591895.179, 245
Trd, 2591895.696, 250
Trd, 2591895.779, 245
Trd, 2591896.296, 243
Trd, 2591896.913, 251
Trd, 2591896.946, 243
Trd, 2591897.396, 242
Trd, 2591897.663, 251
Trd, 2591898.579, 244
Trd, 2591899.729, 265
Trd, 2591900.379, 251
Trd, 2591900.479, 265
Trd, 2591902.413, 251
Trd, 2591902.479, 266
Trd, 2591903.246, 242
Trd, 2591903.996, 259
Trd, 2591904.013, 245
Trd, 2591905.179, 233
Trd, 2591905.279, 227
Trd, 2591906.129, 251
Trd, 2591908.446, 258
Trd, 2591908.663, 237
Trd, 2591908.696, 259
Trd, 2591908.996, 238
Trd, 2591909.063, 262
Trd, 2591909.179, 236
Trd, 2591909.279, 235
Trd, 2591910.646, 239
Trd, 2591911.863, 244
Trd, 2591913.096, 242
Trd, 2591913.996, 259
Trd, 2591914.779, 255
Trd, 2591916.063, 254
Trd, 2591916.096, 255
Trd, 2591916.796, 259
Trd, 2591916.946, 255
Trd, 2591917.396, 265
Trd, 2591918.296, 254
Trd, 2591918.913, 251
Trd, 2591918.979, 248
Trd, 2591920.429, 249
Trd, 2591920.863, 245
Trd, 2591921.729, 259
Trd, 2591921.796, 243
Trd, 2591922.496, 234
Trd, 2591923.229, 234
Trd, 2591923.379, 227
Trd, 2591924.013, 241
Trd, 2591924.096, 259
Trd, 2591924.146, 238
Trd, 2591926.046, 265
Trd, 2591926.096, 247
Trd, 2591926.813, 234
Trd, 2591927.563, 259
Trd, 2591927.679, 240
Trd, 2591928.479, 261
Trd, 2591929.613, 241
Trd, 2591930.096, 227
Trd, 2591930.563, 248
Trd, 2591931.613, 252
Trd, 2591932.013, 237
Trd, 2591932.463, 260
Trd, 2591932.896, 265
Trd, 2591932.913, 233
Trd, 2591933.229, 252
Trd, 2591933.363, 244
Trd, 2591934.279, 235
Trd, 2591934.463, 246
Trd, 2591934.763, 258
Trd, 2591936.129, 232
Trd, 2591936.196, 229
Trd, 2591937.763, 230
Trd, 2591938.746, 238
Trd, 2591940.313, 230
Trd, 2591941.013, 242
Trd, 2591941.046, 243
Trd, 2591941.396, 238
Trd, 2591942.063, 235
Trd, 2591942.946, 237
Trd, 2591943.513, 244
Trd, 2591944.663, 254
Trd, 2591946.013, 262
Trd, 2591946.579, 256
Trd, 2591947.146, 254
Trd, 2591947.629, 259
Trd, 2591947.796, 248
Trd, 2591948.096, 245
Trd, 2591948.413, 251
Trd, 2591948.496, 241
Trd, 2591950.063, 258
Trd, 2591950.313, 270
Trd, 2591951.163, 255
Trd, 2591951.879, 250
Trd, 2591952.446, 245
Trd, 2591952.629, 244
Trd, 2591953.629, 267
Trd, 2591954.013, 268
Trd, 2591954.863, 237
Trd, 2591956.879, 233
Trd, 2591957.129, 233
Trd, 2591957.529, 240
Trd, 2591957.879, 241
Trd, 2591958.079, 258
Trd, 2591958.229, 272
Trd, 2591958.563, 237
Trd, 2591959.046, 275
Trd, 2591960.113, 255
Trd, 2591960.179, 222
Trd, 2591960.946, 224
Trd, 2591961.846, 272
Trd, 2591962.296, 271
Trd, 2591962.579, 253
Trd, 2591963.813, 251
Trd, 2591964.179, 248
Trd, 2591966.663, 254
Trd, 2591966.679, 244
Trd, 2591966.829, 243
Trd, 2591967.146, 250
Trd, 2591968.613, 249
Trd, 2591969.313, 257
Trd, 2591969.579, 244
Trd, 2591969.629, 242
Trd, 2591970.296, 260
Trd, 2591970.663, 239
Trd, 2591971.513, 248
Trd, 2591971.996, 258
Trd, 2591972.146, 252
Trd, 2591973.379, 245
Trd, 2591973.946, 241
Trd, 2591974.063, 237
Trd, 2591974.196, 260
Trd, 2591975.496, 263
Trd, 2591976.379, 262
Trd, 2591976.796, 235
Trd, 2591977.179, 268
Trd, 2591978.229, 266
Trd, 2591978.279, 258
Trd, 2591979.079, 264
Trd, 2591979.579, 249
Trd, 2591979.613, 248
Trd, 2591979.846, 248
Trd, 2591979.946, 265
Trd, 2591980.029, 261
Trd, 2591981.446, 255
Trd, 2591981.713, 266
Trd, 2591982.179, 265
Trd, 2591983.329, 251
Trd, 2591983.696, 247
Trd, 2591985.546, 243
Trd, 2591985.746, 236
Trd, 2591986.263, 275
Trd, 2591987.446, 245
Trd, 2591988.063, 253
Trd, 2591988.563, 251
Trd, 2591989.596, 269
Trd, 2591991.079, 274
Trd, 2591991.129, 265
Trd, 2591991.863, 275
Trd, 2591992.363, 274
Trd, 2591992.696, 279
Trd, 2591993.279, 272
Trd, 2591993.613, 264
Trd, 2591994.163, 262
Trd, 2591994.179, 262
Trd, 2591995.496, 267
Trd, 2591997.329, 259
Trd, 2591998.696, 259
Trd, 2591999.046, 258
