Trd, 2590687.563, 234
Trd, 2590688.513, 240
Trd, 2590688.579, 244
Trd, 2590690.579, 242
Trd, 2590690.879, 241
Trd, 2590690.963, 234
Trd, 2590691.546, 243
Trd, 2590691.996, 246
Trd, 2590694.129, 245
Trd, 2590694.363, 245
Trd, 2590695.063, 245
Trd, 2590695.513, 248
Trd, 2590696.679, 251
Trd, 2590697.496, 247
Trd, 2590698.196, 252
Trd, 2590698.546, 245
Trd, 2590698.613, 252
Trd, 2590699.446, 240
Trd, 2590699.579, 238
Trd, 2590700.246, 234
Trd, 2590700.813, 253
Trd, 2590701.413, 254
Trd, 2590701.929, 255
Trd, 2590702.879, 246
Trd, 2590703.513, 248
Trd, 2590704.546, 251
Trd, 2590705.279, 253
Trd, 2590705.946, 239
Trd, 2590706.463, 249
Trd, 2590706.646, 233
Trd, 2590707.013, 233
Trd, 2590707.046, 248
Trd, 2590707.263, 227
Trd, 2590708.096, 243
Trd, 2590709.263, 245
Trd, 2590710.446, 247
Trd, 2590710.963, 259
Trd, 2590711.479, 247
Trd, 2590712.629, 256
Trd, 2590713.046, 252
Trd, 2590713.629, 253
Trd, 2590713.746, 255
Trd, 2590714.529, 252
Trd, 2590715.146, 251
Trd, 2590715.946, 250
Trd, 2590716.296, 240
Trd, 2590716.513, 251
Trd, 2590716.963, 240
Trd, 2590717.513, 252
Trd, 2590718.829, 245
Trd, 2590719.296, 243
Trd, 2590720.146, 239
Trd, 2590720.896, 252
Trd, 2590723.379, 242
Trd, 2590724.146, 243
Trd, 2590724.279, 243
Trd, 2590724.846, 243
Trd, 2590725.113, 244
Trd, 2590725.246, 248
Trd, 2590725.363, 242
Trd, 2590726.596, 253
Trd, 2590727.429, 255
Trd, 2590727.679, 257
Trd, 2590727.879, 258
Trd, 2590727.929, 264
Trd, 2590728.129, 242
Trd, 2590728.329, 240
Trd, 2590729.779, 241
Trd, 2590730.196, 251
Trd, 2590730.496, 241
Trd, 2590730.563, 252
Trd, 2590731.463, 265
Trd, 2590731.813, 268
Trd, 2590731.946, 242
Trd, 2590732.046, 237
Trd, 2590733.113, 266
Trd, 2590734.396, 240
Trd, 2590735.146, 243
Trd, 2590735.813, 249
Trd, 2590736.346, 236
Trd, 2590736.879, 248
Trd, 2590737.746, 252
Trd, 2590739.013, 254
Trd, 2590739.046, 249
Trd, 2590739.446, 243
Trd, 2590741.446, 249
Trd, 2590741.513, 255
Trd, 2590741.746, 244
Trd, 2590743.363, 248
Trd, 2590743.729, 248
Trd, 2590744.396, 244
Trd, 2590744.846, 238
Trd, 2590745.029, 243
Trd, 2590745.046, 246
Trd, 2590745.563, 248
Trd, 2590746.546, 249
Trd, 2590746.796, 249
Trd, 2590746.979, 243
Trd, 2590749.663, 250
Trd, 2590750.396, 240
Trd, 2590751.463, 235
Trd, 2590751.879, 250
Trd, 2590752.763, 251
Trd, 2590753.463, 241
Trd, 2590753.513, 266
Trd, 2590753.963, 235
Trd, 2590754.113, 234
Trd, 2590754.229, 261
Trd, 2590754.496, 262
Trd, 2590754.729, 231
Trd, 2590755.229, 261
Trd, 2590756.396, 233
Trd, 2590756.429, 231
Trd, 2590757.263, 237
Trd, 2590758.029, 241
Trd, 2590759.296, 243
Trd, 2590759.779, 244
Trd, 2590761.213, 245
Trd, 2590762.913, 250
Trd, 2590763.313, 250
Trd, 2590763.596, 246
Trd, 2590763.713, 251
Trd, 2590765.463, 251
Trd, 2590765.496, 243
Trd, 2590766.246, 243
Trd, 2590766.296, 240
Trd, 2590766.413, 249
Trd, 2590766.513, 252
Trd, 2590766.663, 235
Trd, 2590766.813, 255
Trd, 2590768.429, 232
Trd, 2590769.379, 233
Trd, 2590769.763, 255
Trd, 2590771.879, 249
Trd, 2590772.263, 250
Trd, 2590772.763, 251
Trd, 2590773.663, 248
Trd, 2590773.913, 254
Trd, 2590774.513, 249
Trd, 2590774.546, 253
Trd, 2590774.779, 255
Trd, 2590775.813, 257
Trd, 2590776.329, 254
Trd, 2590777.096, 256
Trd, 2590777.296, 255
Trd, 2590777.863, 258
Trd, 2590779.863, 257
Trd, 2590780.246, 251
Trd, 2590780.279, 238
Trd, 2590780.629, 241
Trd, 2590780.746, 256
Trd, 2590781.779, 254
Trd, 2590781.829, 255
Trd, 2590782.379, 239
Trd, 2590784.413, 248
Trd, 2590785.913, 243
Trd, 2590786.179, 248
Trd, 2590786.396, 243
Trd, 2590786.946, 242
Trd, 2590786.963, 241
Trd, 2590787.896, 242
Trd, 2590788.096, 235
Trd, 2590788.363, 243
Trd, 2590788.663, 243
Trd, 2590789.513, 233
Trd, 2590790.213, 235
Trd, 2590790.363, 247
Trd, 2590790.679, 236
Trd, 2590791.813, 247
Trd, 2590793.029, 248
Trd, 2590794.096, 251
Trd, 2590794.713, 243
Trd, 2590795.613, 249
Trd, 2590796.846, 244
Trd, 2590796.996, 244
Trd, 2590797.596, 241
Trd, 2590797.979, 240
Trd, 2590798.313, 243
Trd, 2590798.746, 242
Trd, 2590798.779, 247
Trd, 2590799.313, 244
Trd, 2590800.246, 255
Trd, 2590800.313, 244
Trd, 2590800.996, 257
Trd, 2590801.896, 244
Trd, 2590803.629, 260
Trd, 2590804.713, 260
Trd, 2590805.146, 260
Trd, 2590805.196, 247
Trd, 2590806.029, 247
Trd, 2590806.063, 243
Trd, 2590806.146, 235
Trd, 2590806.813, 264
Trd, 2590806.913, 250
Trd, 2590808.129, 250
Trd, 2590808.763, 248
Trd, 2590809.896, 249
Trd, 2590810.563, 242
Trd, 2590811.146, 240
Trd, 2590812.363, 238
Trd, 2590812.596, 240
Trd, 2590813.029, 237
Trd, 2590813.263, 239
Trd, 2590813.379, 235
Trd, 2590813.646, 240
Trd, 2590813.763, 233
Trd, 2590815.346, 231
Trd, 2590815.563, 241
Trd, 2590817.196, 232
Trd, 2590817.263, 244
Trd, 2590817.279, 231
Trd, 2590817.296, 248
Trd, 2590819.513, 251
Trd, 2590819.529, 258
Trd, 2590819.929, 230
Trd, 2590820.396, 231
Trd, 2590821.146, 233
Trd, 2590821.796, 242
Trd, 2590822.479, 242
Trd, 2590822.613, 256
Trd, 2590823.046, 255
Trd, 2590823.079, 237
Trd, 2590824.146, 252
Trd, 2590824.496, 254
Trd, 2590824.763, 262
Trd, 2590825.313, 251
Trd, 2590825.663, 248
Trd, 2590825.946, 246
Trd, 2590826.296, 243
Trd, 2590827.446, 256
Trd, 2590829.646, 258
Trd, 2590830.679, 258
Trd, 2590831.463, 255
Trd, 2590832.146, 249
Trd, 2590832.513, 248
Trd, 2590834.313, 249
Trd, 2590835.079, 248
Trd, 2590835.296, 248
Trd, 2590835.579, 247
Trd, 2590836.529, 248
Trd, 2590836.763, 237
Trd, 2590837.063, 235
Trd, 2590837.763, 248
Trd, 2590837.996, 249
Trd, 2590838.046, 253
Trd, 2590838.129, 254
Trd, 2590839.146, 255
Trd, 2590839.713, 254
Trd, 2590840.813, 254
Trd, 2590841.979, 254
Trd, 2590842.496, 250
Trd, 2590843.929, 246
Trd, 2590844.263, 250
Trd, 2590845.546, 246
Trd, 2590845.629, 247
Trd, 2590845.846, 244
Trd, 2590846.129, 242
Trd, 2590846.546, 245
Trd, 2590847.013, 246
Trd, 2590847.379, 248
Trd, 2590847.779, 245
Trd, 2590847.946, 241
Trd, 2590850.113, 239
Trd, 2590850.263, 252
Trd, 2590850.663, 254
Trd, 2590850.779, 255
Trd, 2590853.263, 256
Trd, 2590853.796, 242
Trd, 2590853.896, 255
Trd, 2590853.913, 259
Trd, 2590853.996, 262
Trd, 2590854.496, 241
Trd, 2590856.079, 243
Trd, 2590856.946, 243
Trd, 2590857.829, 244
Trd, 2590858.929, 241
Trd, 2590859.013, 240
Trd, 2590859.113, 239
Trd, 2590859.446, 229
Trd, 2590860.779, 237
Trd, 2590860.946, 237
Trd, 2590861.196, 253
Trd, 2590861.913, 255
Trd, 2590862.413, 255
Trd, 2590863.496, 235
Trd, 2590863.846, 234
Trd, 2590865.179, 247
Trd, 2590865.896, 235
Trd, 2590866.263, 248
Trd, 2590866.879, 246
Trd, 2590867.696, 238
Trd, 2590868.363, 247
Trd, 2590868.429, 248
Trd, 2590869.046, 238
Trd, 2590870.246, 240
Trd, 2590870.346, 255
Trd, 2590870.529, 253
Trd, 2590870.629, 240
Trd, 2590871.946, 252
Trd, 2590873.046, 251
Trd, 2590873.079, 251
Trd, 2590873.146, 253
Trd, 2590873.346, 245
Trd, 2590874.163, 253
Trd, 2590874.296, 259
Trd, 2590875.196, 263
Trd, 2590876.229, 246
Trd, 2590876.479, 242
Trd, 2590876.546, 235
Trd, 2590877.829, 260
Trd, 2590877.996, 233
Trd, 2590878.446, 232
Trd, 2590879.196, 228
Trd, 2590880.279, 249
Trd, 2590881.679, 240
Trd, 2590882.096, 260
Trd, 2590883.079, 240
Trd, 2590883.229, 231
Trd, 2590884.096, 234
Trd, 2590884.563, 229
Trd, 2590885.363, 255
Trd, 2590885.613, 239
Trd, 2590885.713, 255
Trd, 2590885.863, 255
Trd, 2590886.446, 258
Trd, 2590887.463, 263
Trd, 2590888.013, 235
Trd, 2590888.163, 260
Trd, 2590888.879, 238
Trd, 2590890.613, 249
Trd, 2590892.096, 248
Trd, 2590892.246, 249
Trd, 2590893.529, 255
Trd, 2590893.779, 256
Trd, 2590893.896, 260
Trd, 2590894.696, 263
Trd, 2590894.846, 263
Trd, 2590895.113, 262
Trd, 2590896.946, 258
Trd, 2590897.829, 252
Trd, 2590898.213, 253
Trd, 2590898.396, 255
Trd, 2590898.996, 251
Trd, 2590899.013, 253
Trd, 2590899.313, 244
Trd, 2590899.563, 238
Trd, 2590900.613, 247
Trd, 2590900.779, 238
Trd, 2590901.296, 247
Trd, 2590901.646, 240
Trd, 2590901.929, 240
Trd, 2590902.129, 237
Trd, 2590902.696, 237
Trd, 2590903.096, 255
Trd, 2590903.746, 254
Trd, 2590904.379, 235
Trd, 2590905.929, 255
Trd, 2590906.213, 245
Trd, 2590906.429, 262
Trd, 2590906.913, 263
Trd, 2590907.063, 261
Trd, 2590908.479, 251
Trd, 2590909.113, 259
Trd, 2590909.496, 247
Trd, 2590911.229, 255
Trd, 2590911.563, 253
Trd, 2590911.829, 252
Trd, 2590912.579, 257
Trd, 2590912.829, 260
Trd, 2590913.163, 243
Trd, 2590913.963, 257
Trd, 2590914.196, 257
Trd, 2590914.446, 241
Trd, 2590914.863, 241
Trd, 2590915.746, 254
Trd, 2590917.096, 241
Trd, 2590917.213, 249
Trd, 2590918.163, 249
Trd, 2590918.779, 248
Trd, 2590919.246, 249
Trd, 2590920.279, 255
Trd, 2590920.529, 259
Trd, 2590920.579, 255
Trd, 2590923.029, 239
Trd, 2590923.063, 265
Trd, 2590923.679, 239
Trd, 2590923.896, 231
Trd, 2590924.029, 231
Trd, 2590924.563, 262
Trd, 2590924.763, 257
Trd, 2590924.929, 238
Trd, 2590925.246, 236
Trd, 2590926.113, 234
Trd, 2590926.313, 256
Trd, 2590926.746, 256
Trd, 2590927.313, 258
Trd, 2590929.229, 254
Trd, 2590930.463, 255
Trd, 2590930.479, 254
Trd, 2590930.579, 258
Trd, 2590931.629, 251
Trd, 2590932.246, 240
Trd, 2590932.813, 241
Trd, 2590932.879, 251
Trd, 2590932.963, 251
Trd, 2590933.446, 238
Trd, 2590933.513, 249
Trd, 2590935.129, 237
Trd, 2590935.163, 234
Trd, 2590936.279, 245
Trd, 2590936.996, 245
Trd, 2590937.146, 246
Trd, 2590937.296, 254
Trd, 2590938.029, 244
Trd, 2590941.113, 246
Trd, 2590941.246, 248
Trd, 2590941.679, 248
Trd, 2590942.496, 255
Trd, 2590943.396, 257
Trd, 2590943.946, 258
Trd, 2590944.296, 259
Trd, 2590944.446, 253
Trd, 2590944.846, 252
Trd, 2590945.263, 259
Trd, 2590945.763, 257
Trd, 2590945.779, 261
Trd, 2590945.863, 262
Trd, 2590946.013, 257
Trd, 2590946.446, 251
Trd, 2590946.579, 265
Trd, 2590947.146, 235
Trd, 2590947.163, 234
Trd, 2590949.379, 264
Trd, 2590950.246, 244
Trd, 2590951.229, 261
Trd, 2590951.529, 253
Trd, 2590953.229, 262
Trd, 2590953.996, 261
Trd, 2590954.063, 263
Trd, 2590954.763, 262
Trd, 2590955.613, 262
Trd, 2590955.663, 260
Trd, 2590956.879, 258
Trd, 2590957.629, 251
Trd, 2590958.363, 252
Trd, 2590960.246, 245
Trd, 2590960.496, 244
Trd, 2590961.379, 244
Trd, 2590961.513, 241
Trd, 2590961.696, 244
Trd, 2590962.046, 243
Trd, 2590962.246, 244
Trd, 2590962.296, 248
Trd, 2590962.746, 255
Trd, 2590963.379, 239
Trd, 2590964.296, 235
Trd, 2590964.646, 233
Trd, 2590964.796, 233
Trd, 2590965.263, 234
Trd, 2590966.063, 253
Trd, 2590968.029, 237
Trd, 2590968.729, 246
Trd, 2590969.413, 244
Trd, 2590970.046, 243
Trd, 2590970.079, 245
Trd, 2590970.596, 247
Trd, 2590970.679, 241
Trd, 2590971.063, 248
Trd, 2590971.379, 244
Trd, 2590972.663, 247
Trd, 2590972.946, 247
Trd, 2590973.613, 251
Trd, 2590973.713, 261
Trd, 2590974.696, 252
Trd, 2590976.079, 248
Trd, 2590976.513, 249
Trd, 2590976.779, 241
Trd, 2590977.263, 242
Trd, 2590978.296, 246
Trd, 2590980.079, 232
Trd, 2590980.529, 246
Trd, 2590980.746, 247
Trd, 2590981.263, 239
Trd, 2590982.429, 245
Trd, 2590982.829, 248
Trd, 2590983.413, 251
Trd, 2590983.479, 254
Trd, 2590983.896, 249
Trd, 2590984.046, 255
Trd, 2590984.613, 258
Trd, 2590985.146, 268
Trd, 2590985.646, 268
Trd, 2590985.896, 260
Trd, 2590986.029, 272
Trd, 2590986.346, 258
Trd, 2590986.779, 255
Trd, 2590988.096, 253
Trd, 2590989.363, 237
Trd, 2590990.863, 238
Trd, 2590991.063, 237
Trd, 2590992.213, 240
Trd, 2590992.546, 240
Trd, 2590992.646, 240
Trd, 2590992.679, 243
Trd, 2590992.696, 248
Trd, 2590992.779, 268
Trd, 2590993.213, 265
Trd, 2590996.429, 246
Trd, 2590996.663, 247
Trd, 2590997.063, 246
Trd, 2590997.413, 248
Trd, 2590997.579, 256
Trd, 2590998.479, 257
Trd, 2590998.546, 242
Trd, 2591000.129, 244
Trd, 2591000.296, 241
Trd, 2591002.729, 237
Trd, 2591003.129, 237
Trd, 2591003.663, 240
Trd, 2591003.779, 238
Trd, 2591003.863, 242
Trd, 2591005.179, 241
Trd, 2591005.496, 237
Trd, 2591005.546, 244
Trd, 2591005.996, 236
Trd, 2591006.913, 252
Trd, 2591007.329, 235
Trd, 2591007.363, 251
Trd, 2591010.179, 236
Trd, 2591010.479, 240
Trd, 2591010.496, 237
Trd, 2591010.779, 243
Trd, 2591010.946, 243
Trd, 2591012.413, 243
Trd, 2591012.463, 242
Trd, 2591012.496, 248
Trd, 2591012.663, 234
Trd, 2591012.696, 232
Trd, 2591012.896, 254
Trd, 2591014.229, 255
Trd, 2591016.413, 246
Trd, 2591016.663, 251
Trd, 2591017.146, 252
Trd, 2591017.196, 245
Trd, 2591018.229, 249
Trd, 2591019.346, 248
Trd, 2591019.729, 249
Trd, 2591019.929, 248
Trd, 2591020.613, 247
Trd, 2591020.929, 245
Trd, 2591021.796, 250
Trd, 2591022.063, 245
Trd, 2591022.379, 252
Trd, 2591023.879, 251
Trd, 2591024.229, 251
Trd, 2591025.179, 252
Trd, 2591025.263, 253
Trd, 2591025.429, 255
Trd, 2591026.846, 257
Trd, 2591027.163, 258
Trd, 2591027.546, 258
Trd, 2591027.646, 262
Trd, 2591027.663, 255
Trd, 2591027.696, 251
Trd, 2591028.029, 243
Trd, 2591029.279, 263
Trd, 2591029.929, 251
Trd, 2591030.313, 242
Trd, 2591031.329, 249
Trd, 2591032.063, 239
Trd, 2591032.079, 234
Trd, 2591032.646, 252
Trd, 2591033.879, 232
Trd, 2591034.279, 241
Trd, 2591034.329, 239
Trd, 2591034.379, 247
Trd, 2591035.829, 242
Trd, 2591036.163, 241
Trd, 2591037.979, 245
Trd, 2591038.829, 241
Trd, 2591039.546, 235
Trd, 2591039.763, 242
Trd, 2591039.863, 232
Trd, 2591040.529, 243
Trd, 2591040.696, 244
Trd, 2591041.279, 232
Trd, 2591041.779, 246
Trd, 2591042.513, 244
Trd, 2591043.213, 245
Trd, 2591043.446, 247
Trd, 2591044.529, 237
Trd, 2591045.913, 252
Trd, 2591046.029, 255
Trd, 2591046.513, 258
Trd, 2591047.629, 265
Trd, 2591048.513, 258
Trd, 2591048.729, 257
Trd, 2591049.463, 257
Trd, 2591049.813, 255
Trd, 2591050.913, 251
Trd, 2591051.079, 240
Trd, 2591052.179, 236
Trd, 2591052.213, 229
Trd, 2591052.729, 231
Trd, 2591053.163, 231
Trd, 2591053.263, 230
Trd, 2591053.863, 234
Trd, 2591053.963, 247
Trd, 2591054.529, 244
Trd, 2591054.696, 245
Trd, 2591054.829, 246
Trd, 2591055.079, 257
Trd, 2591055.613, 232
Trd, 2591056.746, 252
Trd, 2591057.563, 255
Trd, 2591058.229, 258
Trd, 2591059.179, 262
Trd, 2591060.396, 251
Trd, 2591061.113, 266
Trd, 2591061.463, 266
Trd, 2591061.679, 252
Trd, 2591062.379, 253
Trd, 2591062.413, 252
Trd, 2591064.146, 249
Trd, 2591064.763, 248
Trd, 2591064.896, 243
Trd, 2591065.846, 248
Trd, 2591066.279, 241
Trd, 2591066.546, 240
Trd, 2591066.629, 237
Trd, 2591067.513, 247
Trd, 2591067.863, 250
Trd, 2591068.279, 250
Trd, 2591070.213, 249
Trd, 2591070.446, 250
Trd, 2591071.596, 251
Trd, 2591071.696, 244
Trd, 2591072.679, 247
Trd, 2591072.746, 248
Trd, 2591072.929, 254
Trd, 2591073.629, 249
Trd, 2591074.446, 237
Trd, 2591075.313, 231
Trd, 2591075.779, 252
Trd, 2591076.163, 243
Trd, 2591076.463, 251
Trd, 2591077.879, 237
Trd, 2591078.129, 252
Trd, 2591078.946, 237
Trd, 2591080.046, 250
Trd, 2591080.413, 251
Trd, 2591081.029, 241
Trd, 2591081.113, 253
Trd, 2591081.863, 241
Trd, 2591082.346, 241
Trd, 2591083.063, 252
Trd, 2591083.813, 253
Trd, 2591083.829, 255
Trd, 2591083.863, 241
Trd, 2591084.146, 259
Trd, 2591084.313, 236
Trd, 2591084.463, 262
Trd, 2591085.463, 267
Trd, 2591086.996, 249
Trd, 2591088.163, 252
Trd, 2591088.613, 247
Trd, 2591089.296, 257
Trd, 2591090.446, 247
Trd, 2591090.596, 246
Trd, 2591091.829, 244
Trd, 2591094.096, 246
Trd, 2591094.296, 246
Trd, 2591094.463, 246
Trd, 2591094.896, 246
Trd, 2591095.079, 241
Trd, 2591095.463, 238
Trd, 2591095.679, 239
Trd, 2591096.046, 245
Trd, 2591096.363, 251
Trd, 2591096.546, 251
Trd, 2591097.046, 255
Trd, 2591097.846, 240
Trd, 2591098.263, 263
Trd, 2591098.296, 263
Trd, 2591100.879, 256
Trd, 2591100.996, 255
Trd, 2591101.313, 249
Trd, 2591102.679, 236
Trd, 2591102.996, 249
Trd, 2591103.129, 242
Trd, 2591103.796, 236
Trd, 2591104.096, 249
Trd, 2591104.713, 250
Trd, 2591105.813, 237
Trd, 2591106.463, 244
Trd, 2591108.029, 232
Trd, 2591108.196, 244
Trd, 2591110.079, 238
Trd, 2591110.679, 239
Trd, 2591111.263, 240
Trd, 2591111.663, 238
Trd, 2591111.796, 236
Trd, 2591112.996, 234
Trd, 2591113.746, 240
Trd, 2591114.479, 248
Trd, 2591114.746, 247
Trd, 2591115.729, 241
Trd, 2591117.846, 241
Trd, 2591117.879, 242
Trd, 2591118.663, 243
Trd, 2591118.696, 241
Trd, 2591118.763, 247
Trd, 2591118.979, 255
Trd, 2591119.396, 238
Trd, 2591119.813, 259
Trd, 2591119.929, 237
Trd, 2591121.046, 251
Trd, 2591121.263, 245
Trd, 2591121.346, 243
Trd, 2591121.413, 252
Trd, 2591122.679, 260
Trd, 2591122.713, 261
Trd, 2591123.329, 252
Trd, 2591123.879, 261
Trd, 2591123.913, 263
Trd, 2591124.563, 240
Trd, 2591125.679, 236
Trd, 2591127.213, 252
Trd, 2591127.513, 253
Trd, 2591127.829, 254
Trd, 2591128.063, 256
Trd, 2591128.163, 256
Trd, 2591128.563, 251
Trd, 2591128.663, 248
Trd, 2591129.146, 256
Trd, 2591131.663, 241
Trd, 2591131.696, 234
Trd, 2591132.363, 250
Trd, 2591133.196, 244
Trd, 2591134.879, 238
Trd, 2591134.929, 240
Trd, 2591136.263, 240
Trd, 2591136.379, 241
Trd, 2591136.813, 258
Trd, 2591137.146, 263
Trd, 2591137.396, 242
Trd, 2591138.029, 241
Trd, 2591138.563, 266
Trd, 2591138.713, 231
Trd, 2591139.129, 258
Trd, 2591139.496, 237
Trd, 2591139.846, 255
Trd, 2591140.013, 265
Trd, 2591141.129, 257
Trd, 2591141.446, 237
Trd, 2591141.913, 235
Trd, 2591142.279, 254
Trd, 2591144.629, 248
Trd, 2591144.929, 248
Trd, 2591146.079, 248
Trd, 2591146.363, 248
Trd, 2591146.563, 249
Trd, 2591146.846, 244
Trd, 2591147.029, 255
Trd, 2591147.413, 258
Trd, 2591147.679, 240
Trd, 2591148.713, 256
Trd, 2591148.763, 255
Trd, 2591149.129, 260
Trd, 2591149.496, 234
Trd, 2591150.346, 252
Trd, 2591150.379, 253
Trd, 2591150.879, 235
Trd, 2591151.179, 225
Trd, 2591153.779, 252
Trd, 2591154.563, 226
Trd, 2591156.013, 247
Trd, 2591156.679, 248
Trd, 2591157.396, 250
Trd, 2591157.746, 243
Trd, 2591159.113, 249
Trd, 2591159.629, 250
Trd, 2591159.896, 258
Trd, 2591160.063, 248
Trd, 2591160.479, 259
Trd, 2591160.663, 259
Trd, 2591161.813, 250
Trd, 2591162.063, 249
Trd, 2591162.096, 236
Trd, 2591162.246, 250
Trd, 2591162.646, 251
Trd, 2591162.696, 233
Trd, 2591163.813, 241
Trd, 2591163.846, 239
Trd, 2591164.263, 242
Trd, 2591165.646, 248
Trd, 2591165.663, 251
Trd, 2591166.313, 241
Trd, 2591166.613, 251
Trd, 2591167.496, 255
Trd, 2591168.313, 251
Trd, 2591169.429, 258
Trd, 2591170.163, 247
Trd, 2591170.279, 247
Trd, 2591170.729, 246
Trd, 2591170.996, 256
Trd, 2591172.096, 239
Trd, 2591173.196, 241
Trd, 2591173.246, 252
Trd, 2591173.579, 237
Trd, 2591173.979, 237
Trd, 2591174.796, 236
Trd, 2591176.329, 251
Trd, 2591177.996, 245
Trd, 2591179.646, 244
Trd, 2591179.813, 245
Trd, 2591179.929, 244
Trd, 2591180.479, 247
Trd, 2591180.679, 248
Trd, 2591180.779, 246
Trd, 2591181.596, 251
Trd, 2591182.329, 244
Trd, 2591182.729, 243
Trd, 2591182.779, 255
Trd, 2591182.979, 247
Trd, 2591183.013, 244
Trd, 2591183.496, 260
Trd, 2591184.779, 242
Trd, 2591186.429, 244
Trd, 2591187.229, 245
Trd, 2591187.329, 242
Trd, 2591187.479, 241
Trd, 2591187.713, 244
Trd, 2591189.629, 245
Trd, 2591189.879, 251
Trd, 2591190.329, 257
Trd, 2591190.429, 242
Trd, 2591191.379, 257
Trd, 2591192.529, 244
Trd, 2591193.213, 241
Trd, 2591193.313, 257
Trd, 2591193.396, 232
Trd, 2591194.429, 257
Trd, 2591195.329, 243
Trd, 2591195.479, 244
Trd, 2591197.329, 249
Trd, 2591197.863, 246
Trd, 2591198.113, 247
Trd, 2591198.513, 250
Trd, 2591199.513, 241
Trd, 2591200.446, 251
Trd, 2591200.513, 249
Trd, 2591201.546, 242
Trd, 2591201.963, 250
Trd, 2591203.046, 251
Trd, 2591203.079, 252
Trd, 2591203.563, 255
Trd, 2591204.363, 244
Trd, 2591205.113, 258
Trd, 2591206.079, 244
Trd, 2591207.279, 260
Trd, 2591207.363, 241
Trd, 2591207.479, 241
Trd, 2591208.146, 261
Trd, 2591210.296, 235
Trd, 2591210.546, 237
Trd, 2591210.763, 249
Trd, 2591211.696, 246
Trd, 2591212.496, 243
Trd, 2591213.346, 248
Trd, 2591214.113, 248
Trd, 2591214.363, 249
Trd, 2591214.396, 250
Trd, 2591214.879, 248
Trd, 2591215.379, 229
Trd, 2591215.646, 235
Trd, 2591215.779, 251
Trd, 2591216.963, 251
Trd, 2591217.696, 245
Trd, 2591218.779, 254
Trd, 2591219.346, 243
Trd, 2591219.479, 255
Trd, 2591219.546, 254
Trd, 2591221.013, 250
Trd, 2591221.363, 256
Trd, 2591223.963, 246
Trd, 2591225.263, 244
Trd, 2591225.346, 244
Trd, 2591225.946, 248
Trd, 2591226.296, 248
Trd, 2591226.663, 255
Trd, 2591227.863, 259
Trd, 2591228.646, 244
Trd, 2591228.729, 241
Trd, 2591228.829, 240
Trd, 2591229.629, 242
Trd, 2591229.746, 240
Trd, 2591229.763, 259
Trd, 2591230.413, 240
Trd, 2591231.546, 251
Trd, 2591231.646, 255
Trd, 2591234.796, 252
Trd, 2591234.946, 251
Trd, 2591234.963, 250
Trd, 2591235.129, 244
Trd, 2591236.029, 250
Trd, 2591236.963, 258
Trd, 2591237.079, 246
Trd, 2591237.796, 242
Trd, 2591238.063, 244
Trd, 2591239.863, 259
Trd, 2591240.846, 264
Trd, 2591241.146, 262
Trd, 2591241.363, 251
Trd, 2591242.396, 261
Trd, 2591242.413, 262
Trd, 2591243.479, 259
Trd, 2591243.746, 257
Trd, 2591244.013, 257
Trd, 2591244.096, 256
Trd, 2591244.763, 257
Trd, 2591244.846, 258
Trd, 2591245.046, 237
Trd, 2591245.496, 236
Trd, 2591247.829, 240
Trd, 2591248.496, 239
Trd, 2591248.679, 247
Trd, 2591249.463, 244
Trd, 2591249.929, 244
Trd, 2591249.946, 241
Trd, 2591250.963, 242
Trd, 2591251.463, 241
Trd, 2591252.046, 242
Trd, 2591252.596, 243
Trd, 2591253.279, 242
Trd, 2591253.729, 240
Trd, 2591254.679, 237
Trd, 2591254.963, 247
Trd, 2591255.113, 252
Trd, 2591255.346, 256
Trd, 2591256.013, 258
Trd, 2591256.596, 238
Trd, 2591256.896, 260
Trd, 2591258.029, 242
Trd, 2591259.446, 241
Trd, 2591259.913, 236
Trd, 2591260.263, 252
Trd, 2591262.596, 244
Trd, 2591262.613, 243
Trd, 2591263.313, 240
Trd, 2591263.813, 245
Trd, 2591264.046, 251
Trd, 2591264.263, 241
Trd, 2591265.479, 252
Trd, 2591265.596, 245
Trd, 2591265.713, 244
Trd, 2591265.729, 253
Trd, 2591266.313, 254
Trd, 2591266.779, 241
Trd, 2591267.896, 254
Trd, 2591268.229, 257
Trd, 2591269.396, 247
Trd, 2591269.496, 245
Trd, 2591271.929, 244
Trd, 2591272.029, 254
Trd, 2591272.446, 252
Trd, 2591272.546, 255
Trd, 2591273.496, 262
Trd, 2591273.746, 265
Trd, 2591274.013, 245
Trd, 2591275.313, 244
Trd, 2591275.813, 243
Trd, 2591277.963, 242
Trd, 2591277.979, 236
Trd, 2591278.913, 236
Trd, 2591279.146, 241
Trd, 2591279.179, 235
Trd, 2591279.679, 235
Trd, 2591280.429, 244
Trd, 2591280.496, 234
Trd, 2591281.013, 234
Trd, 2591282.479, 243
Trd, 2591282.729, 244
Trd, 2591283.546, 237
Trd, 2591284.396, 238
Trd, 2591284.929, 235
Trd, 2591285.813, 237
Trd, 2591286.229, 238
Trd, 2591287.896, 239
Trd, 2591287.946, 240
Trd, 2591288.596, 237
Trd, 2591288.629, 240
Trd, 2591289.179, 235
Trd, 2591289.296, 241
Trd, 2591290.963, 248
Trd, 2591291.613, 242
Trd, 2591291.696, 251
Trd, 2591292.446, 254
Trd, 2591292.763, 255
Trd, 2591292.796, 242
Trd, 2591293.546, 242
Trd, 2591294.596, 258
Trd, 2591295.296, 258
Trd, 2591295.463, 260
Trd, 2591295.646, 241
Trd, 2591296.863, 236
Trd, 2591297.196, 240
Trd, 2591297.996, 247
Trd, 2591298.379, 242
Trd, 2591300.846, 240
Trd, 2591301.196, 245
Trd, 2591301.579, 248
Trd, 2591302.213, 252
Trd, 2591302.279, 246
Trd, 2591302.313, 245
Trd, 2591303.546, 246
Trd, 2591303.913, 248
Trd, 2591304.229, 248
Trd, 2591304.596, 247
Trd, 2591304.846, 236
Trd, 2591306.063, 245
Trd, 2591306.446, 243
Trd, 2591307.146, 247
Trd, 2591307.313, 252
Trd, 2591307.879, 255
Trd, 2591308.246, 239
Trd, 2591308.596, 237
Trd, 2591308.613, 259
Trd, 2591309.113, 236
Trd, 2591310.396, 237
Trd, 2591311.229, 257
Trd, 2591312.263, 258
Trd, 2591312.429, 259
Trd, 2591313.146, 243
Trd, 2591313.696, 244
Trd, 2591315.313, 247
Trd, 2591316.096, 249
Trd, 2591316.496, 248
Trd, 2591316.829, 249
Trd, 2591316.846, 251
Trd, 2591317.129, 250
Trd, 2591317.429, 259
Trd, 2591317.829, 265
Trd, 2591317.996, 249
Trd, 2591318.496, 265
Trd, 2591318.596, 267
Trd, 2591321.713, 251
Trd, 2591322.346, 248
Trd, 2591323.529, 241
Trd, 2591323.679, 239
Trd, 2591324.629, 238
Trd, 2591324.729, 241
Trd, 2591324.796, 237
Trd, 2591324.896, 235
Trd, 2591325.996, 233
Trd, 2591327.346, 239
Trd, 2591327.946, 240
Trd, 2591328.913, 247
Trd, 2591329.613, 244
Trd, 2591329.679, 246
Trd, 2591329.813, 247
Trd, 2591330.179, 248
Trd, 2591331.013, 251
Trd, 2591331.329, 252
Trd, 2591331.396, 255
Trd, 2591332.679, 244
Trd, 2591333.263, 258
Trd, 2591333.329, 242
Trd, 2591334.213, 253
Trd, 2591334.529, 261
Trd, 2591335.213, 261
Trd, 2591335.463, 262
Trd, 2591335.796, 245
Trd, 2591337.229, 246
Trd, 2591338.113, 240
Trd, 2591339.313, 242
Trd, 2591339.463, 242
Trd, 2591339.813, 242
Trd, 2591339.979, 240
Trd, 2591340.079, 234
Trd, 2591340.579, 245
Trd, 2591340.979, 237
Trd, 2591343.379, 248
Trd, 2591343.779, 244
Trd, 2591345.929, 254
Trd, 2591346.929, 254
Trd, 2591347.446, 254
Trd, 2591347.463, 255
Trd, 2591347.796, 253
Trd, 2591347.879, 251
Trd, 2591347.929, 250
Trd, 2591347.979, 238
Trd, 2591349.113, 254
Trd, 2591349.129, 251
Trd, 2591349.779, 250
Trd, 2591350.046, 252
Trd, 2591351.246, 241
Trd, 2591351.729, 250
Trd, 2591354.529, 245
Trd, 2591355.113, 245
Trd, 2591355.246, 248
Trd, 2591355.996, 234
Trd, 2591356.046, 233
Trd, 2591356.996, 251
Trd, 2591357.096, 252
Trd, 2591357.513, 242
Trd, 2591357.646, 229
Trd, 2591358.013, 252
Trd, 2591358.696, 236
Trd, 2591360.446, 226
Trd, 2591360.846, 250
Trd, 2591361.213, 251
Trd, 2591362.229, 238
Trd, 2591363.629, 231
Trd, 2591363.879, 253
Trd, 2591364.196, 255
Trd, 2591365.046, 243
Trd, 2591365.179, 234
Trd, 2591366.796, 240
Trd, 2591366.813, 241
Trd, 2591367.196, 252
Trd, 2591368.313, 251
Trd, 2591368.713, 236
Trd, 2591369.829, 250
Trd, 2591371.113, 253
Trd, 2591371.179, 238
Trd, 2591371.563, 237
Trd, 2591372.429, 253
Trd, 2591373.063, 241
Trd, 2591375.196, 245
Trd, 2591375.413, 251
Trd, 2591375.813, 245
Trd, 2591375.963, 244
Trd, 2591375.979, 235
Trd, 2591376.546, 253
Trd, 2591376.596, 233
Trd, 2591377.029, 230
Trd, 2591377.196, 252
Trd, 2591377.329, 253
Trd, 2591377.596, 255
Trd, 2591377.863, 258
Trd, 2591379.063, 237
Trd, 2591379.146, 248
Trd, 2591381.079, 248
Trd, 2591381.763, 251
Trd, 2591382.113, 252
Trd, 2591382.446, 253
Trd, 2591383.263, 252
Trd, 2591383.429, 253
Trd, 2591384.363, 254
Trd, 2591385.079, 253
Trd, 2591385.179, 252
Trd, 2591385.496, 251
Trd, 2591386.146, 244
Trd, 2591386.646, 244
Trd, 2591387.146, 241
Trd, 2591389.246, 246
Trd, 2591389.429, 251
Trd, 2591389.546, 252
Trd, 2591390.179, 252
Trd, 2591390.313, 259
Trd, 2591390.796, 250
Trd, 2591391.429, 258
Trd, 2591391.496, 259
Trd, 2591393.229, 258
Trd, 2591393.363, 244
Trd, 2591394.213, 235
Trd, 2591394.979, 235
Trd, 2591395.446, 254
Trd, 2591397.013, 234
Trd, 2591397.863, 232
Trd, 2591399.096, 244
Trd, 2591399.546, 244
Trd, 2591400.513, 242
Trd, 2591400.529, 244
Trd, 2591400.713, 245
Trd, 2591400.813, 242
Trd, 2591401.113, 236
Trd, 2591401.229, 248
Trd, 2591401.713, 252
Trd, 2591403.546, 251
Trd, 2591404.963, 248
Trd, 2591406.379, 250
Trd, 2591407.029, 250
Trd, 2591407.496, 255
Trd, 2591408.613, 258
Trd, 2591408.629, 254
Trd, 2591408.979, 254
Trd, 2591409.129, 251
Trd, 2591409.996, 241
Trd, 2591410.079, 239
Trd, 2591410.663, 250
Trd, 2591410.696, 251
Trd, 2591411.263, 258
Trd, 2591411.579, 256
Trd, 2591412.329, 248
Trd, 2591412.729, 255
Trd, 2591413.029, 258
Trd, 2591413.513, 246
Trd, 2591413.946, 262
Trd, 2591414.246, 264
Trd, 2591416.796, 256
Trd, 2591417.046, 251
Trd, 2591417.196, 252
Trd, 2591418.163, 251
Trd, 2591418.279, 238
Trd, 2591419.446, 245
Trd, 2591420.213, 249
Trd, 2591420.379, 248
Trd, 2591420.479, 247
Trd, 2591421.213, 248
Trd, 2591421.713, 250
Trd, 2591422.996, 246
Trd, 2591423.346, 247
Trd, 2591423.896, 245
Trd, 2591424.679, 244
Trd, 2591424.863, 245
Trd, 2591425.163, 234
Trd, 2591425.596, 246
Trd, 2591426.746, 235
Trd, 2591426.946, 247
Trd, 2591428.246, 237
Trd, 2591428.413, 235
Trd, 2591428.813, 234
Trd, 2591430.113, 230
Trd, 2591430.729, 254
Trd, 2591431.013, 253
Trd, 2591431.279, 241
Trd, 2591431.546, 243
Trd, 2591431.713, 253
Trd, 2591432.079, 254
Trd, 2591433.213, 255
Trd, 2591434.263, 246
Trd, 2591435.013, 245
Trd, 2591435.163, 234
Trd, 2591435.229, 251
Trd, 2591435.346, 262
Trd, 2591438.229, 236
Trd, 2591438.296, 264
Trd, 2591439.829, 260
Trd, 2591440.696, 251
Trd, 2591441.246, 252
Trd, 2591441.846, 252
Trd, 2591442.263, 255
Trd, 2591442.279, 258
Trd, 2591442.513, 251
Trd, 2591442.679, 250
Trd, 2591442.696, 249
Trd, 2591443.229, 244
Trd, 2591445.179, 241
Trd, 2591445.579, 246
Trd, 2591446.313, 245
Trd, 2591447.446, 242
Trd, 2591447.713, 246
Trd, 2591449.213, 245
Trd, 2591449.529, 248
Trd, 2591450.929, 248
Trd, 2591451.313, 249
Trd, 2591451.529, 248
Trd, 2591451.796, 250
Trd, 2591451.879, 255
Trd, 2591452.896, 250
Trd, 2591452.979, 239
Trd, 2591454.113, 250
Trd, 2591454.413, 251
Trd, 2591455.146, 248
Trd, 2591455.729, 259
Trd, 2591456.846, 264
Trd, 2591457.529, 243
Trd, 2591457.646, 262
Trd, 2591457.679, 241
Trd, 2591458.963, 262
Trd, 2591459.079, 263
Trd, 2591460.513, 264
Trd, 2591462.129, 261
Trd, 2591462.246, 259
Trd, 2591462.346, 258
Trd, 2591462.613, 251
Trd, 2591463.546, 265
Trd, 2591464.379, 265
Trd, 2591464.613, 267
Trd, 2591464.796, 242
Trd, 2591465.229, 271
Trd, 2591465.446, 243
Trd, 2591466.496, 249
Trd, 2591467.379, 242
Trd, 2591468.563, 242
Trd, 2591468.663, 240
Trd, 2591468.846, 239
Trd, 2591469.229, 233
Trd, 2591469.296, 252
Trd, 2591470.413, 257
Trd, 2591470.946, 232
Trd, 2591472.363, 234
Trd, 2591472.663, 242
Trd, 2591473.379, 229
Trd, 2591473.579, 228
Trd, 2591473.746, 228
Trd, 2591473.896, 250
Trd, 2591474.279, 225
Trd, 2591475.379, 248
Trd, 2591475.629, 250
Trd, 2591476.196, 252
Trd, 2591476.446, 253
Trd, 2591477.696, 246
Trd, 2591478.213, 254
Trd, 2591478.863, 249
Trd, 2591480.196, 248
Trd, 2591480.696, 251
Trd, 2591483.896, 242
Trd, 2591484.129, 243
Trd, 2591484.363, 244
Trd, 2591485.313, 246
Trd, 2591485.696, 245
Trd, 2591487.113, 248
Trd, 2591487.179, 253
Trd, 2591487.496, 248
Trd, 2591488.163, 255
Trd, 2591488.263, 260
Trd, 2591488.513, 262
Trd, 2591488.579, 265
Trd, 2591488.663, 239
Trd, 2591490.079, 268
Trd, 2591490.213, 242
Trd, 2591490.713, 234
Trd, 2591491.546, 241
Trd, 2591491.963, 258
Trd, 2591492.213, 252
Trd, 2591493.113, 244
Trd, 2591493.546, 242
Trd, 2591493.696, 242
Trd, 2591493.763, 254
Trd, 2591493.846, 241
Trd, 2591494.363, 253
Trd, 2591496.779, 252
Trd, 2591497.479, 251
Trd, 2591497.913, 242
Trd, 2591498.646, 240
Trd, 2591499.346, 240
Trd, 2591500.529, 238
Trd, 2591501.213, 236
Trd, 2591501.529, 237
Trd, 2591502.363, 244
Trd, 2591503.679, 238
Trd, 2591504.163, 235
Trd, 2591504.396, 235
Trd, 2591504.879, 234
Trd, 2591505.329, 245
Trd, 2591506.613, 248
Trd, 2591507.379, 236
Trd, 2591508.496, 245
Trd, 2591509.063, 244
Trd, 2591509.263, 243
Trd, 2591509.363, 240
Trd, 2591510.079, 244
Trd, 2591510.096, 244
Trd, 2591511.163, 239
Trd, 2591512.396, 244
Trd, 2591512.546, 243
Trd, 2591513.379, 247
Trd, 2591514.113, 247
Trd, 2591514.829, 248
Trd, 2591515.096, 248
Trd, 2591515.129, 245
Trd, 2591515.513, 245
Trd, 2591515.629, 244
Trd, 2591516.446, 244
Trd, 2591517.779, 242
Trd, 2591517.879, 247
Trd, 2591518.846, 252
Trd, 2591520.096, 251
Trd, 2591520.713, 249
Trd, 2591521.463, 250
Trd, 2591523.813, 240
Trd, 2591524.913, 239
Trd, 2591525.163, 243
Trd, 2591525.513, 237
Trd, 2591526.113, 235
Trd, 2591526.196, 243
Trd, 2591527.196, 244
Trd, 2591527.246, 245
Trd, 2591527.263, 243
Trd, 2591528.263, 251
Trd, 2591528.763, 241
Trd, 2591529.029, 248
Trd, 2591529.613, 235
Trd, 2591531.296, 248
Trd, 2591531.513, 255
Trd, 2591533.246, 247
Trd, 2591533.379, 247
Trd, 2591533.446, 244
Trd, 2591534.579, 235
Trd, 2591535.579, 243
Trd, 2591535.679, 244
Trd, 2591536.129, 243
Trd, 2591536.446, 250
Trd, 2591536.963, 241
Trd, 2591537.746, 251
Trd, 2591537.913, 252
Trd, 2591538.696, 258
Trd, 2591539.796, 249
Trd, 2591541.046, 244
Trd, 2591541.963, 247
Trd, 2591542.946, 244
Trd, 2591543.179, 246
Trd, 2591545.329, 246
Trd, 2591546.296, 248
Trd, 2591546.363, 249
Trd, 2591547.363, 244
Trd, 2591548.229, 248
Trd, 2591548.679, 247
Trd, 2591549.129, 244
Trd, 2591549.363, 248
Trd, 2591550.846, 242
Trd, 2591550.929, 250
Trd, 2591551.496, 250
Trd, 2591551.696, 251
Trd, 2591552.213, 242
Trd, 2591552.246, 241
Trd, 2591552.363, 257
Trd, 2591552.396, 262
Trd, 2591552.413, 231
Trd, 2591552.846, 263
Trd, 2591553.779, 237
Trd, 2591554.529, 266
Trd, 2591555.663, 266
Trd, 2591555.896, 233
Trd, 2591557.013, 268
Trd, 2591558.396, 244
Trd, 2591558.713, 263
Trd, 2591559.179, 241
Trd, 2591559.246, 264
Trd, 2591560.863, 245
Trd, 2591561.663, 245
Trd, 2591561.746, 244
Trd, 2591561.929, 256
Trd, 2591562.479, 254
Trd, 2591563.046, 255
Trd, 2591563.529, 256
Trd, 2591563.963, 254
Trd, 2591564.213, 262
Trd, 2591564.663, 261
Trd, 2591564.696, 262
Trd, 2591565.429, 263
Trd, 2591565.879, 239
Trd, 2591565.896, 267
Trd, 2591566.329, 241
Trd, 2591566.346, 240
Trd, 2591568.396, 262
Trd, 2591569.146, 241
Trd, 2591570.546, 247
Trd, 2591570.813, 246
Trd, 2591570.846, 244
Trd, 2591571.379, 245
Trd, 2591572.763, 244
Trd, 2591572.813, 246
Trd, 2591573.279, 237
Trd, 2591573.663, 233
Trd, 2591574.746, 244
Trd, 2591575.296, 245
Trd, 2591575.679, 234
Trd, 2591575.746, 231
Trd, 2591577.296, 237
Trd, 2591578.729, 246
Trd, 2591578.963, 247
Trd, 2591580.013, 248
Trd, 2591580.113, 249
Trd, 2591581.296, 250
Trd, 2591581.713, 249
Trd, 2591582.046, 249
Trd, 2591582.313, 251
Trd, 2591582.429, 255
Trd, 2591583.013, 250
Trd, 2591583.846, 250
Trd, 2591583.996, 256
Trd, 2591584.629, 252
Trd, 2591584.696, 258
Trd, 2591585.079, 251
Trd, 2591585.113, 241
Trd, 2591585.229, 237
Trd, 2591585.546, 261
Trd, 2591586.179, 255
Trd, 2591586.379, 235
Trd, 2591586.746, 268
Trd, 2591587.563, 246
Trd, 2591589.913, 243
Trd, 2591589.963, 249
Trd, 2591591.079, 241
Trd, 2591591.363, 247
Trd, 2591592.779, 242
Trd, 2591593.029, 242
Trd, 2591594.629, 244
Trd, 2591594.763, 244
Trd, 2591595.079, 251
Trd, 2591595.096, 242
Trd, 2591596.246, 242
Trd, 2591597.513, 238
Trd, 2591597.646, 242
Trd, 2591598.129, 238
Trd, 2591598.263, 244
Trd, 2591598.796, 238
Trd, 2591599.346, 248
Trd, 2591599.979, 254
Trd, 2591600.463, 241
Trd, 2591602.163, 239
Trd, 2591603.146, 238
Trd, 2591603.729, 244
Trd, 2591604.846, 238
Trd, 2591605.063, 242
Trd, 2591605.429, 237
Trd, 2591606.146, 234
Trd, 2591607.463, 241
Trd, 2591607.679, 244
Trd, 2591609.546, 245
Trd, 2591609.679, 246
Trd, 2591610.629, 247
Trd, 2591611.063, 251
Trd, 2591611.663, 255
Trd, 2591612.163, 252
Trd, 2591612.329, 252
Trd, 2591612.529, 251
Trd, 2591613.129, 258
Trd, 2591613.763, 257
Trd, 2591614.829, 253
Trd, 2591614.879, 256
Trd, 2591615.096, 258
Trd, 2591615.696, 258
Trd, 2591615.796, 257
Trd, 2591616.713, 258
Trd, 2591617.296, 251
Trd, 2591617.813, 268
Trd, 2591618.029, 243
Trd, 2591618.496, 243
Trd, 2591619.529, 263
Trd, 2591621.196, 261
Trd, 2591621.496, 261
Trd, 2591622.729, 243
Trd, 2591622.796, 241
Trd, 2591623.263, 232
Trd, 2591624.296, 234
Trd, 2591624.363, 233
Trd, 2591626.613, 226
Trd, 2591626.746, 228
Trd, 2591627.046, 234
Trd, 2591627.679, 243
Trd, 2591627.879, 229
Trd, 2591628.129, 226
Trd, 2591628.946, 227
Trd, 2591629.046, 234
Trd, 2591630.263, 241
Trd, 2591630.679, 244
Trd, 2591631.013, 248
Trd, 2591631.863, 246
Trd, 2591632.596, 251
Trd, 2591632.979, 251
Trd, 2591633.213, 251
Trd, 2591633.746, 252
Trd, 2591633.879, 250
Trd, 2591634.163, 250
Trd, 2591634.463, 253
Trd, 2591635.029, 255
Trd, 2591635.196, 258
Trd, 2591637.046, 267
Trd, 2591638.513, 247
Trd, 2591638.529, 241
Trd, 2591639.513, 266
Trd, 2591640.146, 246
Trd, 2591640.863, 248
Trd, 2591641.313, 247
Trd, 2591641.563, 254
Trd, 2591641.863, 253
Trd, 2591641.979, 249
Trd, 2591643.179, 254
Trd, 2591643.946, 240
Trd, 2591644.163, 255
Trd, 2591645.263, 253
Trd, 2591646.013, 253
Trd, 2591646.963, 255
Trd, 2591647.046, 255
Trd, 2591648.579, 255
Trd, 2591648.613, 263
Trd, 2591649.079, 265
Trd, 2591649.396, 244
Trd, 2591649.713, 244
Trd, 2591650.679, 237
Trd, 2591650.763, 234
Trd, 2591651.129, 241
Trd, 2591651.296, 252
Trd, 2591652.913, 239
Trd, 2591653.129, 237
Trd, 2591654.029, 229
Trd, 2591654.429, 238
Trd, 2591655.329, 251
Trd, 2591655.513, 255
Trd, 2591655.829, 234
Trd, 2591655.963, 261
Trd, 2591656.546, 262
Trd, 2591657.563, 265
Trd, 2591657.663, 233
Trd, 2591657.729, 229
Trd, 2591658.346, 262
Trd, 2591659.279, 224
Trd, 2591661.546, 248
Trd, 2591662.079, 248
Trd, 2591662.246, 249
Trd, 2591662.463, 249
Trd, 2591662.579, 253
Trd, 2591663.079, 249
Trd, 2591663.596, 254
Trd, 2591663.946, 262
Trd, 2591666.479, 253
Trd, 2591666.796, 254
Trd, 2591667.563, 257
Trd, 2591668.046, 255
Trd, 2591668.579, 256
Trd, 2591669.013, 255
Trd, 2591669.313, 241
Trd, 2591669.546, 241
Trd, 2591670.263, 253
Trd, 2591670.496, 237
Trd, 2591671.413, 240
Trd, 2591672.613, 252
Trd, 2591672.796, 232
Trd, 2591674.863, 242
Trd, 2591675.646, 246
Trd, 2591676.446, 243
Trd, 2591676.746, 243
Trd, 2591676.796, 240
Trd, 2591677.313, 241
Trd, 2591677.346, 239
Trd, 2591677.379, 234
Trd, 2591677.779, 244
Trd, 2591678.396, 232
Trd, 2591678.613, 230
Trd, 2591680.279, 248
Trd, 2591680.513, 238
Trd, 2591680.579, 260
Trd, 2591680.613, 261
Trd, 2591682.113, 258
Trd, 2591682.246, 236
Trd, 2591683.329, 255
Trd, 2591684.913, 249
Trd, 2591684.929, 253
Trd, 2591685.813, 248
Trd, 2591686.429, 247
Trd, 2591686.696, 246
Trd, 2591686.779, 247
Trd, 2591687.496, 238
Trd, 2591687.829, 239
Trd, 2591688.879, 243
Trd, 2591689.429, 242
Trd, 2591689.696, 243
Trd, 2591690.163, 244
Trd, 2591690.613, 252
Trd, 2591690.696, 250
Trd, 2591690.979, 234
Trd, 2591691.813, 255
Trd, 2591693.146, 240
Trd, 2591694.413, 240
Trd, 2591694.546, 257
Trd, 2591695.379, 245
Trd, 2591696.479, 240
Trd, 2591696.629, 252
Trd, 2591696.929, 255
Trd, 2591697.563, 234
Trd, 2591698.229, 244
Trd, 2591698.329, 229
Trd, 2591699.329, 232
Trd, 2591700.446, 252
Trd, 2591700.646, 252
Trd, 2591702.513, 257
Trd, 2591703.179, 249
Trd, 2591703.279, 255
Trd, 2591704.246, 254
Trd, 2591704.379, 247
Trd, 2591705.163, 252
Trd, 2591705.279, 246
Trd, 2591705.429, 245
Trd, 2591705.479, 252
Trd, 2591706.163, 244
Trd, 2591706.529, 238
Trd, 2591707.263, 247
Trd, 2591710.496, 240
Trd, 2591710.829, 241
Trd, 2591710.896, 237
Trd, 2591712.879, 243
Trd, 2591713.046, 248
Trd, 2591713.063, 243
Trd, 2591713.329, 243
Trd, 2591714.279, 248
Trd, 2591714.396, 247
Trd, 2591714.546, 247
Trd, 2591714.663, 244
Trd, 2591715.796, 252
Trd, 2591715.829, 255
Trd, 2591716.096, 259
Trd, 2591717.046, 246
Trd, 2591718.296, 246
Trd, 2591719.246, 260
Trd, 2591719.596, 247
Trd, 2591720.446, 244
Trd, 2591720.513, 237
Trd, 2591720.663, 261
Trd, 2591721.013, 261
Trd, 2591721.413, 253
Trd, 2591723.429, 241
Trd, 2591723.863, 253
Trd, 2591724.646, 236
Trd, 2591725.863, 251
Trd, 2591726.663, 240
Trd, 2591726.713, 251
Trd, 2591726.729, 239
Trd, 2591727.196, 232
Trd, 2591727.663, 232
Trd, 2591730.979, 245
Trd, 2591731.046, 241
Trd, 2591732.496, 247
Trd, 2591732.829, 227
Trd, 2591732.996, 244
Trd, 2591733.279, 245
Trd, 2591733.496, 248
Trd, 2591734.629, 248
Trd, 2591735.079, 251
Trd, 2591735.313, 252
Trd, 2591735.746, 254
Trd, 2591735.979, 255
Trd, 2591737.496, 251
Trd, 2591738.929, 261
Trd, 2591739.129, 262
Trd, 2591740.579, 251
Trd, 2591740.796, 250
Trd, 2591740.879, 248
Trd, 2591740.896, 259
Trd, 2591741.863, 259
Trd, 2591742.413, 245
Trd, 2591743.663, 246
Trd, 2591743.796, 254
Trd, 2591745.196, 255
Trd, 2591746.579, 252
Trd, 2591747.396, 252
Trd, 2591747.513, 255
Trd, 2591747.929, 250
Trd, 2591748.079, 258
Trd, 2591749.029, 264
Trd, 2591750.213, 263
Trd, 2591751.113, 253
Trd, 2591751.646, 252
Trd, 2591751.779, 260
Trd, 2591752.096, 249
Trd, 2591753.363, 251
Trd, 2591753.396, 243
Trd, 2591753.629, 241
Trd, 2591753.779, 237
Trd, 2591753.813, 233
Trd, 2591755.346, 257
Trd, 2591755.746, 256
Trd, 2591756.213, 236
Trd, 2591757.029, 235
Trd, 2591758.813, 255
Trd, 2591759.646, 252
Trd, 2591760.579, 244
Trd, 2591760.679, 243
Trd, 2591762.646, 244
Trd, 2591762.713, 245
Trd, 2591763.129, 245
Trd, 2591763.213, 244
Trd, 2591763.329, 246
Trd, 2591763.979, 248
Trd, 2591764.246, 238
Trd, 2591765.496, 258
Trd, 2591766.679, 259
Trd, 2591767.179, 259
Trd, 2591767.463, 264
Trd, 2591767.929, 265
Trd, 2591768.379, 262
Trd, 2591768.396, 258
Trd, 2591768.529, 255
Trd, 2591768.613, 266
Trd, 2591769.413, 251
Trd, 2591769.696, 267
Trd, 2591770.946, 272
Trd, 2591773.296, 250
Trd, 2591773.413, 243
Trd, 2591773.929, 239
Trd, 2591774.179, 247
Trd, 2591775.829, 237
Trd, 2591777.729, 237
Trd, 2591778.096, 237
Trd, 2591778.213, 241
Trd, 2591780.163, 243
Trd, 2591780.763, 241
Trd, 2591780.879, 237
Trd, 2591781.596, 240
Trd, 2591782.113, 241
Trd, 2591782.179, 248
Trd, 2591782.513, 251
Trd, 2591782.563, 255
Trd, 2591782.646, 261
Trd, 2591783.029, 246
Trd, 2591783.213, 263
Trd, 2591783.313, 268
Trd, 2591783.929, 246
Trd, 2591784.663, 245
Trd, 2591786.646, 248
Trd, 2591786.813, 251
Trd, 2591787.529, 258
Trd, 2591787.896, 265
Trd, 2591789.046, 265
Trd, 2591789.246, 242
Trd, 2591789.763, 242
Trd, 2591790.213, 254
Trd, 2591791.579, 245
Trd, 2591791.629, 244
Trd, 2591792.179, 240
Trd, 2591793.013, 242
Trd, 2591793.063, 239
Trd, 2591794.313, 238
Trd, 2591795.513, 243
Trd, 2591795.929, 247
Trd, 2591795.996, 250
Trd, 2591796.196, 251
Trd, 2591796.513, 243
Trd, 2591797.246, 251
Trd, 2591798.179, 244
Trd, 2591798.229, 246
Trd, 2591799.779, 244
Trd, 2591799.946, 245
Trd, 2591800.146, 253
Trd, 2591800.313, 254
Trd, 2591800.529, 240
Trd, 2591801.629, 239
Trd, 2591802.413, 251
Trd, 2591803.713, 238
Trd, 2591804.129, 253
Trd, 2591804.213, 237
Trd, 2591804.596, 254
Trd, 2591805.263, 227
Trd, 2591805.346, 233
Trd, 2591805.629, 231
Trd, 2591807.296, 255
Trd, 2591807.363, 241
Trd, 2591807.829, 238
Trd, 2591808.063, 237
Trd, 2591809.146, 249
Trd, 2591809.946, 240
Trd, 2591810.246, 246
Trd, 2591811.046, 246
Trd, 2591811.429, 247
Trd, 2591811.913, 252
Trd, 2591813.763, 252
Trd, 2591813.863, 251
Trd, 2591814.213, 249
Trd, 2591816.513, 250
Trd, 2591816.713, 248
Trd, 2591816.929, 247
Trd, 2591817.213, 242
Trd, 2591817.779, 247
Trd, 2591817.979, 255
Trd, 2591818.013, 238
Trd, 2591818.663, 254
Trd, 2591819.046, 255
Trd, 2591820.213, 241
Trd, 2591820.313, 256
Trd, 2591821.313, 258
Trd, 2591824.396, 245
Trd, 2591824.479, 246
Trd, 2591824.879, 258
Trd, 2591825.646, 258
Trd, 2591825.829, 248
Trd, 2591826.613, 247
Trd, 2591827.046, 241
Trd, 2591829.296, 240
Trd, 2591830.196, 238
Trd, 2591830.796, 239
Trd, 2591831.246, 239
Trd, 2591831.479, 239
Trd, 2591831.729, 240
Trd, 2591832.029, 240
Trd, 2591832.129, 241
Trd, 2591832.813, 240
Trd, 2591833.513, 247
Trd, 2591833.746, 241
Trd, 2591834.229, 247
Trd, 2591834.429, 235
Trd, 2591834.629, 234
Trd, 2591834.746, 231
Trd, 2591837.279, 237
Trd, 2591837.779, 241
Trd, 2591838.313, 233
Trd, 2591839.346, 251
Trd, 2591840.579, 254
Trd, 2591841.346, 261
Trd, 2591841.629, 263
Trd, 2591841.879, 248
Trd, 2591843.329, 250
Trd, 2591843.396, 247
Trd, 2591843.996, 254
Trd, 2591844.979, 250
Trd, 2591845.196, 250
Trd, 2591845.296, 249
Trd, 2591845.646, 248
Trd, 2591846.263, 241
Trd, 2591847.263, 247
Trd, 2591848.996, 244
Trd, 2591849.329, 246
Trd, 2591849.713, 242
Trd, 2591849.913, 247
Trd, 2591850.163, 248
Trd, 2591850.363, 255
Trd, 2591851.279, 237
Trd, 2591852.629, 247
Trd, 2591852.813, 249
Trd, 2591853.729, 250
Trd, 2591853.779, 251
Trd, 2591853.929, 242
Trd, 2591853.963, 258
Trd, 2591855.063, 241
Trd, 2591855.113, 230
Trd, 2591857.963, 244
Trd, 2591858.463, 245
Trd, 2591859.013, 243
Trd, 2591859.213, 242
Trd, 2591859.279, 241
Trd, 2591859.696, 244
Trd, 2591859.913, 255
Trd, 2591859.996, 239
Trd, 2591861.479, 250
Trd, 2591862.579, 240
Trd, 2591863.579, 238
Trd, 2591863.829, 250
Trd, 2591864.163, 237
Trd, 2591865.063, 251
Trd, 2591865.813, 261
Trd, 2591865.896, 238
Trd, 2591865.996, 237
Trd, 2591867.296, 232
Trd, 2591867.329, 229
Trd, 2591868.696, 254
Trd, 2591870.163, 243
Trd, 2591870.613, 246
Trd, 2591871.163, 247
Trd, 2591872.146, 234
Trd, 2591872.613, 250
Trd, 2591872.829, 250
Trd, 2591873.246, 250
Trd, 2591873.663, 251
Trd, 2591874.029, 237
Trd, 2591874.063, 251
Trd, 2591874.413, 251
Trd, 2591874.929, 255
Trd, 2591875.296, 253
Trd, 2591875.829, 257
Trd, 2591876.113, 244
Trd, 2591877.046, 243
Trd, 2591877.113, 257
Trd, 2591877.346, 258
Trd, 2591877.363, 264
Trd, 2591879.696, 250
Trd, 2591880.329, 251
Trd, 2591880.663, 249
Trd, 2591881.613, 243
Trd, 2591882.913, 242
Trd, 2591883.029, 246
Trd, 2591884.513, 238
Trd, 2591884.613, 234
Trd, 2591884.896, 239
Trd, 2591885.379, 239
Trd, 2591886.279, 250
Trd, 2591886.346, 251
Trd, 2591887.429, 243
Trd, 2591888.163, 242
Trd, 2591888.329, 251
Trd, 2591888.813, 252
Trd, 2591890.079, 247
Trd, 2591890.213, 246
Trd, 2591891.496, 247
Trd, 2591891.946, 241
Trd, 2591893.713, 244
Trd, 2591894.196, 254
Trd, 2591894.296, 245
Trd, 2591894.563, 244
Trd, 2591894.713, 254
Trd, 2591894.896, 245
Trd, 2591895.296, 255
Trd, 2591895.429, 241
Trd, 2591895.729, 255
Trd, 2591895.813, 256
Trd, 2591895.879, 231
Trd, 2591897.146, 259
Trd, 2591899.779, 258
Trd, 2591900.746, 245
Trd, 2591901.029, 244
Trd, 2591902.463, 248
Trd, 2591902.913, 248
Trd, 2591903.213, 248
Trd, 2591903.429, 249
Trd, 2591904.029, 248
Trd, 2591904.413, 249
Trd, 2591905.429, 239
Trd, 2591906.846, 238
Trd, 2591906.896, 236
Trd, 2591907.296, 229
Trd, 2591907.563, 243
Trd, 2591907.913, 235
Trd, 2591908.613, 243
Trd, 2591909.396, 248
Trd, 2591909.796, 237
Trd, 2591909.896, 251
Trd, 2591911.096, 241
Trd, 2591911.146, 255
Trd, 2591912.046, 258
Trd, 2591912.613, 244
Trd, 2591913.146, 251
Trd, 2591914.329, 246
Trd, 2591914.379, 256
Trd, 2591915.646, 242
Trd, 2591916.163, 243
Trd, 2591917.613, 244
Trd, 2591917.729, 243
Trd, 2591917.946, 241
Trd, 2591918.579, 241
Trd, 2591918.963, 241
Trd, 2591918.996, 255
Trd, 2591920.446, 238
Trd, 2591923.296, 247
Trd, 2591923.763, 246
Trd, 2591924.163, 247
Trd, 2591924.196, 240
Trd, 2591924.896, 246
Trd, 2591925.379, 240
Trd, 2591925.663, 245
Trd, 2591927.196, 244
Trd, 2591927.213, 242
Trd, 2591927.296, 241
Trd, 2591929.496, 247
Trd, 2591930.129, 248
Trd, 2591930.846, 254
Trd, 2591931.163, 245
Trd, 2591931.296, 243
Trd, 2591931.929, 237
Trd, 2591932.046, 244
Trd, 2591932.846, 231
Trd, 2591933.179, 242
Trd, 2591934.229, 233
Trd, 2591934.296, 232
Trd, 2591936.213, 237
Trd, 2591936.296, 240
Trd, 2591936.513, 236
Trd, 2591937.513, 240
Trd, 2591938.113, 240
Trd, 2591938.729, 244
Trd, 2591938.946, 240
Trd, 2591940.013, 246
Trd, 2591940.113, 237
Trd, 2591940.396, 234
Trd, 2591940.679, 230
Trd, 2591940.913, 242
Trd, 2591941.679, 247
Trd, 2591941.929, 248
Trd, 2591943.829, 252
Trd, 2591944.329, 259
Trd, 2591947.163, 252
Trd, 2591947.646, 254
Trd, 2591947.896, 254
Trd, 2591948.396, 254
Trd, 2591948.646, 255
Trd, 2591949.096, 254
Trd, 2591949.296, 251
Trd, 2591950.763, 249
Trd, 2591951.563, 247
Trd, 2591951.713, 256
Trd, 2591952.113, 258
Trd, 2591952.613, 243
Trd, 2591953.596, 257
Trd, 2591953.963, 241
Trd, 2591954.029, 261
Trd, 2591954.046, 262
Trd, 2591954.196, 234
Trd, 2591954.279, 233
Trd, 2591954.879, 243
Trd, 2591955.513, 228
Trd, 2591956.196, 236
Trd, 2591956.246, 234
Trd, 2591956.263, 223
Trd, 2591956.379, 261
Trd, 2591956.846, 262
Trd, 2591958.429, 230
Trd, 2591958.546, 261
Trd, 2591959.979, 221
Trd, 2591960.863, 249
Trd, 2591961.463, 251
Trd, 2591962.479, 235
Trd, 2591963.196, 241
Trd, 2591964.363, 246
Trd, 2591964.829, 248
Trd, 2591965.096, 254
Trd, 2591965.113, 242
Trd, 2591965.529, 241
Trd, 2591965.796, 255
Trd, 2591966.363, 242
Trd, 2591966.713, 242
Trd, 2591966.779, 261
Trd, 2591967.063, 241
Trd, 2591967.279, 262
Trd, 2591968.346, 242
Trd, 2591969.713, 249
Trd, 2591970.013, 248
Trd, 2591970.346, 249
Trd, 2591971.296, 248
Trd, 2591972.213, 237
Trd, 2591972.946, 251
Trd, 2591974.263, 251
Trd, 2591975.279, 249
Trd, 2591975.629, 254
Trd, 2591975.679, 255
Trd, 2591975.779, 254
Trd, 2591976.379, 256
Trd, 2591976.496, 237
Trd, 2591978.696, 257
Trd, 2591978.879, 243
Trd, 2591979.279, 242
Trd, 2591979.813, 257
Trd, 2591980.629, 240
Trd, 2591980.763, 256
Trd, 2591982.713, 244
Trd, 2591983.346, 246
Trd, 2591983.963, 245
Trd, 2591984.279, 240
Trd, 2591985.763, 241
Trd, 2591986.163, 245
Trd, 2591986.329, 246
Trd, 2591986.679, 236
Trd, 2591986.913, 248
Trd, 2591987.346, 250
Trd, 2591988.096, 234
Trd, 2591988.246, 251
Trd, 2591988.263, 233
Trd, 2591988.929, 259
Trd, 2591989.179, 243
Trd, 2591990.129, 241
Trd, 2591991.313, 248
Trd, 2591992.463, 237
Trd, 2591993.229, 246
Trd, 2591994.613, 238
Trd, 2591995.263, 242
Trd, 2591995.663, 242
Trd, 2591996.196, 240
Trd, 2591996.213, 241
Trd, 2591996.529, 242
Trd, 2591996.779, 242
Trd, 2591996.913, 239
Trd, 2591997.079, 228
Trd, 2591999.313, 245
Trd, 2591999.363, 235
Trd, 2591999.613, 246
Trd, 2591999.846, 248
