Trd, 2590685.129, 235
Trd, 2590685.513, 262
Trd, 2590685.879, 235
Trd, 2590686.263, 242
Trd, 2590686.763, 239
Trd, 2590687.163, 245
Trd, 2590687.279, 258
Trd, 2590688.213, 238
Trd, 2590688.563, 236
Trd, 2590688.963, 241
Trd, 2590689.413, 235
Trd, 2590689.713, 234
Trd, 2590690.146, 242
Trd, 2590690.313, 229
Trd, 2590690.746, 217
Trd, 2590691.046, 249
Trd, 2590691.829, 221
Trd, 2590691.896, 219
Trd, 2590692.396, 233
Trd, 2590692.596, 234
Trd, 2590693.329, 244
Trd, 2590693.896, 230
Trd, 2590694.146, 254
Trd, 2590695.679, 255
Trd, 2590695.829, 238
Trd, 2590696.596, 239
Trd, 2590698.729, 249
Trd, 2590699.463, 235
Trd, 2590700.563, 238
Trd, 2590700.729, 255
Trd, 2590702.029, 239
Trd, 2590702.363, 239
Trd, 2590702.463, 234
Trd, 2590703.546, 233
Trd, 2590703.629, 251
Trd, 2590704.029, 244
Trd, 2590704.329, 231
Trd, 2590704.813, 248
Trd, 2590705.096, 225
Trd, 2590705.646, 223
Trd, 2590705.746, 244
Trd, 2590707.446, 241
Trd, 2590707.713, 244
Trd, 2590710.763, 241
Trd, 2590710.946, 245
Trd, 2590712.246, 251
Trd, 2590712.763, 255
Trd, 2590713.529, 256
Trd, 2590713.979, 258
Trd, 2590714.613, 257
Trd, 2590715.463, 256
Trd, 2590715.763, 255
Trd, 2590716.046, 251
Trd, 2590716.229, 249
Trd, 2590716.463, 265
Trd, 2590716.979, 239
Trd, 2590717.263, 266
Trd, 2590718.529, 259
Trd, 2590719.079, 258
Trd, 2590719.263, 265
Trd, 2590719.463, 243
Trd, 2590720.196, 245
Trd, 2590720.479, 237
Trd, 2590722.546, 257
Trd, 2590724.029, 240
Trd, 2590725.129, 243
Trd, 2590725.429, 238
Trd, 2590725.963, 245
Trd, 2590725.979, 241
Trd, 2590727.363, 243
Trd, 2590727.413, 241
Trd, 2590727.596, 248
Trd, 2590727.679, 237
Trd, 2590727.813, 244
Trd, 2590727.913, 249
Trd, 2590728.146, 258
Trd, 2590729.229, 242
Trd, 2590729.713, 244
Trd, 2590732.179, 251
Trd, 2590732.496, 252
Trd, 2590732.663, 231
Trd, 2590733.629, 255
Trd, 2590734.963, 247
Trd, 2590736.463, 247
Trd, 2590736.913, 244
Trd, 2590737.529, 244
Trd, 2590737.579, 251
Trd, 2590738.129, 246
Trd, 2590738.213, 248
Trd, 2590738.496, 249
Trd, 2590738.563, 245
Trd, 2590739.596, 244
Trd, 2590739.846, 249
Trd, 2590739.879, 244
Trd, 2590740.379, 255
Trd, 2590740.613, 262
Trd, 2590740.879, 251
Trd, 2590741.696, 265
Trd, 2590742.229, 245
Trd, 2590743.063, 258
Trd, 2590743.463, 250
Trd, 2590743.863, 261
Trd, 2590744.629, 253
Trd, 2590744.896, 250
Trd, 2590745.396, 249
Trd, 2590747.013, 263
Trd, 2590747.046, 257
Trd, 2590747.363, 241
Trd, 2590747.479, 239
Trd, 2590748.346, 231
Trd, 2590748.763, 250
Trd, 2590749.563, 232
Trd, 2590752.029, 250
Trd, 2590752.346, 250
Trd, 2590753.013, 255
Trd, 2590753.279, 256
Trd, 2590754.113, 258
Trd, 2590754.179, 237
Trd, 2590754.513, 258
Trd, 2590754.579, 262
Trd, 2590754.746, 238
Trd, 2590755.279, 237
Trd, 2590755.563, 245
Trd, 2590755.663, 231
Trd, 2590756.963, 227
Trd, 2590759.196, 231
Trd, 2590759.379, 245
Trd, 2590761.096, 250
Trd, 2590761.179, 251
Trd, 2590761.863, 251
Trd, 2590761.963, 251
Trd, 2590762.013, 250
Trd, 2590762.196, 248
Trd, 2590762.963, 260
Trd, 2590764.729, 249
Trd, 2590765.179, 247
Trd, 2590765.429, 244
Trd, 2590765.863, 261
Trd, 2590766.913, 249
Trd, 2590767.263, 241
Trd, 2590768.729, 258
Trd, 2590769.029, 244
Trd, 2590769.413, 244
Trd, 2590770.713, 258
Trd, 2590771.179, 243
Trd, 2590772.579, 243
Trd, 2590772.713, 243
Trd, 2590773.213, 244
Trd, 2590774.113, 257
Trd, 2590774.613, 258
Trd, 2590774.729, 248
Trd, 2590777.729, 257
Trd, 2590778.113, 258
Trd, 2590778.263, 257
Trd, 2590779.079, 255
Trd, 2590779.113, 258
Trd, 2590779.596, 239
Trd, 2590779.679, 258
Trd, 2590780.679, 238
Trd, 2590781.546, 238
Trd, 2590781.579, 237
Trd, 2590782.946, 230
Trd, 2590783.163, 239
Trd, 2590783.879, 262
Trd, 2590784.179, 245
Trd, 2590784.379, 243
Trd, 2590784.963, 250
Trd, 2590785.046, 267
Trd, 2590785.846, 237
Trd, 2590786.113, 270
Trd, 2590787.079, 239
Trd, 2590788.179, 240
Trd, 2590788.763, 240
Trd, 2590789.079, 239
Trd, 2590789.146, 238
Trd, 2590789.779, 242
Trd, 2590790.629, 248
Trd, 2590791.146, 254
Trd, 2590793.096, 255
Trd, 2590793.279, 241
Trd, 2590793.496, 241
Trd, 2590794.263, 258
Trd, 2590795.196, 262
Trd, 2590795.446, 257
Trd, 2590795.913, 252
Trd, 2590796.213, 251
Trd, 2590796.413, 239
Trd, 2590797.563, 258
Trd, 2590798.229, 257
Trd, 2590798.329, 237
Trd, 2590798.429, 259
Trd, 2590798.629, 231
Trd, 2590800.413, 235
Trd, 2590801.346, 231
Trd, 2590801.596, 227
Trd, 2590802.613, 237
Trd, 2590802.663, 236
Trd, 2590802.813, 240
Trd, 2590802.913, 244
Trd, 2590804.746, 249
Trd, 2590805.529, 245
Trd, 2590805.679, 244
Trd, 2590805.879, 240
Trd, 2590806.296, 258
Trd, 2590806.429, 256
Trd, 2590807.413, 250
Trd, 2590808.263, 259
Trd, 2590808.563, 240
Trd, 2590810.329, 241
Trd, 2590811.196, 240
Trd, 2590811.979, 245
Trd, 2590812.346, 253
Trd, 2590812.496, 255
Trd, 2590813.029, 245
Trd, 2590813.479, 244
Trd, 2590814.296, 237
Trd, 2590814.363, 237
Trd, 2590814.479, 238
Trd, 2590817.096, 239
Trd, 2590817.279, 240
Trd, 2590818.063, 242
Trd, 2590818.613, 240
Trd, 2590820.829, 244
Trd, 2590821.146, 242
Trd, 2590821.179, 241
Trd, 2590822.313, 239
Trd, 2590823.879, 237
Trd, 2590824.546, 240
Trd, 2590824.813, 237
Trd, 2590824.929, 242
Trd, 2590826.179, 238
Trd, 2590826.779, 239
Trd, 2590826.879, 241
Trd, 2590827.346, 233
Trd, 2590827.496, 248
Trd, 2590828.179, 255
Trd, 2590828.613, 258
Trd, 2590829.229, 245
Trd, 2590829.263, 244
Trd, 2590830.029, 237
Trd, 2590830.629, 262
Trd, 2590831.463, 235
Trd, 2590831.679, 240
Trd, 2590832.213, 239
Trd, 2590832.513, 231
Trd, 2590833.013, 244
Trd, 2590833.063, 231
Trd, 2590834.113, 245
Trd, 2590834.379, 225
Trd, 2590835.363, 225
Trd, 2590836.763, 251
Trd, 2590837.179, 255
Trd, 2590837.746, 228
Trd, 2590839.229, 238
Trd, 2590840.079, 265
Trd, 2590841.813, 252
Trd, 2590842.413, 252
Trd, 2590842.563, 253
Trd, 2590842.613, 252
Trd, 2590842.679, 254
Trd, 2590843.396, 257
Trd, 2590843.613, 246
Trd, 2590845.246, 255
Trd, 2590845.946, 238
Trd, 2590846.096, 237
Trd, 2590846.179, 234
Trd, 2590846.746, 248
Trd, 2590847.196, 238
Trd, 2590847.763, 255
Trd, 2590849.213, 248
Trd, 2590849.713, 244
Trd, 2590850.146, 241
Trd, 2590850.246, 240
Trd, 2590850.929, 241
Trd, 2590851.046, 240
Trd, 2590851.429, 251
Trd, 2590851.479, 258
Trd, 2590852.779, 244
Trd, 2590853.013, 262
Trd, 2590853.729, 249
Trd, 2590854.029, 234
Trd, 2590854.796, 234
Trd, 2590854.829, 258
Trd, 2590855.329, 265
Trd, 2590856.913, 251
Trd, 2590856.946, 250
Trd, 2590859.079, 259
Trd, 2590859.779, 258
Trd, 2590860.529, 258
Trd, 2590860.563, 255
Trd, 2590861.296, 240
Trd, 2590861.829, 238
Trd, 2590862.246, 242
Trd, 2590863.496, 242
Trd, 2590864.863, 240
Trd, 2590865.363, 237
Trd, 2590865.396, 245
Trd, 2590866.679, 236
Trd, 2590866.979, 245
Trd, 2590867.629, 234
Trd, 2590869.513, 237
Trd, 2590869.763, 239
Trd, 2590870.113, 237
Trd, 2590870.929, 238
Trd, 2590871.229, 239
Trd, 2590871.729, 242
Trd, 2590871.813, 255
Trd, 2590871.996, 238
Trd, 2590872.896, 260
Trd, 2590874.829, 258
Trd, 2590874.846, 251
Trd, 2590875.146, 259
Trd, 2590875.879, 231
Trd, 2590876.213, 227
Trd, 2590876.246, 257
Trd, 2590877.379, 238
Trd, 2590878.113, 238
Trd, 2590879.046, 241
Trd, 2590879.463, 239
Trd, 2590879.629, 241
Trd, 2590880.096, 238
Trd, 2590880.829, 240
Trd, 2590880.929, 242
Trd, 2590881.496, 237
Trd, 2590882.196, 241
Trd, 2590883.346, 237
Trd, 2590883.546, 244
Trd, 2590883.863, 241
Trd, 2590884.479, 238
Trd, 2590885.379, 255
Trd, 2590885.796, 262
Trd, 2590887.496, 242
Trd, 2590887.763, 248
Trd, 2590888.396, 242
Trd, 2590888.696, 241
Trd, 2590889.263, 237
Trd, 2590889.379, 247
Trd, 2590889.413, 255
Trd, 2590892.563, 246
Trd, 2590892.863, 249
Trd, 2590893.429, 245
Trd, 2590893.746, 247
Trd, 2590893.996, 243
Trd, 2590894.029, 242
Trd, 2590894.179, 255
Trd, 2590895.113, 238
Trd, 2590895.263, 239
Trd, 2590895.846, 240
Trd, 2590896.363, 239
Trd, 2590897.629, 237
Trd, 2590897.779, 231
Trd, 2590899.129, 228
Trd, 2590900.496, 239
Trd, 2590901.229, 244
Trd, 2590901.813, 248
Trd, 2590902.063, 229
Trd, 2590902.979, 229
Trd, 2590903.546, 241
Trd, 2590904.246, 230
Trd, 2590904.713, 258
Trd, 2590904.796, 262
Trd, 2590904.863, 257
Trd, 2590904.946, 228
Trd, 2590905.029, 222
Trd, 2590907.696, 245
Trd, 2590908.029, 244
Trd, 2590909.846, 243
Trd, 2590910.279, 240
Trd, 2590910.296, 237
Trd, 2590910.429, 245
Trd, 2590911.946, 234
Trd, 2590913.346, 244
Trd, 2590913.813, 244
Trd, 2590913.929, 248
Trd, 2590914.146, 245
Trd, 2590914.763, 255
Trd, 2590914.796, 245
Trd, 2590914.929, 244
Trd, 2590915.479, 245
Trd, 2590916.929, 245
Trd, 2590917.696, 243
Trd, 2590918.496, 242
Trd, 2590918.696, 243
Trd, 2590919.929, 237
Trd, 2590920.129, 241
Trd, 2590920.196, 246
Trd, 2590921.129, 241
Trd, 2590921.479, 254
Trd, 2590921.813, 255
Trd, 2590922.079, 231
Trd, 2590922.746, 240
Trd, 2590923.079, 244
Trd, 2590923.829, 233
Trd, 2590925.113, 250
Trd, 2590925.129, 255
Trd, 2590925.429, 237
Trd, 2590926.179, 240
Trd, 2590926.896, 231
Trd, 2590928.013, 262
Trd, 2590928.479, 262
Trd, 2590929.613, 237
Trd, 2590929.646, 264
Trd, 2590929.796, 233
Trd, 2590930.263, 237
Trd, 2590931.029, 231
Trd, 2590933.129, 232
Trd, 2590933.729, 232
Trd, 2590934.296, 231
Trd, 2590934.463, 234
Trd, 2590934.496, 240
Trd, 2590934.579, 241
Trd, 2590935.146, 232
Trd, 2590935.729, 255
Trd, 2590936.113, 233
Trd, 2590937.279, 236
Trd, 2590937.696, 244
Trd, 2590938.379, 255
Trd, 2590939.029, 244
Trd, 2590940.713, 242
Trd, 2590941.029, 239
Trd, 2590941.929, 238
Trd, 2590942.779, 237
Trd, 2590943.613, 238
Trd, 2590943.763, 258
Trd, 2590944.679, 237
Trd, 2590946.646, 245
Trd, 2590947.346, 243
Trd, 2590947.429, 242
Trd, 2590947.929, 242
Trd, 2590948.696, 245
Trd, 2590949.163, 244
Trd, 2590949.329, 245
Trd, 2590949.429, 248
Trd, 2590949.596, 244
Trd, 2590950.179, 234
Trd, 2590950.429, 255
Trd, 2590950.546, 259
Trd, 2590951.679, 242
Trd, 2590951.863, 261
Trd, 2590952.163, 262
Trd, 2590953.096, 237
Trd, 2590954.179, 242
Trd, 2590954.463, 239
Trd, 2590954.763, 239
Trd, 2590955.396, 231
Trd, 2590956.496, 249
Trd, 2590958.396, 244
Trd, 2590958.879, 247
Trd, 2590959.313, 256
Trd, 2590959.796, 246
Trd, 2590960.479, 252
Trd, 2590961.246, 247
Trd, 2590961.463, 246
Trd, 2590961.663, 247
Trd, 2590962.263, 248
Trd, 2590962.746, 243
Trd, 2590962.913, 238
Trd, 2590964.446, 245
Trd, 2590966.296, 245
Trd, 2590966.513, 242
Trd, 2590966.979, 246
Trd, 2590967.063, 244
Trd, 2590967.746, 240
Trd, 2590969.179, 245
Trd, 2590969.429, 245
Trd, 2590969.879, 248
Trd, 2590969.913, 252
Trd, 2590970.496, 255
Trd, 2590970.913, 245
Trd, 2590973.146, 240
Trd, 2590973.296, 240
Trd, 2590973.496, 238
Trd, 2590974.129, 240
Trd, 2590975.463, 246
Trd, 2590976.246, 246
Trd, 2590976.796, 236
Trd, 2590976.863, 255
Trd, 2590977.513, 262
Trd, 2590977.546, 253
Trd, 2590978.146, 238
Trd, 2590979.829, 243
Trd, 2590980.579, 246
Trd, 2590980.879, 243
Trd, 2590980.979, 239
Trd, 2590981.013, 237
Trd, 2590981.463, 233
Trd, 2590981.896, 231
Trd, 2590981.946, 224
Trd, 2590982.079, 264
Trd, 2590982.813, 249
Trd, 2590983.996, 264
Trd, 2590985.079, 254
Trd, 2590986.213, 257
Trd, 2590986.629, 257
Trd, 2590987.096, 256
Trd, 2590988.013, 256
Trd, 2590988.163, 255
Trd, 2590988.446, 257
Trd, 2590988.663, 251
Trd, 2590990.213, 251
Trd, 2590990.446, 244
Trd, 2590991.013, 254
Trd, 2590992.246, 234
Trd, 2590992.496, 255
Trd, 2590993.646, 242
Trd, 2590994.613, 243
Trd, 2590995.263, 242
Trd, 2590995.429, 243
Trd, 2590996.363, 244
Trd, 2590996.396, 255
Trd, 2590998.779, 248
Trd, 2590998.946, 244
Trd, 2590999.146, 244
Trd, 2590999.646, 244
Trd, 2590999.746, 242
Trd, 2590999.879, 237
Trd, 2591000.479, 235
Trd, 2591000.579, 232
Trd, 2591000.946, 226
Trd, 2591000.996, 251
Trd, 2591001.046, 252
Trd, 2591002.346, 247
Trd, 2591002.779, 235
Trd, 2591004.129, 237
Trd, 2591004.263, 258
Trd, 2591005.646, 239
Trd, 2591006.279, 239
Trd, 2591006.363, 240
Trd, 2591006.713, 238
Trd, 2591006.913, 241
Trd, 2591008.113, 246
Trd, 2591008.479, 237
Trd, 2591009.013, 232
Trd, 2591009.129, 249
Trd, 2591010.463, 233
Trd, 2591011.796, 237
Trd, 2591011.946, 233
Trd, 2591012.196, 252
Trd, 2591013.529, 232
Trd, 2591013.796, 255
Trd, 2591013.813, 231
Trd, 2591014.546, 243
Trd, 2591014.796, 244
Trd, 2591016.713, 262
Trd, 2591017.929, 263
Trd, 2591018.146, 262
Trd, 2591018.379, 256
Trd, 2591018.713, 255
Trd, 2591019.246, 259
Trd, 2591020.746, 254
Trd, 2591021.113, 253
Trd, 2591021.929, 251
Trd, 2591023.163, 237
Trd, 2591023.646, 253
Trd, 2591023.713, 231
Trd, 2591024.779, 247
Trd, 2591025.496, 248
Trd, 2591025.813, 244
Trd, 2591025.846, 236
Trd, 2591026.496, 231
Trd, 2591027.313, 233
Trd, 2591027.429, 232
Trd, 2591027.513, 230
Trd, 2591028.596, 243
Trd, 2591029.813, 238
Trd, 2591030.046, 252
Trd, 2591030.713, 251
Trd, 2591030.946, 255
Trd, 2591031.763, 258
Trd, 2591033.496, 244
Trd, 2591033.929, 255
Trd, 2591034.496, 259
Trd, 2591034.779, 261
Trd, 2591034.813, 248
Trd, 2591035.513, 262
Trd, 2591036.263, 237
Trd, 2591037.396, 239
Trd, 2591037.746, 255
Trd, 2591039.546, 255
Trd, 2591039.563, 239
Trd, 2591040.546, 242
Trd, 2591040.629, 241
Trd, 2591041.096, 242
Trd, 2591041.113, 258
Trd, 2591041.263, 241
Trd, 2591041.746, 237
Trd, 2591042.396, 234
Trd, 2591042.763, 235
Trd, 2591043.263, 230
Trd, 2591043.279, 237
Trd, 2591043.763, 227
Trd, 2591044.896, 237
Trd, 2591045.396, 237
Trd, 2591045.629, 222
Trd, 2591046.579, 231
Trd, 2591048.229, 244
Trd, 2591049.646, 245
Trd, 2591049.696, 251
Trd, 2591050.263, 245
Trd, 2591051.163, 242
Trd, 2591051.813, 242
Trd, 2591052.929, 249
Trd, 2591053.079, 246
Trd, 2591053.096, 244
Trd, 2591053.329, 239
Trd, 2591053.746, 249
Trd, 2591054.163, 244
Trd, 2591056.296, 255
Trd, 2591056.663, 244
Trd, 2591057.929, 248
Trd, 2591058.163, 258
Trd, 2591059.196, 264
Trd, 2591060.313, 262
Trd, 2591060.563, 260
Trd, 2591060.596, 258
Trd, 2591060.763, 255
Trd, 2591062.113, 251
Trd, 2591064.046, 258
Trd, 2591064.546, 246
Trd, 2591065.296, 245
Trd, 2591065.446, 258
Trd, 2591065.979, 231
Trd, 2591066.029, 228
Trd, 2591066.829, 243
Trd, 2591067.596, 228
Trd, 2591069.013, 244
Trd, 2591069.163, 245
Trd, 2591069.629, 233
Trd, 2591070.063, 230
Trd, 2591070.529, 234
Trd, 2591071.529, 237
Trd, 2591072.179, 235
Trd, 2591072.313, 241
Trd, 2591073.113, 245
Trd, 2591074.263, 238
Trd, 2591074.846, 240
Trd, 2591075.863, 247
Trd, 2591077.096, 247
Trd, 2591077.246, 242
Trd, 2591077.379, 240
Trd, 2591077.646, 237
Trd, 2591078.129, 248
Trd, 2591078.529, 230
Trd, 2591079.446, 249
Trd, 2591079.546, 255
Trd, 2591080.196, 242
Trd, 2591080.929, 241
Trd, 2591082.296, 245
Trd, 2591082.496, 244
Trd, 2591084.379, 246
Trd, 2591084.763, 244
Trd, 2591085.046, 258
Trd, 2591085.113, 241
Trd, 2591085.646, 233
Trd, 2591085.763, 262
Trd, 2591087.029, 238
Trd, 2591087.129, 237
Trd, 2591087.946, 248
Trd, 2591088.096, 264
Trd, 2591088.679, 264
Trd, 2591090.379, 252
Trd, 2591090.429, 251
Trd, 2591090.979, 256
Trd, 2591090.996, 257
Trd, 2591092.596, 253
Trd, 2591093.263, 252
Trd, 2591093.713, 252
Trd, 2591094.629, 237
Trd, 2591095.829, 246
Trd, 2591096.929, 238
Trd, 2591097.013, 241
Trd, 2591097.329, 253
Trd, 2591097.496, 235
Trd, 2591099.163, 247
Trd, 2591099.429, 258
Trd, 2591099.529, 242
Trd, 2591101.546, 244
Trd, 2591101.813, 244
Trd, 2591102.179, 254
Trd, 2591102.413, 243
Trd, 2591103.813, 237
Trd, 2591104.379, 236
Trd, 2591104.613, 250
Trd, 2591105.496, 245
Trd, 2591106.246, 244
Trd, 2591106.629, 233
Trd, 2591107.029, 235
Trd, 2591107.113, 235
Trd, 2591107.563, 234
Trd, 2591107.629, 234
Trd, 2591108.129, 241
Trd, 2591110.279, 246
Trd, 2591110.313, 230
Trd, 2591110.479, 258
Trd, 2591111.229, 264
Trd, 2591111.413, 262
Trd, 2591112.563, 229
Trd, 2591114.246, 261
Trd, 2591114.546, 258
Trd, 2591114.563, 255
Trd, 2591115.196, 262
Trd, 2591115.596, 239
Trd, 2591116.546, 260
Trd, 2591116.796, 265
Trd, 2591116.829, 242
Trd, 2591117.113, 240
Trd, 2591118.513, 242
Trd, 2591119.379, 237
Trd, 2591119.796, 240
Trd, 2591121.029, 244
Trd, 2591121.363, 243
Trd, 2591123.346, 237
Trd, 2591123.729, 245
Trd, 2591124.079, 240
Trd, 2591125.596, 243
Trd, 2591125.913, 239
Trd, 2591126.363, 237
Trd, 2591128.579, 235
Trd, 2591128.613, 236
Trd, 2591128.663, 241
Trd, 2591128.913, 231
Trd, 2591129.096, 231
Trd, 2591129.529, 238
Trd, 2591129.746, 228
Trd, 2591130.113, 245
Trd, 2591130.129, 248
Trd, 2591131.029, 245
Trd, 2591131.813, 254
Trd, 2591132.463, 237
Trd, 2591133.296, 237
Trd, 2591133.846, 237
Trd, 2591134.096, 236
Trd, 2591135.729, 237
Trd, 2591135.846, 236
Trd, 2591136.779, 241
Trd, 2591137.079, 246
Trd, 2591137.396, 247
Trd, 2591139.146, 245
Trd, 2591139.296, 244
Trd, 2591139.863, 250
Trd, 2591140.646, 252
Trd, 2591141.163, 255
Trd, 2591142.696, 247
Trd, 2591142.813, 252
Trd, 2591142.913, 246
Trd, 2591143.213, 254
Trd, 2591143.279, 245
Trd, 2591143.779, 255
Trd, 2591144.129, 237
Trd, 2591144.663, 245
Trd, 2591144.996, 243
Trd, 2591145.396, 254
Trd, 2591146.013, 233
Trd, 2591146.163, 241
Trd, 2591146.246, 249
Trd, 2591146.346, 231
Trd, 2591147.163, 230
Trd, 2591150.663, 251
Trd, 2591151.079, 241
Trd, 2591153.313, 256
Trd, 2591154.163, 244
Trd, 2591154.546, 258
Trd, 2591154.929, 262
Trd, 2591155.463, 257
Trd, 2591155.479, 255
Trd, 2591156.196, 262
Trd, 2591156.646, 263
Trd, 2591156.696, 247
Trd, 2591158.029, 248
Trd, 2591158.779, 255
Trd, 2591159.879, 252
Trd, 2591160.513, 250
Trd, 2591160.613, 249
Trd, 2591161.129, 244
Trd, 2591161.696, 253
Trd, 2591161.879, 237
Trd, 2591163.963, 235
Trd, 2591165.196, 238
Trd, 2591165.246, 237
Trd, 2591165.729, 249
Trd, 2591166.829, 244
Trd, 2591166.963, 237
Trd, 2591167.696, 239
Trd, 2591167.896, 250
Trd, 2591168.346, 238
Trd, 2591168.446, 231
Trd, 2591168.679, 248
Trd, 2591169.813, 231
Trd, 2591171.429, 244
Trd, 2591171.463, 258
Trd, 2591173.063, 250
Trd, 2591173.346, 253
Trd, 2591174.063, 253
Trd, 2591174.129, 251
Trd, 2591175.046, 255
Trd, 2591175.579, 250
Trd, 2591175.596, 248
Trd, 2591177.213, 259
Trd, 2591177.496, 258
Trd, 2591177.663, 241
Trd, 2591178.363, 239
Trd, 2591178.579, 237
Trd, 2591179.246, 251
Trd, 2591179.596, 231
Trd, 2591180.046, 241
Trd, 2591180.079, 242
Trd, 2591182.779, 241
Trd, 2591182.829, 240
Trd, 2591183.546, 235
Trd, 2591183.713, 241
Trd, 2591184.563, 259
Trd, 2591184.946, 259
Trd, 2591185.329, 259
Trd, 2591185.696, 260
Trd, 2591185.879, 260
Trd, 2591186.196, 261
Trd, 2591187.029, 259
Trd, 2591187.296, 257
Trd, 2591188.313, 255
Trd, 2591188.979, 243
Trd, 2591190.546, 266
Trd, 2591191.463, 258
Trd, 2591191.479, 267
Trd, 2591191.646, 251
Trd, 2591192.713, 242
Trd, 2591192.796, 257
Trd, 2591195.313, 249
Trd, 2591195.929, 249
Trd, 2591196.196, 240
Trd, 2591196.863, 263
Trd, 2591197.363, 248
Trd, 2591198.213, 242
Trd, 2591199.679, 240
Trd, 2591199.813, 239
Trd, 2591200.546, 238
Trd, 2591201.329, 260
Trd, 2591201.479, 237
Trd, 2591201.963, 230
Trd, 2591201.979, 229
Trd, 2591202.063, 242
Trd, 2591203.463, 240
Trd, 2591204.196, 235
Trd, 2591204.396, 245
Trd, 2591206.863, 242
Trd, 2591207.379, 240
Trd, 2591208.279, 238
Trd, 2591208.329, 237
Trd, 2591209.263, 227
Trd, 2591210.246, 240
Trd, 2591210.613, 245
Trd, 2591211.129, 241
Trd, 2591211.396, 246
Trd, 2591211.929, 236
Trd, 2591212.313, 247
Trd, 2591213.296, 235
Trd, 2591213.596, 232
Trd, 2591215.113, 228
Trd, 2591216.313, 232
Trd, 2591216.713, 233
Trd, 2591216.796, 234
Trd, 2591217.196, 234
Trd, 2591217.913, 239
Trd, 2591219.046, 242
Trd, 2591219.463, 239
Trd, 2591219.746, 246
Trd, 2591219.963, 255
Trd, 2591220.646, 245
Trd, 2591221.063, 246
Trd, 2591222.046, 249
Trd, 2591222.913, 258
Trd, 2591223.513, 250
Trd, 2591223.929, 249
Trd, 2591226.563, 243
Trd, 2591226.646, 244
Trd, 2591226.696, 244
Trd, 2591227.046, 248
Trd, 2591227.096, 258
Trd, 2591227.279, 245
Trd, 2591227.296, 262
Trd, 2591228.213, 246
Trd, 2591229.263, 253
Trd, 2591229.829, 250
Trd, 2591230.629, 249
Trd, 2591231.246, 248
Trd, 2591231.479, 244
Trd, 2591231.879, 237
Trd, 2591232.379, 231
Trd, 2591233.046, 261
Trd, 2591234.129, 253
Trd, 2591234.529, 231
Trd, 2591235.796, 231
Trd, 2591236.329, 246
Trd, 2591238.113, 233
Trd, 2591238.429, 233
Trd, 2591239.213, 232
Trd, 2591239.696, 234
Trd, 2591239.979, 241
Trd, 2591241.013, 242
Trd, 2591242.346, 251
Trd, 2591242.846, 250
Trd, 2591242.963, 249
Trd, 2591243.546, 255
Trd, 2591244.446, 258
Trd, 2591245.513, 259
Trd, 2591245.813, 258
Trd, 2591247.796, 258
Trd, 2591248.263, 257
Trd, 2591249.146, 256
Trd, 2591249.379, 255
Trd, 2591249.596, 243
Trd, 2591250.329, 242
Trd, 2591250.579, 241
Trd, 2591250.929, 245
Trd, 2591250.996, 249
Trd, 2591251.879, 238
Trd, 2591252.246, 258
Trd, 2591252.896, 245
Trd, 2591253.796, 261
Trd, 2591254.113, 245
Trd, 2591254.746, 255
Trd, 2591255.613, 250
Trd, 2591255.763, 245
Trd, 2591256.279, 255
Trd, 2591256.829, 244
Trd, 2591257.429, 240
Trd, 2591258.413, 237
Trd, 2591258.496, 266
Trd, 2591258.979, 233
Trd, 2591261.129, 228
Trd, 2591261.746, 248
Trd, 2591261.813, 232
Trd, 2591262.246, 231
Trd, 2591262.829, 230
Trd, 2591263.029, 229
Trd, 2591264.729, 238
Trd, 2591264.929, 239
Trd, 2591265.363, 255
Trd, 2591265.529, 258
Trd, 2591266.179, 244
Trd, 2591266.479, 259
Trd, 2591266.813, 241
Trd, 2591267.229, 243
Trd, 2591267.763, 260
Trd, 2591268.696, 248
Trd, 2591269.429, 248
Trd, 2591269.679, 247
Trd, 2591270.229, 246
Trd, 2591270.813, 231
Trd, 2591271.679, 260
Trd, 2591272.863, 255
Trd, 2591273.046, 261
Trd, 2591273.113, 260
Trd, 2591273.779, 237
Trd, 2591274.146, 262
Trd, 2591274.963, 243
Trd, 2591276.029, 233
Trd, 2591276.313, 258
Trd, 2591278.246, 237
Trd, 2591278.746, 255
Trd, 2591280.479, 250
Trd, 2591281.163, 253
Trd, 2591281.313, 250
Trd, 2591281.563, 249
Trd, 2591281.779, 248
Trd, 2591281.929, 247
Trd, 2591282.713, 241
Trd, 2591283.346, 242
Trd, 2591284.979, 237
Trd, 2591286.363, 241
Trd, 2591286.396, 242
Trd, 2591286.729, 244
Trd, 2591287.179, 236
Trd, 2591287.963, 248
Trd, 2591288.979, 242
Trd, 2591289.113, 255
Trd, 2591290.546, 246
Trd, 2591290.629, 247
Trd, 2591291.396, 247
Trd, 2591291.496, 245
Trd, 2591291.563, 244
Trd, 2591291.979, 258
Trd, 2591292.946, 252
Trd, 2591292.963, 234
Trd, 2591293.563, 248
Trd, 2591294.896, 252
Trd, 2591295.163, 233
Trd, 2591295.229, 262
Trd, 2591296.679, 262
Trd, 2591297.196, 262
Trd, 2591297.463, 265
Trd, 2591298.296, 258
Trd, 2591299.846, 262
Trd, 2591299.863, 261
Trd, 2591301.229, 257
Trd, 2591301.313, 255
Trd, 2591301.563, 251
Trd, 2591301.763, 244
Trd, 2591302.013, 260
Trd, 2591302.229, 253
Trd, 2591303.163, 241
Trd, 2591303.746, 242
Trd, 2591303.913, 239
Trd, 2591304.429, 237
Trd, 2591305.946, 241
Trd, 2591306.413, 244
Trd, 2591306.496, 255
Trd, 2591307.379, 244
Trd, 2591307.629, 244
Trd, 2591307.979, 258
Trd, 2591309.096, 251
Trd, 2591309.113, 249
Trd, 2591310.313, 251
Trd, 2591310.346, 250
Trd, 2591311.429, 251
Trd, 2591312.379, 243
Trd, 2591312.546, 242
Trd, 2591313.013, 249
Trd, 2591313.629, 255
Trd, 2591314.563, 253
Trd, 2591314.596, 252
Trd, 2591314.996, 250
Trd, 2591315.013, 239
Trd, 2591316.613, 248
Trd, 2591316.946, 250
Trd, 2591317.613, 260
Trd, 2591318.029, 244
Trd, 2591318.579, 237
Trd, 2591319.263, 237
Trd, 2591320.246, 235
Trd, 2591320.563, 251
Trd, 2591321.163, 237
Trd, 2591321.979, 258
Trd, 2591323.346, 258
Trd, 2591324.029, 242
Trd, 2591324.813, 258
Trd, 2591325.329, 262
Trd, 2591326.046, 268
Trd, 2591326.396, 244
Trd, 2591326.463, 238
Trd, 2591327.579, 248
Trd, 2591327.863, 239
Trd, 2591328.679, 244
Trd, 2591329.929, 255
Trd, 2591330.129, 254
Trd, 2591330.213, 253
Trd, 2591331.196, 252
Trd, 2591331.863, 251
Trd, 2591333.446, 249
Trd, 2591333.829, 249
Trd, 2591335.413, 252
Trd, 2591335.563, 245
Trd, 2591335.596, 237
Trd, 2591336.129, 237
Trd, 2591336.179, 230
Trd, 2591336.663, 233
Trd, 2591337.063, 248
Trd, 2591337.596, 241
Trd, 2591338.146, 233
Trd, 2591338.196, 231
Trd, 2591338.713, 248
Trd, 2591339.046, 248
Trd, 2591339.963, 232
Trd, 2591340.113, 231
Trd, 2591340.213, 244
Trd, 2591341.996, 236
Trd, 2591342.429, 257
Trd, 2591342.963, 237
Trd, 2591343.463, 241
Trd, 2591344.213, 238
Trd, 2591345.129, 241
Trd, 2591345.463, 242
Trd, 2591346.513, 242
Trd, 2591346.679, 246
Trd, 2591346.696, 258
Trd, 2591349.596, 248
Trd, 2591350.196, 247
Trd, 2591350.546, 260
Trd, 2591351.196, 247
Trd, 2591351.329, 262
Trd, 2591352.163, 250
Trd, 2591352.479, 248
Trd, 2591352.579, 259
Trd, 2591353.129, 232
Trd, 2591355.563, 234
Trd, 2591355.663, 241
Trd, 2591355.746, 258
Trd, 2591355.796, 258
Trd, 2591356.363, 233
Trd, 2591356.529, 232
Trd, 2591356.796, 230
Trd, 2591357.363, 247
Trd, 2591360.246, 234
Trd, 2591360.646, 239
Trd, 2591361.279, 238
Trd, 2591361.646, 237
Trd, 2591361.863, 242
Trd, 2591364.046, 248
Trd, 2591364.329, 241
Trd, 2591365.563, 242
Trd, 2591365.729, 240
Trd, 2591366.479, 240
Trd, 2591367.246, 239
Trd, 2591367.879, 241
Trd, 2591369.463, 241
Trd, 2591369.496, 248
Trd, 2591369.963, 248
Trd, 2591370.213, 241
Trd, 2591370.413, 255
Trd, 2591371.546, 258
Trd, 2591371.913, 248
Trd, 2591372.296, 247
Trd, 2591373.046, 247
Trd, 2591373.146, 257
Trd, 2591374.763, 241
Trd, 2591375.029, 255
Trd, 2591376.263, 239
Trd, 2591376.313, 237
Trd, 2591377.096, 235
Trd, 2591377.763, 235
Trd, 2591377.979, 237
Trd, 2591378.746, 238
Trd, 2591378.779, 237
Trd, 2591379.046, 227
Trd, 2591379.363, 248
Trd, 2591379.829, 230
Trd, 2591380.996, 242
Trd, 2591382.196, 241
Trd, 2591383.579, 241
Trd, 2591383.713, 245
Trd, 2591384.829, 262
Trd, 2591385.363, 243
Trd, 2591386.829, 245
Trd, 2591388.129, 244
Trd, 2591388.196, 243
Trd, 2591388.346, 242
Trd, 2591388.363, 237
Trd, 2591388.379, 245
Trd, 2591390.513, 237
Trd, 2591390.546, 236
Trd, 2591391.646, 248
Trd, 2591391.863, 229
Trd, 2591391.929, 248
Trd, 2591392.279, 231
Trd, 2591393.329, 232
Trd, 2591393.563, 255
Trd, 2591393.913, 256
Trd, 2591394.696, 258
Trd, 2591395.146, 234
Trd, 2591395.596, 232
Trd, 2591396.946, 229
Trd, 2591397.713, 229
Trd, 2591398.379, 239
Trd, 2591398.496, 232
Trd, 2591399.496, 236
Trd, 2591399.596, 233
Trd, 2591400.346, 238
Trd, 2591400.979, 245
Trd, 2591401.163, 249
Trd, 2591403.029, 236
Trd, 2591403.129, 235
Trd, 2591403.679, 242
Trd, 2591403.713, 255
Trd, 2591403.946, 256
Trd, 2591405.929, 236
Trd, 2591406.329, 236
Trd, 2591407.346, 236
Trd, 2591407.779, 237
Trd, 2591408.513, 239
Trd, 2591408.896, 240
Trd, 2591410.096, 243
Trd, 2591410.296, 247
Trd, 2591410.946, 254
Trd, 2591411.396, 233
Trd, 2591411.829, 254
Trd, 2591412.413, 233
Trd, 2591412.513, 255
Trd, 2591413.496, 233
Trd, 2591414.263, 229
Trd, 2591414.929, 232
Trd, 2591416.029, 250
Trd, 2591416.196, 248
Trd, 2591416.946, 260
Trd, 2591416.979, 261
Trd, 2591418.313, 229
Trd, 2591418.763, 236
Trd, 2591419.279, 237
Trd, 2591419.563, 240
Trd, 2591421.679, 241
Trd, 2591421.863, 244
Trd, 2591423.213, 261
Trd, 2591423.396, 249
Trd, 2591425.313, 256
Trd, 2591425.329, 255
Trd, 2591425.513, 253
Trd, 2591426.546, 253
Trd, 2591426.963, 257
Trd, 2591427.463, 254
Trd, 2591427.529, 251
Trd, 2591427.846, 257
Trd, 2591428.029, 258
Trd, 2591428.513, 256
Trd, 2591428.529, 241
Trd, 2591429.113, 262
Trd, 2591429.246, 264
Trd, 2591429.546, 255
Trd, 2591431.696, 240
Trd, 2591432.096, 241
Trd, 2591433.063, 242
Trd, 2591433.579, 245
Trd, 2591433.979, 244
Trd, 2591434.129, 250
Trd, 2591434.263, 237
Trd, 2591434.313, 259
Trd, 2591434.346, 262
Trd, 2591435.396, 240
Trd, 2591435.629, 250
Trd, 2591435.846, 251
Trd, 2591436.829, 254
Trd, 2591438.979, 262
Trd, 2591439.163, 258
Trd, 2591441.179, 262
Trd, 2591441.329, 261
Trd, 2591442.563, 256
Trd, 2591442.596, 255
Trd, 2591442.896, 239
Trd, 2591443.046, 238
Trd, 2591444.163, 240
Trd, 2591445.013, 244
Trd, 2591445.696, 249
Trd, 2591446.046, 239
Trd, 2591446.496, 237
Trd, 2591446.713, 255
Trd, 2591447.029, 255
Trd, 2591447.246, 256
Trd, 2591447.379, 231
Trd, 2591448.163, 227
Trd, 2591449.179, 228
Trd, 2591450.196, 257
Trd, 2591451.563, 256
Trd, 2591452.529, 236
Trd, 2591453.046, 258
Trd, 2591453.146, 240
Trd, 2591453.196, 262
Trd, 2591453.696, 242
Trd, 2591453.746, 241
Trd, 2591454.829, 241
Trd, 2591455.096, 269
Trd, 2591455.813, 258
Trd, 2591456.646, 252
Trd, 2591456.729, 251
Trd, 2591457.379, 261
Trd, 2591458.429, 258
Trd, 2591458.679, 257
Trd, 2591459.129, 244
Trd, 2591459.796, 237
Trd, 2591461.096, 236
Trd, 2591462.513, 238
Trd, 2591463.496, 234
Trd, 2591464.946, 240
Trd, 2591466.296, 240
Trd, 2591466.363, 241
Trd, 2591466.396, 240
Trd, 2591466.429, 238
Trd, 2591466.479, 237
Trd, 2591467.479, 242
Trd, 2591468.013, 244
Trd, 2591468.213, 243
Trd, 2591468.513, 249
Trd, 2591469.896, 241
Trd, 2591470.229, 255
Trd, 2591470.596, 262
Trd, 2591470.696, 265
Trd, 2591471.179, 241
Trd, 2591472.946, 238
Trd, 2591474.246, 244
Trd, 2591474.679, 233
Trd, 2591474.879, 244
Trd, 2591475.146, 246
Trd, 2591475.396, 245
Trd, 2591476.079, 248
Trd, 2591476.129, 246
Trd, 2591476.613, 245
Trd, 2591476.829, 244
Trd, 2591477.463, 237
Trd, 2591478.013, 254
Trd, 2591478.713, 246
Trd, 2591478.863, 245
Trd, 2591480.046, 253
Trd, 2591481.296, 245
Trd, 2591484.446, 257
Trd, 2591484.629, 258
Trd, 2591485.896, 258
Trd, 2591485.929, 262
Trd, 2591486.013, 255
Trd, 2591487.079, 257
Trd, 2591487.129, 256
Trd, 2591487.663, 257
Trd, 2591487.913, 253
Trd, 2591488.763, 253
Trd, 2591489.346, 251
Trd, 2591489.479, 239
Trd, 2591489.563, 238
Trd, 2591490.796, 237
Trd, 2591491.596, 238
Trd, 2591492.996, 237
Trd, 2591493.046, 238
Trd, 2591493.579, 237
Trd, 2591494.579, 240
Trd, 2591494.963, 241
Trd, 2591495.396, 240
Trd, 2591496.613, 244
Trd, 2591497.213, 249
Trd, 2591497.429, 255
Trd, 2591498.113, 251
Trd, 2591499.396, 241
Trd, 2591499.596, 240
Trd, 2591499.929, 240
Trd, 2591500.796, 255
Trd, 2591501.846, 258
Trd, 2591502.163, 240
Trd, 2591502.896, 238
Trd, 2591503.196, 237
Trd, 2591504.446, 237
Trd, 2591505.346, 243
Trd, 2591505.629, 244
Trd, 2591506.563, 243
Trd, 2591508.263, 244
Trd, 2591508.529, 243
Trd, 2591508.979, 242
Trd, 2591509.113, 248
Trd, 2591509.229, 241
Trd, 2591511.213, 234
Trd, 2591511.329, 234
Trd, 2591512.296, 241
Trd, 2591512.963, 234
Trd, 2591513.646, 234
Trd, 2591513.846, 229
Trd, 2591515.846, 237
Trd, 2591516.246, 237
Trd, 2591516.563, 248
Trd, 2591516.629, 251
Trd, 2591517.513, 253
Trd, 2591518.513, 246
Trd, 2591519.446, 249
Trd, 2591519.796, 250
Trd, 2591520.196, 250
Trd, 2591520.446, 249
Trd, 2591520.829, 248
Trd, 2591520.913, 254
Trd, 2591522.079, 244
Trd, 2591522.496, 248
Trd, 2591523.596, 246
Trd, 2591523.879, 250
Trd, 2591524.429, 247
Trd, 2591525.379, 256
Trd, 2591525.779, 258
Trd, 2591526.446, 262
Trd, 2591527.396, 264
Trd, 2591527.829, 267
Trd, 2591528.896, 256
Trd, 2591529.413, 257
Trd, 2591529.979, 254
Trd, 2591530.696, 241
Trd, 2591531.213, 244
Trd, 2591531.546, 242
Trd, 2591533.929, 240
Trd, 2591534.413, 237
Trd, 2591535.696, 235
Trd, 2591535.746, 238
Trd, 2591536.746, 239
Trd, 2591537.313, 236
Trd, 2591537.463, 232
Trd, 2591538.046, 239
Trd, 2591538.263, 237
Trd, 2591539.146, 233
Trd, 2591539.396, 239
Trd, 2591541.446, 241
Trd, 2591541.863, 238
Trd, 2591541.879, 237
Trd, 2591542.063, 244
Trd, 2591542.813, 245
Trd, 2591543.496, 237
Trd, 2591546.679, 249
Trd, 2591546.696, 244
Trd, 2591546.946, 250
Trd, 2591547.813, 244
Trd, 2591548.263, 238
Trd, 2591548.429, 252
Trd, 2591549.563, 255
Trd, 2591550.796, 245
Trd, 2591550.929, 244
Trd, 2591551.296, 258
Trd, 2591551.896, 247
Trd, 2591552.379, 247
Trd, 2591552.429, 244
Trd, 2591552.679, 259
Trd, 2591552.779, 260
Trd, 2591553.046, 244
Trd, 2591553.213, 237
Trd, 2591555.296, 244
Trd, 2591555.546, 251
Trd, 2591555.779, 238
Trd, 2591556.413, 256
Trd, 2591556.796, 257
Trd, 2591556.913, 239
Trd, 2591558.946, 249
Trd, 2591559.129, 257
Trd, 2591560.363, 253
Trd, 2591560.513, 251
Trd, 2591561.196, 258
Trd, 2591561.429, 251
Trd, 2591562.663, 252
Trd, 2591563.113, 251
Trd, 2591563.229, 238
Trd, 2591565.229, 242
Trd, 2591565.546, 241
Trd, 2591565.596, 242
Trd, 2591566.463, 237
Trd, 2591567.429, 234
Trd, 2591568.013, 242
Trd, 2591568.146, 245
Trd, 2591568.379, 232
Trd, 2591569.413, 238
Trd, 2591570.129, 255
Trd, 2591571.446, 236
Trd, 2591572.079, 245
Trd, 2591572.096, 239
Trd, 2591572.629, 249
Trd, 2591573.663, 239
Trd, 2591573.879, 258
Trd, 2591574.029, 240
Trd, 2591574.879, 259
Trd, 2591574.996, 262
Trd, 2591575.363, 259
Trd, 2591576.063, 258
Trd, 2591576.163, 255
Trd, 2591577.846, 237
Trd, 2591577.996, 239
Trd, 2591579.296, 247
Trd, 2591580.446, 249
Trd, 2591581.546, 247
Trd, 2591581.713, 246
Trd, 2591581.779, 244
Trd, 2591582.529, 242
Trd, 2591584.013, 243
Trd, 2591584.546, 241
Trd, 2591584.813, 242
Trd, 2591584.863, 244
Trd, 2591585.946, 243
Trd, 2591586.479, 237
Trd, 2591586.513, 233
Trd, 2591589.546, 243
Trd, 2591589.729, 241
Trd, 2591590.563, 237
Trd, 2591591.329, 243
Trd, 2591591.396, 244
Trd, 2591591.663, 248
Trd, 2591591.746, 228
Trd, 2591592.229, 255
Trd, 2591592.529, 258
Trd, 2591592.796, 244
Trd, 2591592.946, 228
Trd, 2591593.296, 225
Trd, 2591593.429, 244
Trd, 2591593.613, 263
Trd, 2591594.646, 244
Trd, 2591595.646, 262
Trd, 2591597.513, 249
Trd, 2591598.879, 249
Trd, 2591599.329, 262
Trd, 2591599.529, 268
Trd, 2591599.629, 247
Trd, 2591599.763, 240
Trd, 2591599.946, 239
Trd, 2591600.479, 238
Trd, 2591601.479, 240
Trd, 2591601.513, 258
Trd, 2591602.196, 257
Trd, 2591603.329, 256
Trd, 2591604.579, 255
Trd, 2591604.963, 256
Trd, 2591605.013, 251
Trd, 2591605.679, 231
Trd, 2591606.096, 248
Trd, 2591606.213, 256
Trd, 2591606.463, 247
Trd, 2591607.263, 237
Trd, 2591608.479, 237
Trd, 2591608.863, 240
Trd, 2591608.996, 258
Trd, 2591609.829, 230
Trd, 2591610.879, 241
Trd, 2591611.263, 247
Trd, 2591612.279, 259
Trd, 2591613.063, 245
Trd, 2591613.246, 260
Trd, 2591614.096, 247
Trd, 2591614.363, 246
Trd, 2591614.413, 249
Trd, 2591614.996, 243
Trd, 2591616.546, 254
Trd, 2591617.413, 255
Trd, 2591617.696, 257
Trd, 2591618.396, 255
Trd, 2591618.879, 262
Trd, 2591618.963, 253
Trd, 2591619.163, 244
Trd, 2591620.429, 243
Trd, 2591620.446, 246
Trd, 2591621.363, 231
Trd, 2591622.063, 230
Trd, 2591622.146, 256
Trd, 2591622.229, 229
Trd, 2591624.129, 248
Trd, 2591624.296, 231
Trd, 2591624.713, 233
Trd, 2591624.913, 258
Trd, 2591625.513, 235
Trd, 2591625.746, 257
Trd, 2591626.513, 258
Trd, 2591627.063, 257
Trd, 2591627.413, 267
Trd, 2591627.463, 257
Trd, 2591628.079, 258
Trd, 2591628.396, 259
Trd, 2591628.446, 258
Trd, 2591629.063, 241
Trd, 2591630.379, 237
Trd, 2591632.729, 261
Trd, 2591633.563, 260
Trd, 2591633.596, 255
Trd, 2591633.963, 243
Trd, 2591634.529, 239
Trd, 2591635.546, 243
Trd, 2591636.979, 241
Trd, 2591637.179, 233
Trd, 2591637.379, 238
Trd, 2591637.963, 231
Trd, 2591638.079, 242
Trd, 2591639.463, 233
Trd, 2591640.313, 244
Trd, 2591641.396, 234
Trd, 2591643.246, 250
Trd, 2591643.813, 253
Trd, 2591644.096, 255
Trd, 2591644.463, 247
Trd, 2591644.679, 254
Trd, 2591645.663, 257
Trd, 2591646.179, 258
Trd, 2591647.213, 259
Trd, 2591647.363, 259
Trd, 2591647.929, 258
Trd, 2591648.046, 251
Trd, 2591648.196, 243
Trd, 2591649.529, 240
Trd, 2591650.196, 247
Trd, 2591650.763, 237
Trd, 2591651.129, 233
Trd, 2591651.413, 228
Trd, 2591651.563, 241
Trd, 2591651.929, 241
Trd, 2591653.113, 250
Trd, 2591654.129, 240
Trd, 2591655.379, 249
Trd, 2591655.413, 258
Trd, 2591655.963, 249
Trd, 2591656.163, 262
Trd, 2591656.429, 265
Trd, 2591656.813, 246
Trd, 2591656.863, 243
Trd, 2591658.729, 241
Trd, 2591659.013, 248
Trd, 2591660.696, 243
Trd, 2591661.063, 252
Trd, 2591661.796, 236
Trd, 2591661.879, 235
Trd, 2591662.063, 233
Trd, 2591662.779, 238
Trd, 2591662.896, 235
Trd, 2591663.546, 231
Trd, 2591663.563, 240
Trd, 2591663.579, 255
Trd, 2591663.663, 229
Trd, 2591665.196, 255
Trd, 2591665.329, 240
Trd, 2591666.246, 239
Trd, 2591666.279, 258
Trd, 2591667.146, 238
Trd, 2591668.179, 241
Trd, 2591668.646, 239
Trd, 2591669.096, 240
Trd, 2591669.163, 239
Trd, 2591669.429, 237
Trd, 2591670.629, 229
Trd, 2591670.946, 245
Trd, 2591671.496, 245
Trd, 2591672.429, 235
Trd, 2591673.529, 230
Trd, 2591673.563, 245
Trd, 2591674.246, 222
Trd, 2591675.696, 243
Trd, 2591676.029, 251
Trd, 2591676.379, 255
Trd, 2591676.946, 239
Trd, 2591678.996, 240
Trd, 2591679.029, 237
Trd, 2591679.446, 238
Trd, 2591679.929, 238
Trd, 2591680.063, 230
Trd, 2591681.029, 239
Trd, 2591681.246, 238
Trd, 2591681.346, 241
Trd, 2591683.729, 236
Trd, 2591684.679, 237
Trd, 2591684.746, 247
Trd, 2591684.929, 234
Trd, 2591686.146, 246
Trd, 2591686.779, 243
Trd, 2591686.796, 242
Trd, 2591687.096, 241
Trd, 2591688.979, 241
Trd, 2591689.379, 256
Trd, 2591689.813, 258
Trd, 2591691.129, 247
Trd, 2591693.029, 248
Trd, 2591693.096, 248
Trd, 2591693.496, 250
Trd, 2591693.963, 249
Trd, 2591694.413, 249
Trd, 2591694.629, 250
Trd, 2591695.796, 248
Trd, 2591695.863, 251
Trd, 2591696.996, 242
Trd, 2591697.646, 249
Trd, 2591697.679, 251
Trd, 2591697.713, 255
Trd, 2591699.713, 258
Trd, 2591699.763, 260
Trd, 2591700.196, 260
Trd, 2591700.896, 261
Trd, 2591700.913, 259
Trd, 2591701.246, 251
Trd, 2591701.396, 242
Trd, 2591701.563, 262
Trd, 2591702.263, 258
Trd, 2591702.929, 239
Trd, 2591703.379, 239
Trd, 2591704.046, 239
Trd, 2591704.413, 237
Trd, 2591704.579, 268
Trd, 2591705.496, 252
Trd, 2591705.829, 238
Trd, 2591706.213, 258
Trd, 2591706.496, 237
Trd, 2591707.629, 247
Trd, 2591709.013, 250
Trd, 2591709.063, 249
Trd, 2591709.796, 253
Trd, 2591710.063, 253
Trd, 2591711.946, 253
Trd, 2591712.863, 251
Trd, 2591713.196, 243
Trd, 2591713.229, 242
Trd, 2591713.946, 232
Trd, 2591714.896, 231
Trd, 2591715.229, 228
Trd, 2591715.896, 246
Trd, 2591717.346, 224
Trd, 2591717.679, 247
Trd, 2591717.779, 258
Trd, 2591719.179, 256
Trd, 2591719.463, 227
Trd, 2591719.546, 243
Trd, 2591721.013, 232
Trd, 2591721.596, 242
Trd, 2591723.429, 255
Trd, 2591723.713, 244
Trd, 2591723.946, 245
Trd, 2591724.179, 244
Trd, 2591724.479, 245
Trd, 2591724.946, 245
Trd, 2591727.179, 249
Trd, 2591727.646, 245
Trd, 2591728.013, 245
Trd, 2591728.729, 243
Trd, 2591728.863, 237
Trd, 2591729.746, 232
Trd, 2591730.046, 236
Trd, 2591730.363, 226
Trd, 2591730.846, 228
Trd, 2591730.879, 239
Trd, 2591731.296, 227
Trd, 2591731.629, 227
Trd, 2591731.996, 236
Trd, 2591733.263, 255
Trd, 2591733.429, 258
Trd, 2591733.546, 262
Trd, 2591733.996, 267
Trd, 2591734.796, 248
Trd, 2591735.379, 245
Trd, 2591736.046, 249
Trd, 2591737.013, 254
Trd, 2591737.079, 262
Trd, 2591737.363, 249
Trd, 2591737.763, 244
Trd, 2591738.363, 243
Trd, 2591740.263, 257
Trd, 2591740.679, 258
Trd, 2591741.546, 245
Trd, 2591741.846, 244
Trd, 2591741.896, 260
Trd, 2591742.513, 251
Trd, 2591744.863, 260
Trd, 2591745.096, 241
Trd, 2591746.479, 247
Trd, 2591746.563, 248
Trd, 2591746.913, 245
Trd, 2591747.013, 244
Trd, 2591748.213, 242
Trd, 2591749.113, 247
Trd, 2591749.346, 239
Trd, 2591749.696, 239
Trd, 2591750.213, 242
Trd, 2591750.429, 238
Trd, 2591752.413, 248
Trd, 2591753.196, 245
Trd, 2591753.479, 241
Trd, 2591753.529, 237
Trd, 2591753.729, 232
Trd, 2591755.213, 248
Trd, 2591755.646, 233
Trd, 2591755.963, 254
Trd, 2591756.646, 235
Trd, 2591757.829, 237
Trd, 2591758.363, 237
Trd, 2591758.663, 237
Trd, 2591758.779, 237
Trd, 2591759.263, 237
Trd, 2591759.313, 231
Trd, 2591759.513, 228
Trd, 2591761.596, 244
Trd, 2591762.029, 255
Trd, 2591762.696, 258
Trd, 2591762.713, 262
Trd, 2591763.846, 245
Trd, 2591764.413, 244
Trd, 2591765.796, 248
Trd, 2591766.213, 243
Trd, 2591766.313, 234
Trd, 2591766.346, 249
Trd, 2591766.446, 227
Trd, 2591768.713, 235
Trd, 2591769.096, 237
Trd, 2591769.379, 242
Trd, 2591769.613, 234
Trd, 2591771.429, 241
Trd, 2591773.246, 255
Trd, 2591773.563, 249
Trd, 2591773.746, 247
Trd, 2591773.763, 258
Trd, 2591773.846, 245
Trd, 2591773.913, 244
Trd, 2591774.146, 262
Trd, 2591775.696, 263
Trd, 2591777.063, 260
Trd, 2591777.329, 251
Trd, 2591777.496, 245
Trd, 2591778.013, 244
Trd, 2591778.029, 260
Trd, 2591778.396, 237
Trd, 2591780.063, 258
Trd, 2591781.179, 242
Trd, 2591781.929, 257
Trd, 2591782.413, 243
Trd, 2591782.679, 242
Trd, 2591783.063, 262
Trd, 2591784.013, 241
Trd, 2591785.796, 256
Trd, 2591786.963, 260
Trd, 2591787.113, 243
Trd, 2591787.413, 259
Trd, 2591787.879, 237
Trd, 2591790.329, 242
Trd, 2591790.913, 237
Trd, 2591791.163, 236
Trd, 2591792.213, 233
Trd, 2591792.329, 240
Trd, 2591793.063, 243
Trd, 2591793.696, 241
Trd, 2591793.979, 241
Trd, 2591794.063, 246
Trd, 2591795.779, 244
Trd, 2591795.996, 240
Trd, 2591796.363, 240
Trd, 2591797.079, 241
Trd, 2591798.463, 243
Trd, 2591799.379, 241
Trd, 2591799.413, 240
Trd, 2591799.529, 254
Trd, 2591800.096, 251
Trd, 2591800.713, 246
Trd, 2591801.113, 237
Trd, 2591801.146, 230
Trd, 2591801.829, 255
Trd, 2591802.513, 234
Trd, 2591802.729, 257
Trd, 2591802.913, 256
Trd, 2591803.029, 258
Trd, 2591804.029, 234
Trd, 2591805.013, 242
Trd, 2591805.246, 261
Trd, 2591807.646, 241
Trd, 2591807.946, 244
Trd, 2591808.479, 248
Trd, 2591808.929, 244
Trd, 2591809.979, 248
Trd, 2591810.413, 247
Trd, 2591810.513, 253
Trd, 2591810.629, 255
Trd, 2591811.096, 248
Trd, 2591811.613, 257
Trd, 2591811.829, 238
Trd, 2591812.479, 238
Trd, 2591812.629, 258
Trd, 2591813.479, 237
Trd, 2591814.546, 262
Trd, 2591815.263, 234
Trd, 2591815.663, 234
Trd, 2591815.879, 247
Trd, 2591816.229, 258
Trd, 2591816.913, 263
Trd, 2591817.063, 262
Trd, 2591817.896, 228
Trd, 2591818.396, 227
Trd, 2591818.429, 266
Trd, 2591819.113, 250
Trd, 2591820.479, 255
Trd, 2591821.229, 250
Trd, 2591821.496, 245
Trd, 2591823.263, 245
Trd, 2591823.663, 256
Trd, 2591823.713, 243
Trd, 2591825.079, 255
Trd, 2591826.596, 238
Trd, 2591827.946, 239
Trd, 2591828.013, 253
Trd, 2591828.446, 235
Trd, 2591828.913, 242
Trd, 2591829.079, 258
Trd, 2591829.246, 261
Trd, 2591829.996, 246
Trd, 2591830.679, 246
Trd, 2591831.429, 248
Trd, 2591831.579, 239
Trd, 2591831.779, 248
Trd, 2591832.346, 255
Trd, 2591833.129, 231
Trd, 2591834.279, 250
Trd, 2591834.763, 234
Trd, 2591834.963, 245
Trd, 2591835.796, 229
Trd, 2591835.946, 253
Trd, 2591836.063, 231
Trd, 2591836.596, 228
Trd, 2591838.663, 227
Trd, 2591838.713, 244
Trd, 2591839.496, 240
Trd, 2591840.279, 244
Trd, 2591840.463, 237
Trd, 2591840.813, 251
Trd, 2591840.913, 243
Trd, 2591841.779, 251
Trd, 2591841.996, 252
Trd, 2591843.046, 252
Trd, 2591844.279, 255
Trd, 2591844.779, 254
Trd, 2591845.029, 257
Trd, 2591845.296, 258
Trd, 2591845.629, 254
Trd, 2591846.146, 267
Trd, 2591846.496, 253
Trd, 2591846.796, 251
Trd, 2591846.896, 268
Trd, 2591847.163, 269
Trd, 2591847.179, 271
Trd, 2591850.063, 243
Trd, 2591851.363, 243
Trd, 2591851.429, 234
Trd, 2591851.829, 255
Trd, 2591852.463, 232
Trd, 2591852.663, 231
Trd, 2591853.646, 237
Trd, 2591853.713, 232
Trd, 2591853.896, 240
Trd, 2591854.379, 241
Trd, 2591855.313, 231
Trd, 2591857.479, 254
Trd, 2591857.496, 253
Trd, 2591859.029, 255
Trd, 2591860.646, 246
Trd, 2591861.279, 251
Trd, 2591861.663, 249
Trd, 2591862.063, 249
Trd, 2591862.863, 248
Trd, 2591862.913, 243
Trd, 2591862.946, 250
Trd, 2591863.746, 244
Trd, 2591864.046, 256
Trd, 2591864.246, 242
Trd, 2591864.663, 237
Trd, 2591865.996, 232
Trd, 2591867.013, 239
Trd, 2591867.096, 243
Trd, 2591868.446, 236
Trd, 2591869.079, 238
Trd, 2591869.413, 237
Trd, 2591869.446, 232
Trd, 2591870.996, 246
Trd, 2591871.929, 240
Trd, 2591872.763, 246
Trd, 2591873.613, 246
Trd, 2591874.296, 245
Trd, 2591874.596, 246
Trd, 2591874.696, 244
Trd, 2591875.046, 244
Trd, 2591876.263, 238
Trd, 2591877.063, 235
Trd, 2591878.079, 245
Trd, 2591879.096, 244
Trd, 2591879.629, 244
Trd, 2591880.213, 245
Trd, 2591881.263, 239
Trd, 2591881.446, 238
Trd, 2591883.813, 246
Trd, 2591884.079, 249
Trd, 2591884.313, 246
Trd, 2591884.579, 255
Trd, 2591884.829, 248
Trd, 2591885.296, 249
Trd, 2591885.429, 247
Trd, 2591885.596, 256
Trd, 2591886.463, 245
Trd, 2591886.546, 258
Trd, 2591887.563, 247
Trd, 2591887.896, 248
Trd, 2591888.446, 247
Trd, 2591888.463, 242
Trd, 2591888.546, 262
Trd, 2591888.863, 237
Trd, 2591890.679, 242
Trd, 2591891.246, 261
Trd, 2591893.129, 250
Trd, 2591893.546, 251
Trd, 2591894.196, 252
Trd, 2591894.779, 252
Trd, 2591894.796, 251
Trd, 2591898.346, 244
Trd, 2591898.963, 240
Trd, 2591899.129, 245
Trd, 2591899.196, 246
Trd, 2591899.246, 250
Trd, 2591899.513, 255
Trd, 2591899.629, 239
Trd, 2591899.846, 238
Trd, 2591900.029, 258
Trd, 2591900.296, 237
Trd, 2591901.829, 237
Trd, 2591902.629, 238
Trd, 2591903.029, 247
Trd, 2591904.613, 235
Trd, 2591904.696, 260
Trd, 2591905.363, 233
Trd, 2591905.796, 263
Trd, 2591906.246, 241
Trd, 2591907.313, 242
Trd, 2591907.346, 239
Trd, 2591909.163, 243
Trd, 2591910.013, 242
Trd, 2591910.679, 251
Trd, 2591910.913, 257
Trd, 2591912.396, 248
Trd, 2591912.429, 247
Trd, 2591912.513, 245
Trd, 2591912.713, 238
Trd, 2591912.863, 252
Trd, 2591913.979, 260
Trd, 2591915.013, 255
Trd, 2591916.546, 244
Trd, 2591917.663, 248
Trd, 2591918.946, 249
Trd, 2591919.346, 248
Trd, 2591919.396, 244
Trd, 2591919.796, 244
Trd, 2591919.946, 241
Trd, 2591920.663, 241
Trd, 2591920.963, 249
Trd, 2591921.546, 254
Trd, 2591921.629, 242
Trd, 2591922.429, 237
Trd, 2591923.229, 257
Trd, 2591923.863, 261
Trd, 2591923.963, 258
Trd, 2591923.979, 239
Trd, 2591924.413, 245
Trd, 2591925.996, 246
Trd, 2591926.363, 262
Trd, 2591926.896, 258
Trd, 2591927.329, 237
Trd, 2591927.679, 236
Trd, 2591928.163, 244
Trd, 2591928.613, 227
Trd, 2591929.496, 220
Trd, 2591929.546, 258
Trd, 2591930.796, 262
Trd, 2591931.963, 250
Trd, 2591932.029, 248
Trd, 2591932.079, 266
Trd, 2591932.679, 248
Trd, 2591933.546, 249
Trd, 2591934.029, 246
Trd, 2591935.713, 260
Trd, 2591936.063, 262
Trd, 2591936.313, 259
Trd, 2591936.879, 263
Trd, 2591937.113, 264
Trd, 2591937.529, 245
Trd, 2591937.646, 266
Trd, 2591937.879, 245
Trd, 2591937.996, 244
Trd, 2591938.963, 237
Trd, 2591939.913, 241
Trd, 2591940.146, 233
Trd, 2591940.613, 257
Trd, 2591941.596, 232
Trd, 2591942.396, 229
Trd, 2591944.213, 231
Trd, 2591945.179, 232
Trd, 2591945.429, 225
Trd, 2591945.996, 238
Trd, 2591946.979, 241
Trd, 2591948.679, 254
Trd, 2591948.713, 236
Trd, 2591949.279, 239
Trd, 2591949.629, 255
Trd, 2591950.846, 241
Trd, 2591951.329, 256
Trd, 2591951.913, 258
Trd, 2591952.029, 243
Trd, 2591952.963, 248
Trd, 2591953.046, 249
Trd, 2591953.313, 247
Trd, 2591953.696, 244
Trd, 2591954.913, 242
Trd, 2591955.013, 248
Trd, 2591955.396, 241
Trd, 2591955.763, 241
Trd, 2591957.563, 247
Trd, 2591957.763, 248
Trd, 2591958.246, 245
Trd, 2591958.579, 243
Trd, 2591959.429, 239
Trd, 2591959.713, 254
Trd, 2591960.013, 255
Trd, 2591960.229, 240
Trd, 2591960.763, 241
Trd, 2591961.613, 237
Trd, 2591963.046, 231
Trd, 2591963.779, 244
Trd, 2591963.813, 246
Trd, 2591964.113, 258
Trd, 2591965.013, 246
Trd, 2591967.129, 243
Trd, 2591967.613, 247
Trd, 2591967.663, 245
Trd, 2591967.979, 251
Trd, 2591968.029, 255
Trd, 2591969.679, 246
Trd, 2591971.596, 244
Trd, 2591971.613, 243
Trd, 2591971.713, 237
Trd, 2591972.729, 241
Trd, 2591972.863, 245
Trd, 2591973.679, 231
Trd, 2591974.079, 237
Trd, 2591974.813, 239
Trd, 2591975.113, 233
Trd, 2591975.546, 243
Trd, 2591977.613, 248
Trd, 2591978.313, 258
Trd, 2591979.246, 259
Trd, 2591979.513, 255
Trd, 2591979.646, 254
Trd, 2591979.863, 253
Trd, 2591980.796, 252
Trd, 2591981.229, 251
Trd, 2591982.729, 246
Trd, 2591983.313, 250
Trd, 2591983.563, 249
Trd, 2591984.346, 250
Trd, 2591984.413, 243
Trd, 2591984.663, 237
Trd, 2591984.846, 236
Trd, 2591985.063, 231
Trd, 2591985.729, 261
Trd, 2591987.163, 261
Trd, 2591987.396, 262
Trd, 2591987.663, 261
Trd, 2591987.846, 268
Trd, 2591988.646, 258
Trd, 2591988.796, 252
Trd, 2591990.179, 264
Trd, 2591991.346, 262
Trd, 2591991.996, 255
Trd, 2591992.879, 252
Trd, 2591993.063, 251
Trd, 2591993.796, 238
Trd, 2591993.996, 237
Trd, 2591995.146, 242
Trd, 2591995.696, 243
Trd, 2591996.779, 241
Trd, 2591996.963, 242
Trd, 2591997.279, 232
Trd, 2591997.563, 242
Trd, 2591997.913, 233
Trd, 2591998.296, 239
Trd, 2591998.346, 232
Trd, 2591998.513, 231
Trd, 2591998.663, 243
Trd, 2591998.829, 244
