Trd, 2590690.029, 244
Trd, 2590690.113, 240
Trd, 2590690.613, 245
Trd, 2590691.046, 255
Trd, 2590691.279, 246
Trd, 2590691.829, 253
Trd, 2590692.696, 251
Trd, 2590693.929, 258
Trd, 2590694.013, 237
Trd, 2590695.879, 256
Trd, 2590696.829, 252
Trd, 2590697.129, 251
Trd, 2590698.063, 246
Trd, 2590698.363, 246
Trd, 2590698.679, 244
Trd, 2590698.913, 247
Trd, 2590699.246, 251
Trd, 2590699.446, 248
Trd, 2590699.913, 257
Trd, 2590700.279, 258
Trd, 2590701.846, 240
Trd, 2590702.263, 249
Trd, 2590704.163, 250
Trd, 2590704.896, 248
Trd, 2590705.063, 247
Trd, 2590705.813, 245
Trd, 2590706.129, 246
Trd, 2590706.796, 249
Trd, 2590707.013, 251
Trd, 2590707.063, 237
Trd, 2590707.379, 253
Trd, 2590708.996, 237
Trd, 2590709.179, 241
Trd, 2590709.263, 245
Trd, 2590709.746, 247
Trd, 2590710.946, 249
Trd, 2590711.479, 255
Trd, 2590713.263, 250
Trd, 2590713.429, 249
Trd, 2590714.446, 251
Trd, 2590714.479, 250
Trd, 2590714.763, 241
Trd, 2590715.663, 253
Trd, 2590716.579, 251
Trd, 2590716.813, 245
Trd, 2590716.929, 255
Trd, 2590718.213, 255
Trd, 2590718.413, 244
Trd, 2590718.663, 258
Trd, 2590718.679, 262
Trd, 2590719.313, 259
Trd, 2590719.613, 258
Trd, 2590719.746, 245
Trd, 2590720.496, 247
Trd, 2590720.646, 244
Trd, 2590720.746, 258
Trd, 2590721.446, 240
Trd, 2590722.729, 251
Trd, 2590722.863, 241
Trd, 2590723.463, 251
Trd, 2590724.329, 243
Trd, 2590725.196, 251
Trd, 2590725.296, 250
Trd, 2590725.379, 252
Trd, 2590725.696, 253
Trd, 2590726.063, 255
Trd, 2590727.029, 261
Trd, 2590728.163, 260
Trd, 2590730.379, 241
Trd, 2590730.413, 239
Trd, 2590730.429, 242
Trd, 2590730.596, 244
Trd, 2590730.846, 241
Trd, 2590732.063, 247
Trd, 2590733.596, 241
Trd, 2590734.046, 237
Trd, 2590735.346, 244
Trd, 2590737.796, 245
Trd, 2590737.813, 245
Trd, 2590738.163, 243
Trd, 2590739.013, 249
Trd, 2590739.413, 248
Trd, 2590739.579, 247
Trd, 2590739.613, 249
Trd, 2590739.679, 249
Trd, 2590741.496, 248
Trd, 2590741.829, 245
Trd, 2590741.846, 250
Trd, 2590743.096, 244
Trd, 2590743.929, 238
Trd, 2590744.379, 250
Trd, 2590745.163, 250
Trd, 2590745.596, 251
Trd, 2590745.663, 255
Trd, 2590747.329, 237
Trd, 2590747.496, 255
Trd, 2590747.563, 248
Trd, 2590748.179, 252
Trd, 2590748.996, 246
Trd, 2590749.429, 238
Trd, 2590749.746, 245
Trd, 2590750.863, 242
Trd, 2590751.179, 242
Trd, 2590752.996, 241
Trd, 2590753.229, 242
Trd, 2590754.646, 244
Trd, 2590756.463, 243
Trd, 2590756.896, 241
Trd, 2590756.946, 242
Trd, 2590756.963, 249
Trd, 2590757.346, 253
Trd, 2590758.179, 240
Trd, 2590758.513, 246
Trd, 2590759.079, 239
Trd, 2590759.729, 246
Trd, 2590759.946, 240
Trd, 2590760.246, 255
Trd, 2590760.929, 258
Trd, 2590761.446, 242
Trd, 2590761.846, 242
Trd, 2590761.963, 247
Trd, 2590762.396, 237
Trd, 2590762.646, 247
Trd, 2590763.013, 250
Trd, 2590763.229, 242
Trd, 2590763.246, 235
Trd, 2590763.613, 232
Trd, 2590763.829, 261
Trd, 2590765.346, 259
Trd, 2590765.613, 262
Trd, 2590766.013, 258
Trd, 2590766.246, 265
Trd, 2590767.713, 244
Trd, 2590768.279, 240
Trd, 2590769.479, 240
Trd, 2590770.496, 238
Trd, 2590770.913, 241
Trd, 2590771.296, 245
Trd, 2590773.346, 241
Trd, 2590773.729, 241
Trd, 2590773.896, 240
Trd, 2590774.879, 241
Trd, 2590775.263, 242
Trd, 2590775.563, 249
Trd, 2590776.496, 248
Trd, 2590776.629, 244
Trd, 2590777.429, 246
Trd, 2590778.563, 244
Trd, 2590779.963, 243
Trd, 2590780.446, 237
Trd, 2590781.263, 238
Trd, 2590781.279, 245
Trd, 2590781.696, 244
Trd, 2590781.813, 251
Trd, 2590782.913, 254
Trd, 2590784.663, 253
Trd, 2590785.313, 251
Trd, 2590786.129, 249
Trd, 2590787.046, 248
Trd, 2590787.329, 247
Trd, 2590787.896, 246
Trd, 2590788.363, 250
Trd, 2590789.246, 248
Trd, 2590789.896, 247
Trd, 2590790.296, 244
Trd, 2590790.363, 247
Trd, 2590790.663, 245
Trd, 2590790.696, 255
Trd, 2590791.513, 257
Trd, 2590791.929, 258
Trd, 2590792.096, 264
Trd, 2590792.713, 246
Trd, 2590792.829, 254
Trd, 2590793.129, 262
Trd, 2590793.779, 261
Trd, 2590794.763, 260
Trd, 2590795.279, 255
Trd, 2590795.613, 255
Trd, 2590797.046, 253
Trd, 2590797.679, 243
Trd, 2590798.379, 250
Trd, 2590799.129, 236
Trd, 2590800.096, 249
Trd, 2590801.763, 237
Trd, 2590802.813, 233
Trd, 2590803.346, 235
Trd, 2590803.463, 236
Trd, 2590804.946, 239
Trd, 2590805.213, 240
Trd, 2590805.763, 241
Trd, 2590806.346, 240
Trd, 2590806.763, 240
Trd, 2590807.263, 245
Trd, 2590807.446, 244
Trd, 2590808.329, 244
Trd, 2590808.479, 244
Trd, 2590808.829, 242
Trd, 2590809.229, 248
Trd, 2590809.863, 248
Trd, 2590810.496, 249
Trd, 2590810.829, 251
Trd, 2590810.996, 255
Trd, 2590812.029, 240
Trd, 2590812.246, 244
Trd, 2590812.496, 233
Trd, 2590812.679, 258
Trd, 2590813.796, 250
Trd, 2590813.963, 261
Trd, 2590814.063, 263
Trd, 2590815.413, 242
Trd, 2590815.563, 260
Trd, 2590816.963, 256
Trd, 2590817.496, 246
Trd, 2590818.096, 246
Trd, 2590819.579, 246
Trd, 2590819.979, 245
Trd, 2590820.129, 244
Trd, 2590821.079, 244
Trd, 2590821.613, 251
Trd, 2590822.679, 251
Trd, 2590823.346, 252
Trd, 2590824.029, 255
Trd, 2590824.346, 254
Trd, 2590826.363, 252
Trd, 2590826.546, 257
Trd, 2590826.979, 258
Trd, 2590827.646, 260
Trd, 2590828.979, 252
Trd, 2590829.413, 247
Trd, 2590830.013, 250
Trd, 2590830.629, 251
Trd, 2590830.746, 251
Trd, 2590831.063, 247
Trd, 2590831.463, 252
Trd, 2590831.913, 244
Trd, 2590831.996, 240
Trd, 2590832.463, 253
Trd, 2590833.313, 235
Trd, 2590835.063, 248
Trd, 2590835.096, 249
Trd, 2590835.279, 252
Trd, 2590836.146, 250
Trd, 2590836.296, 250
Trd, 2590836.579, 249
Trd, 2590837.496, 250
Trd, 2590837.796, 251
Trd, 2590838.029, 234
Trd, 2590839.729, 242
Trd, 2590840.596, 239
Trd, 2590840.763, 245
Trd, 2590841.563, 245
Trd, 2590842.229, 255
Trd, 2590843.079, 234
Trd, 2590843.413, 238
Trd, 2590844.596, 251
Trd, 2590845.763, 248
Trd, 2590846.246, 248
Trd, 2590847.263, 246
Trd, 2590847.496, 247
Trd, 2590847.679, 249
Trd, 2590848.663, 256
Trd, 2590849.146, 255
Trd, 2590849.163, 255
Trd, 2590849.579, 252
Trd, 2590850.396, 252
Trd, 2590851.729, 251
Trd, 2590852.096, 251
Trd, 2590852.646, 250
Trd, 2590852.946, 256
Trd, 2590853.479, 246
Trd, 2590855.246, 251
Trd, 2590855.746, 249
Trd, 2590856.163, 246
Trd, 2590856.929, 247
Trd, 2590857.379, 245
Trd, 2590857.913, 244
Trd, 2590859.013, 240
Trd, 2590859.679, 239
Trd, 2590860.413, 243
Trd, 2590860.479, 244
Trd, 2590862.246, 251
Trd, 2590862.829, 251
Trd, 2590863.146, 255
Trd, 2590863.579, 252
Trd, 2590864.429, 259
Trd, 2590864.529, 260
Trd, 2590864.779, 242
Trd, 2590864.913, 260
Trd, 2590865.146, 258
Trd, 2590865.379, 243
Trd, 2590865.479, 241
Trd, 2590866.646, 260
Trd, 2590867.313, 265
Trd, 2590868.146, 266
Trd, 2590868.363, 251
Trd, 2590868.429, 247
Trd, 2590872.346, 248
Trd, 2590872.579, 248
Trd, 2590872.663, 247
Trd, 2590872.679, 253
Trd, 2590873.263, 248
Trd, 2590873.679, 246
Trd, 2590873.729, 244
Trd, 2590873.846, 246
Trd, 2590875.129, 243
Trd, 2590877.529, 246
Trd, 2590878.096, 246
Trd, 2590878.546, 246
Trd, 2590878.996, 247
Trd, 2590879.479, 251
Trd, 2590879.613, 244
Trd, 2590880.696, 248
Trd, 2590881.046, 251
Trd, 2590882.346, 246
Trd, 2590882.363, 255
Trd, 2590882.479, 248
Trd, 2590883.063, 246
Trd, 2590883.279, 245
Trd, 2590884.279, 257
Trd, 2590885.363, 248
Trd, 2590885.546, 244
Trd, 2590885.796, 240
Trd, 2590886.046, 254
Trd, 2590886.279, 231
Trd, 2590887.563, 240
Trd, 2590887.663, 239
Trd, 2590888.396, 240
Trd, 2590888.579, 237
Trd, 2590889.163, 240
Trd, 2590890.846, 241
Trd, 2590891.213, 254
Trd, 2590891.313, 255
Trd, 2590893.729, 257
Trd, 2590893.963, 258
Trd, 2590895.279, 255
Trd, 2590895.946, 254
Trd, 2590896.829, 252
Trd, 2590897.013, 251
Trd, 2590897.746, 244
Trd, 2590897.996, 251
Trd, 2590898.079, 253
Trd, 2590898.346, 248
Trd, 2590898.396, 255
Trd, 2590901.079, 239
Trd, 2590901.479, 241
Trd, 2590901.996, 241
Trd, 2590902.629, 244
Trd, 2590903.046, 240
Trd, 2590903.179, 239
Trd, 2590903.229, 248
Trd, 2590904.196, 233
Trd, 2590904.779, 242
Trd, 2590905.613, 237
Trd, 2590906.113, 244
Trd, 2590906.763, 243
Trd, 2590907.829, 244
Trd, 2590907.946, 250
Trd, 2590908.913, 248
Trd, 2590910.479, 249
Trd, 2590910.513, 251
Trd, 2590910.546, 255
Trd, 2590910.929, 257
Trd, 2590911.229, 249
Trd, 2590911.596, 248
Trd, 2590911.796, 247
Trd, 2590911.813, 244
Trd, 2590911.963, 248
Trd, 2590912.163, 236
Trd, 2590912.829, 258
Trd, 2590913.679, 269
Trd, 2590914.146, 262
Trd, 2590916.929, 249
Trd, 2590917.496, 256
Trd, 2590918.279, 251
Trd, 2590918.813, 248
Trd, 2590919.146, 251
Trd, 2590919.396, 251
Trd, 2590919.463, 252
Trd, 2590920.029, 254
Trd, 2590920.213, 252
Trd, 2590920.796, 254
Trd, 2590920.946, 255
Trd, 2590921.746, 250
Trd, 2590922.663, 244
Trd, 2590923.029, 240
Trd, 2590923.513, 231
Trd, 2590924.113, 240
Trd, 2590925.313, 237
Trd, 2590925.996, 237
Trd, 2590926.413, 236
Trd, 2590926.796, 241
Trd, 2590927.479, 246
Trd, 2590927.729, 246
Trd, 2590928.213, 241
Trd, 2590929.129, 242
Trd, 2590929.346, 248
Trd, 2590930.413, 248
Trd, 2590930.763, 249
Trd, 2590930.779, 248
Trd, 2590930.929, 251
Trd, 2590931.163, 248
Trd, 2590932.113, 254
Trd, 2590932.563, 255
Trd, 2590934.546, 254
Trd, 2590935.346, 252
Trd, 2590936.063, 250
Trd, 2590936.713, 252
Trd, 2590936.946, 252
Trd, 2590938.346, 251
Trd, 2590938.729, 254
Trd, 2590939.096, 246
Trd, 2590939.296, 244
Trd, 2590939.813, 250
Trd, 2590941.396, 244
Trd, 2590941.496, 240
Trd, 2590941.529, 245
Trd, 2590943.579, 246
Trd, 2590944.629, 240
Trd, 2590945.229, 240
Trd, 2590945.946, 241
Trd, 2590947.046, 240
Trd, 2590947.129, 238
Trd, 2590947.629, 235
Trd, 2590948.046, 231
Trd, 2590948.329, 237
Trd, 2590948.879, 238
Trd, 2590948.929, 242
Trd, 2590949.746, 246
Trd, 2590949.879, 251
Trd, 2590950.013, 255
Trd, 2590950.346, 235
Trd, 2590950.863, 256
Trd, 2590950.896, 257
Trd, 2590952.229, 249
Trd, 2590952.479, 265
Trd, 2590952.846, 248
Trd, 2590953.379, 249
Trd, 2590953.579, 234
Trd, 2590955.113, 238
Trd, 2590955.579, 253
Trd, 2590955.996, 247
Trd, 2590956.096, 255
Trd, 2590957.579, 247
Trd, 2590958.729, 244
Trd, 2590959.813, 244
Trd, 2590960.013, 245
Trd, 2590960.063, 243
Trd, 2590961.063, 246
Trd, 2590961.996, 244
Trd, 2590962.313, 240
Trd, 2590963.413, 243
Trd, 2590964.146, 245
Trd, 2590964.246, 246
Trd, 2590965.529, 239
Trd, 2590967.013, 238
Trd, 2590967.179, 243
Trd, 2590967.779, 237
Trd, 2590968.229, 236
Trd, 2590968.246, 246
Trd, 2590968.796, 246
Trd, 2590968.896, 252
Trd, 2590969.713, 253
Trd, 2590970.713, 257
Trd, 2590971.179, 248
Trd, 2590971.613, 246
Trd, 2590971.846, 258
Trd, 2590972.579, 262
Trd, 2590972.746, 269
Trd, 2590973.513, 245
Trd, 2590974.113, 266
Trd, 2590975.079, 269
Trd, 2590975.479, 258
Trd, 2590975.629, 268
Trd, 2590975.963, 262
Trd, 2590978.046, 256
Trd, 2590978.196, 253
Trd, 2590978.746, 250
Trd, 2590979.413, 247
Trd, 2590979.879, 244
Trd, 2590980.063, 260
Trd, 2590983.379, 238
Trd, 2590984.329, 238
Trd, 2590985.046, 240
Trd, 2590985.496, 239
Trd, 2590985.646, 239
Trd, 2590985.813, 236
Trd, 2590988.129, 239
Trd, 2590988.279, 239
Trd, 2590989.296, 240
Trd, 2590989.729, 240
Trd, 2590989.763, 243
Trd, 2590990.096, 244
Trd, 2590990.313, 241
Trd, 2590990.396, 240
Trd, 2590990.429, 232
Trd, 2590990.546, 251
Trd, 2590990.929, 253
Trd, 2590994.046, 250
Trd, 2590994.613, 247
Trd, 2590995.029, 238
Trd, 2590995.046, 237
Trd, 2590996.529, 247
Trd, 2590996.579, 248
Trd, 2590996.829, 244
Trd, 2590997.496, 243
Trd, 2590997.813, 244
Trd, 2590997.996, 245
Trd, 2590998.063, 245
Trd, 2590998.563, 246
Trd, 2590998.846, 249
Trd, 2590998.979, 251
Trd, 2590999.813, 255
Trd, 2591000.496, 258
Trd, 2591001.929, 243
Trd, 2591002.179, 242
Trd, 2591002.663, 244
Trd, 2591003.463, 248
Trd, 2591004.679, 240
Trd, 2591004.863, 255
Trd, 2591005.896, 253
Trd, 2591007.313, 249
Trd, 2591007.379, 250
Trd, 2591008.213, 257
Trd, 2591008.513, 245
Trd, 2591008.896, 257
Trd, 2591009.029, 256
Trd, 2591009.446, 246
Trd, 2591009.929, 246
Trd, 2591011.113, 249
Trd, 2591013.096, 249
Trd, 2591013.579, 247
Trd, 2591014.046, 246
Trd, 2591014.196, 246
Trd, 2591014.479, 245
Trd, 2591014.979, 244
Trd, 2591015.596, 247
Trd, 2591015.796, 250
Trd, 2591016.013, 250
Trd, 2591017.046, 238
Trd, 2591018.563, 246
Trd, 2591019.529, 237
Trd, 2591019.829, 247
Trd, 2591020.429, 242
Trd, 2591020.896, 245
Trd, 2591021.479, 247
Trd, 2591021.713, 248
Trd, 2591022.113, 251
Trd, 2591024.129, 254
Trd, 2591024.879, 255
Trd, 2591025.279, 255
Trd, 2591025.529, 256
Trd, 2591025.813, 256
Trd, 2591025.863, 248
Trd, 2591026.079, 258
Trd, 2591026.629, 254
Trd, 2591026.646, 252
Trd, 2591026.896, 264
Trd, 2591027.413, 250
Trd, 2591027.496, 265
Trd, 2591029.546, 241
Trd, 2591030.279, 234
Trd, 2591030.529, 239
Trd, 2591030.546, 240
Trd, 2591030.913, 242
Trd, 2591032.379, 224
Trd, 2591033.713, 233
Trd, 2591034.646, 233
Trd, 2591034.729, 238
Trd, 2591036.729, 236
Trd, 2591037.979, 236
Trd, 2591038.063, 235
Trd, 2591038.479, 240
Trd, 2591039.563, 243
Trd, 2591040.129, 235
Trd, 2591040.596, 232
Trd, 2591040.613, 241
Trd, 2591040.663, 246
Trd, 2591040.746, 250
Trd, 2591041.046, 242
Trd, 2591041.229, 251
Trd, 2591041.746, 234
Trd, 2591041.996, 245
Trd, 2591043.096, 253
Trd, 2591043.279, 254
Trd, 2591043.846, 255
Trd, 2591045.279, 262
Trd, 2591045.646, 258
Trd, 2591046.979, 258
Trd, 2591046.996, 257
Trd, 2591047.046, 258
Trd, 2591048.096, 258
Trd, 2591048.296, 250
Trd, 2591049.079, 251
Trd, 2591049.096, 250
Trd, 2591049.329, 245
Trd, 2591049.396, 244
Trd, 2591050.196, 249
Trd, 2591050.679, 250
Trd, 2591050.879, 248
Trd, 2591053.146, 248
Trd, 2591053.496, 244
Trd, 2591054.229, 242
Trd, 2591054.746, 244
Trd, 2591055.246, 245
Trd, 2591056.246, 242
Trd, 2591056.729, 241
Trd, 2591057.846, 240
Trd, 2591058.696, 238
Trd, 2591058.713, 241
Trd, 2591059.013, 245
Trd, 2591059.263, 238
Trd, 2591059.496, 237
Trd, 2591061.029, 241
Trd, 2591061.113, 251
Trd, 2591063.463, 245
Trd, 2591064.079, 244
Trd, 2591065.996, 240
Trd, 2591066.113, 238
Trd, 2591066.346, 241
Trd, 2591066.463, 241
Trd, 2591066.596, 242
Trd, 2591066.979, 242
Trd, 2591067.179, 237
Trd, 2591067.996, 242
Trd, 2591068.013, 249
Trd, 2591069.263, 239
Trd, 2591070.429, 231
Trd, 2591070.463, 246
Trd, 2591071.396, 235
Trd, 2591071.479, 246
Trd, 2591072.296, 251
Trd, 2591074.529, 240
Trd, 2591075.296, 236
Trd, 2591075.729, 237
Trd, 2591075.813, 243
Trd, 2591075.913, 236
Trd, 2591075.946, 244
Trd, 2591076.346, 251
Trd, 2591077.563, 255
Trd, 2591077.663, 258
Trd, 2591078.979, 255
Trd, 2591079.146, 255
Trd, 2591079.563, 254
Trd, 2591080.163, 251
Trd, 2591080.746, 248
Trd, 2591081.213, 248
Trd, 2591082.046, 244
Trd, 2591082.263, 240
Trd, 2591083.096, 239
Trd, 2591083.213, 241
Trd, 2591084.529, 246
Trd, 2591085.346, 241
Trd, 2591085.713, 244
Trd, 2591086.513, 242
Trd, 2591087.113, 241
Trd, 2591087.346, 237
Trd, 2591088.196, 237
Trd, 2591088.546, 241
Trd, 2591089.113, 240
Trd, 2591090.229, 242
Trd, 2591090.796, 246
Trd, 2591091.529, 248
Trd, 2591091.763, 251
Trd, 2591092.479, 249
Trd, 2591092.979, 252
Trd, 2591093.129, 253
Trd, 2591093.979, 255
Trd, 2591095.546, 250
Trd, 2591097.346, 247
Trd, 2591098.579, 246
Trd, 2591098.746, 244
Trd, 2591098.963, 240
Trd, 2591099.329, 244
Trd, 2591099.379, 249
Trd, 2591099.946, 239
Trd, 2591100.846, 244
Trd, 2591101.229, 247
Trd, 2591101.763, 251
Trd, 2591102.679, 249
Trd, 2591102.746, 251
Trd, 2591104.379, 258
Trd, 2591104.479, 249
Trd, 2591104.813, 248
Trd, 2591105.079, 244
Trd, 2591105.429, 246
Trd, 2591105.546, 257
Trd, 2591105.729, 258
Trd, 2591106.279, 246
Trd, 2591106.546, 236
Trd, 2591107.313, 233
Trd, 2591109.046, 231
Trd, 2591109.096, 249
Trd, 2591110.463, 246
Trd, 2591111.663, 246
Trd, 2591111.813, 249
Trd, 2591112.413, 249
Trd, 2591112.546, 236
Trd, 2591113.963, 237
Trd, 2591114.596, 238
Trd, 2591115.679, 238
Trd, 2591115.729, 237
Trd, 2591116.946, 239
Trd, 2591117.163, 238
Trd, 2591117.229, 239
Trd, 2591118.096, 240
Trd, 2591118.713, 241
Trd, 2591119.396, 242
Trd, 2591120.163, 244
Trd, 2591120.579, 245
Trd, 2591121.263, 250
Trd, 2591121.696, 240
Trd, 2591122.979, 248
Trd, 2591123.329, 248
Trd, 2591123.529, 255
Trd, 2591123.563, 257
Trd, 2591124.996, 253
Trd, 2591125.663, 254
Trd, 2591125.779, 258
Trd, 2591126.729, 249
Trd, 2591127.146, 263
Trd, 2591127.179, 248
Trd, 2591127.729, 249
Trd, 2591128.963, 262
Trd, 2591129.229, 245
Trd, 2591129.796, 246
Trd, 2591130.629, 246
Trd, 2591130.696, 244
Trd, 2591132.863, 239
Trd, 2591133.229, 237
Trd, 2591133.629, 236
Trd, 2591133.746, 236
Trd, 2591133.896, 237
Trd, 2591134.496, 242
Trd, 2591135.663, 248
Trd, 2591136.529, 250
Trd, 2591137.746, 258
Trd, 2591137.846, 260
Trd, 2591137.929, 265
Trd, 2591138.279, 236
Trd, 2591139.596, 256
Trd, 2591140.746, 244
Trd, 2591140.963, 244
Trd, 2591141.146, 243
Trd, 2591141.446, 242
Trd, 2591141.679, 244
Trd, 2591141.829, 247
Trd, 2591141.913, 255
Trd, 2591143.196, 260
Trd, 2591144.396, 241
Trd, 2591144.929, 250
Trd, 2591145.179, 249
Trd, 2591145.729, 251
Trd, 2591146.079, 245
Trd, 2591146.146, 246
Trd, 2591146.813, 241
Trd, 2591146.879, 231
Trd, 2591148.379, 261
Trd, 2591150.679, 247
Trd, 2591150.829, 253
Trd, 2591151.046, 242
Trd, 2591151.346, 241
Trd, 2591151.729, 236
Trd, 2591151.746, 241
Trd, 2591151.813, 242
Trd, 2591152.129, 242
Trd, 2591152.396, 234
Trd, 2591152.413, 251
Trd, 2591152.429, 253
Trd, 2591152.446, 255
Trd, 2591154.046, 262
Trd, 2591154.646, 265
Trd, 2591155.229, 267
Trd, 2591156.346, 266
Trd, 2591156.879, 265
Trd, 2591158.046, 255
Trd, 2591158.796, 251
Trd, 2591159.046, 250
Trd, 2591159.846, 244
Trd, 2591160.746, 255
Trd, 2591161.079, 248
Trd, 2591161.779, 251
Trd, 2591162.063, 251
Trd, 2591164.896, 241
Trd, 2591165.129, 237
Trd, 2591165.263, 242
Trd, 2591165.463, 243
Trd, 2591165.479, 244
Trd, 2591165.629, 246
Trd, 2591166.079, 247
Trd, 2591167.713, 244
Trd, 2591167.946, 245
Trd, 2591169.113, 244
Trd, 2591169.363, 245
Trd, 2591169.679, 243
Trd, 2591169.946, 245
Trd, 2591170.679, 248
Trd, 2591171.613, 244
Trd, 2591172.146, 244
Trd, 2591172.163, 245
Trd, 2591172.679, 251
Trd, 2591174.463, 254
Trd, 2591174.829, 238
Trd, 2591174.963, 255
Trd, 2591176.246, 254
Trd, 2591177.413, 254
Trd, 2591177.646, 251
Trd, 2591177.679, 249
Trd, 2591178.046, 255
Trd, 2591179.329, 241
Trd, 2591179.579, 238
Trd, 2591179.696, 236
Trd, 2591179.846, 237
Trd, 2591181.596, 238
Trd, 2591181.613, 239
Trd, 2591181.663, 241
Trd, 2591181.846, 255
Trd, 2591181.896, 258
Trd, 2591183.729, 241
Trd, 2591183.829, 236
Trd, 2591186.146, 235
Trd, 2591186.696, 238
Trd, 2591187.279, 238
Trd, 2591187.496, 237
Trd, 2591187.946, 251
Trd, 2591188.196, 237
Trd, 2591188.763, 235
Trd, 2591189.863, 243
Trd, 2591189.879, 245
Trd, 2591190.479, 246
Trd, 2591190.996, 245
Trd, 2591192.563, 248
Trd, 2591192.746, 243
Trd, 2591193.829, 240
Trd, 2591194.229, 245
Trd, 2591194.663, 241
Trd, 2591195.979, 238
Trd, 2591196.513, 236
Trd, 2591196.579, 237
Trd, 2591196.663, 239
Trd, 2591196.796, 243
Trd, 2591198.996, 243
Trd, 2591199.079, 244
Trd, 2591199.563, 251
Trd, 2591200.429, 241
Trd, 2591200.879, 241
Trd, 2591201.829, 237
Trd, 2591201.863, 245
Trd, 2591202.213, 248
Trd, 2591203.379, 246
Trd, 2591203.779, 246
Trd, 2591205.363, 250
Trd, 2591206.196, 251
Trd, 2591206.346, 248
Trd, 2591206.629, 246
Trd, 2591207.129, 246
Trd, 2591207.196, 254
Trd, 2591207.696, 243
Trd, 2591208.929, 252
Trd, 2591209.363, 255
Trd, 2591210.146, 258
Trd, 2591210.929, 251
Trd, 2591211.096, 260
Trd, 2591211.846, 248
Trd, 2591212.096, 247
Trd, 2591213.063, 251
Trd, 2591214.079, 244
Trd, 2591214.613, 245
Trd, 2591215.146, 245
Trd, 2591215.396, 247
Trd, 2591215.796, 234
Trd, 2591216.429, 248
Trd, 2591216.996, 250
Trd, 2591217.979, 234
Trd, 2591218.079, 233
Trd, 2591218.713, 244
Trd, 2591219.096, 245
Trd, 2591219.796, 250
Trd, 2591220.346, 240
Trd, 2591221.913, 250
Trd, 2591222.029, 250
Trd, 2591223.363, 255
Trd, 2591223.796, 265
Trd, 2591224.629, 248
Trd, 2591224.796, 250
Trd, 2591225.229, 260
Trd, 2591226.413, 252
Trd, 2591226.429, 251
Trd, 2591226.829, 260
Trd, 2591227.246, 248
Trd, 2591228.463, 262
Trd, 2591229.229, 262
Trd, 2591230.379, 238
Trd, 2591230.796, 234
Trd, 2591231.613, 234
Trd, 2591231.713, 235
Trd, 2591232.146, 236
Trd, 2591232.179, 237
Trd, 2591232.329, 244
Trd, 2591232.396, 232
Trd, 2591232.679, 255
Trd, 2591232.796, 262
Trd, 2591233.413, 248
Trd, 2591234.396, 261
Trd, 2591235.963, 239
Trd, 2591236.246, 241
Trd, 2591236.479, 245
Trd, 2591238.246, 245
Trd, 2591238.829, 253
Trd, 2591239.246, 234
Trd, 2591239.413, 241
Trd, 2591242.463, 237
Trd, 2591243.246, 237
Trd, 2591243.996, 237
Trd, 2591245.129, 240
Trd, 2591245.679, 242
Trd, 2591246.546, 246
Trd, 2591246.713, 248
Trd, 2591246.796, 244
Trd, 2591247.296, 251
Trd, 2591247.429, 258
Trd, 2591248.596, 256
Trd, 2591249.996, 251
Trd, 2591250.463, 244
Trd, 2591250.746, 244
Trd, 2591250.763, 252
Trd, 2591250.813, 240
Trd, 2591251.579, 252
Trd, 2591252.829, 249
Trd, 2591252.863, 251
Trd, 2591253.129, 255
Trd, 2591253.746, 248
Trd, 2591254.679, 247
Trd, 2591255.013, 247
Trd, 2591255.213, 246
Trd, 2591255.796, 242
Trd, 2591257.296, 246
Trd, 2591257.663, 243
Trd, 2591257.763, 240
Trd, 2591258.179, 248
Trd, 2591258.496, 251
Trd, 2591259.129, 238
Trd, 2591259.546, 262
Trd, 2591261.079, 258
Trd, 2591262.013, 225
Trd, 2591262.096, 224
Trd, 2591262.146, 255
Trd, 2591262.563, 244
Trd, 2591262.613, 256
Trd, 2591262.963, 256
Trd, 2591263.479, 222
Trd, 2591265.296, 236
Trd, 2591265.513, 251
Trd, 2591265.879, 254
Trd, 2591267.179, 250
Trd, 2591267.496, 238
Trd, 2591268.496, 256
Trd, 2591268.579, 257
Trd, 2591271.046, 248
Trd, 2591271.213, 248
Trd, 2591271.296, 247
Trd, 2591271.329, 249
Trd, 2591271.396, 246
Trd, 2591273.346, 248
Trd, 2591273.629, 250
Trd, 2591274.096, 254
Trd, 2591274.196, 246
Trd, 2591275.729, 255
Trd, 2591276.946, 253
Trd, 2591277.246, 247
Trd, 2591277.613, 246
Trd, 2591278.029, 248
Trd, 2591279.179, 244
Trd, 2591279.513, 252
Trd, 2591280.379, 243
Trd, 2591280.963, 242
Trd, 2591281.463, 241
Trd, 2591281.929, 243
Trd, 2591282.596, 248
Trd, 2591282.796, 236
Trd, 2591284.279, 245
Trd, 2591284.446, 247
Trd, 2591285.563, 243
Trd, 2591285.796, 244
Trd, 2591285.813, 232
Trd, 2591285.863, 251
Trd, 2591285.929, 231
Trd, 2591286.546, 253
Trd, 2591286.996, 254
Trd, 2591287.596, 255
Trd, 2591288.263, 256
Trd, 2591288.929, 262
Trd, 2591289.096, 235
Trd, 2591290.463, 252
Trd, 2591290.496, 248
Trd, 2591291.863, 248
Trd, 2591292.396, 249
Trd, 2591292.996, 245
Trd, 2591293.563, 244
Trd, 2591294.179, 242
Trd, 2591294.446, 242
Trd, 2591295.163, 237
Trd, 2591295.796, 243
Trd, 2591296.046, 251
Trd, 2591297.096, 238
Trd, 2591297.179, 239
Trd, 2591297.313, 255
Trd, 2591298.229, 265
Trd, 2591298.479, 263
Trd, 2591298.513, 262
Trd, 2591299.896, 254
Trd, 2591301.529, 248
Trd, 2591301.563, 251
Trd, 2591302.396, 252
Trd, 2591303.046, 255
Trd, 2591303.513, 256
Trd, 2591304.046, 258
Trd, 2591304.663, 263
Trd, 2591304.679, 247
Trd, 2591305.646, 264
Trd, 2591306.496, 263
Trd, 2591307.696, 263
Trd, 2591307.913, 262
Trd, 2591308.029, 258
Trd, 2591308.046, 255
Trd, 2591309.879, 260
Trd, 2591310.579, 250
Trd, 2591313.079, 250
Trd, 2591313.579, 246
Trd, 2591313.613, 244
Trd, 2591313.813, 249
Trd, 2591314.929, 243
Trd, 2591316.163, 241
Trd, 2591316.363, 245
Trd, 2591317.163, 249
Trd, 2591317.196, 244
Trd, 2591317.546, 244
Trd, 2591317.729, 247
Trd, 2591317.763, 251
Trd, 2591318.229, 255
Trd, 2591318.329, 255
Trd, 2591320.313, 251
Trd, 2591320.913, 249
Trd, 2591322.063, 247
Trd, 2591322.279, 246
Trd, 2591322.529, 243
Trd, 2591323.446, 243
Trd, 2591323.529, 250
Trd, 2591323.613, 245
Trd, 2591324.963, 235
Trd, 2591324.996, 236
Trd, 2591325.546, 235
Trd, 2591325.629, 234
Trd, 2591327.429, 236
Trd, 2591328.363, 237
Trd, 2591328.679, 241
Trd, 2591329.129, 249
Trd, 2591329.863, 239
Trd, 2591330.596, 253
Trd, 2591330.929, 255
Trd, 2591332.979, 252
Trd, 2591333.046, 248
Trd, 2591334.063, 246
Trd, 2591334.163, 247
Trd, 2591334.929, 254
Trd, 2591335.279, 248
Trd, 2591335.846, 244
Trd, 2591338.313, 244
Trd, 2591338.346, 243
Trd, 2591338.413, 245
Trd, 2591338.879, 250
Trd, 2591339.246, 249
Trd, 2591339.763, 249
Trd, 2591340.213, 251
Trd, 2591342.163, 246
Trd, 2591342.246, 255
Trd, 2591342.496, 258
Trd, 2591343.563, 248
Trd, 2591343.829, 266
Trd, 2591344.213, 267
Trd, 2591344.229, 243
Trd, 2591344.496, 268
Trd, 2591345.046, 268
Trd, 2591345.513, 266
Trd, 2591346.829, 264
Trd, 2591346.879, 249
Trd, 2591347.563, 238
Trd, 2591347.929, 239
Trd, 2591348.096, 236
Trd, 2591348.429, 241
Trd, 2591348.646, 242
Trd, 2591349.563, 255
Trd, 2591352.079, 237
Trd, 2591352.663, 242
Trd, 2591353.463, 241
Trd, 2591354.863, 239
Trd, 2591354.879, 238
Trd, 2591354.979, 241
Trd, 2591355.979, 240
Trd, 2591356.079, 241
Trd, 2591356.679, 245
Trd, 2591357.946, 249
Trd, 2591358.213, 251
Trd, 2591358.946, 260
Trd, 2591359.146, 252
Trd, 2591359.646, 259
Trd, 2591360.379, 255
Trd, 2591361.296, 247
Trd, 2591361.513, 248
Trd, 2591361.846, 245
Trd, 2591362.613, 244
Trd, 2591363.363, 245
Trd, 2591363.796, 245
Trd, 2591365.863, 240
Trd, 2591366.529, 241
Trd, 2591366.779, 243
Trd, 2591367.146, 237
Trd, 2591367.246, 241
Trd, 2591367.746, 246
Trd, 2591368.629, 237
Trd, 2591368.896, 237
Trd, 2591368.929, 238
Trd, 2591369.496, 232
Trd, 2591370.129, 249
Trd, 2591370.763, 251
Trd, 2591372.046, 246
Trd, 2591372.363, 248
Trd, 2591373.196, 255
Trd, 2591374.363, 258
Trd, 2591375.979, 242
Trd, 2591376.496, 258
Trd, 2591376.613, 242
Trd, 2591376.913, 259
Trd, 2591377.596, 260
Trd, 2591378.063, 258
Trd, 2591378.646, 244
Trd, 2591378.679, 258
Trd, 2591378.779, 237
Trd, 2591378.913, 247
Trd, 2591379.629, 236
Trd, 2591380.079, 234
Trd, 2591381.629, 233
Trd, 2591381.929, 236
Trd, 2591383.296, 237
Trd, 2591384.613, 240
Trd, 2591385.079, 241
Trd, 2591386.129, 239
Trd, 2591386.979, 237
Trd, 2591387.229, 238
Trd, 2591387.529, 242
Trd, 2591387.613, 244
Trd, 2591388.413, 248
Trd, 2591388.746, 238
Trd, 2591388.813, 248
Trd, 2591389.879, 265
Trd, 2591389.896, 253
Trd, 2591391.379, 261
Trd, 2591391.996, 257
Trd, 2591392.563, 258
Trd, 2591393.046, 246
Trd, 2591393.146, 247
Trd, 2591393.479, 239
Trd, 2591394.129, 234
Trd, 2591394.629, 250
Trd, 2591395.913, 242
Trd, 2591396.479, 242
Trd, 2591396.863, 251
Trd, 2591397.729, 253
Trd, 2591397.913, 254
Trd, 2591398.229, 255
Trd, 2591399.663, 239
Trd, 2591400.546, 237
Trd, 2591401.829, 244
Trd, 2591402.329, 245
Trd, 2591403.229, 240
Trd, 2591403.963, 244
Trd, 2591404.246, 249
Trd, 2591404.446, 246
Trd, 2591405.163, 246
Trd, 2591405.846, 247
Trd, 2591407.363, 238
Trd, 2591407.479, 240
Trd, 2591407.546, 235
Trd, 2591408.396, 234
Trd, 2591409.063, 237
Trd, 2591409.163, 238
Trd, 2591409.763, 238
Trd, 2591409.913, 239
Trd, 2591409.946, 251
Trd, 2591412.079, 252
Trd, 2591412.463, 255
Trd, 2591413.079, 254
Trd, 2591413.513, 255
Trd, 2591413.996, 253
Trd, 2591415.479, 256
Trd, 2591415.496, 252
Trd, 2591416.379, 248
Trd, 2591417.463, 250
Trd, 2591417.796, 246
Trd, 2591417.996, 246
Trd, 2591418.429, 252
Trd, 2591418.613, 253
Trd, 2591418.979, 258
Trd, 2591419.913, 264
Trd, 2591421.096, 244
Trd, 2591421.413, 259
Trd, 2591422.113, 261
Trd, 2591422.479, 263
Trd, 2591422.579, 264
Trd, 2591424.079, 243
Trd, 2591424.129, 247
Trd, 2591424.279, 238
Trd, 2591424.679, 240
Trd, 2591424.879, 248
Trd, 2591426.713, 241
Trd, 2591427.296, 244
Trd, 2591427.979, 243
Trd, 2591429.329, 235
Trd, 2591429.696, 240
Trd, 2591430.146, 242
Trd, 2591430.213, 251
Trd, 2591430.596, 244
Trd, 2591430.779, 245
Trd, 2591430.796, 255
Trd, 2591433.563, 253
Trd, 2591433.579, 254
Trd, 2591433.663, 255
Trd, 2591434.346, 252
Trd, 2591435.229, 247
Trd, 2591435.679, 249
Trd, 2591435.713, 252
Trd, 2591435.863, 245
Trd, 2591435.929, 244
Trd, 2591437.279, 253
Trd, 2591438.679, 244
Trd, 2591439.029, 245
Trd, 2591439.613, 244
Trd, 2591440.696, 248
Trd, 2591441.779, 245
Trd, 2591441.946, 246
Trd, 2591442.529, 248
Trd, 2591443.529, 239
Trd, 2591444.363, 237
Trd, 2591444.529, 242
Trd, 2591444.729, 243
Trd, 2591445.813, 244
Trd, 2591447.229, 250
Trd, 2591447.246, 251
Trd, 2591447.996, 249
Trd, 2591448.763, 243
Trd, 2591448.979, 247
Trd, 2591449.329, 247
Trd, 2591449.679, 248
Trd, 2591451.913, 246
Trd, 2591452.096, 246
Trd, 2591453.029, 244
Trd, 2591453.379, 240
Trd, 2591453.763, 240
Trd, 2591454.863, 241
Trd, 2591454.896, 242
Trd, 2591454.946, 244
Trd, 2591455.429, 240
Trd, 2591456.079, 251
Trd, 2591456.646, 244
Trd, 2591457.246, 243
Trd, 2591457.363, 244
Trd, 2591458.196, 241
Trd, 2591459.229, 238
Trd, 2591460.346, 237
Trd, 2591461.063, 248
Trd, 2591461.546, 249
Trd, 2591462.079, 255
Trd, 2591462.246, 258
Trd, 2591462.663, 239
Trd, 2591462.713, 237
Trd, 2591464.829, 245
Trd, 2591465.129, 241
Trd, 2591465.796, 242
Trd, 2591466.046, 241
Trd, 2591466.179, 239
Trd, 2591466.229, 235
Trd, 2591467.129, 236
Trd, 2591468.529, 237
Trd, 2591468.563, 238
Trd, 2591468.579, 240
Trd, 2591468.963, 241
Trd, 2591470.946, 240
Trd, 2591471.379, 244
Trd, 2591472.496, 251
Trd, 2591473.196, 254
Trd, 2591473.463, 255
Trd, 2591473.596, 262
Trd, 2591474.979, 256
Trd, 2591475.146, 253
Trd, 2591475.363, 250
Trd, 2591476.629, 260
Trd, 2591477.196, 258
Trd, 2591477.646, 257
Trd, 2591477.929, 256
Trd, 2591478.229, 255
Trd, 2591478.396, 251
Trd, 2591478.929, 255
Trd, 2591479.679, 255
Trd, 2591479.796, 258
Trd, 2591480.346, 268
Trd, 2591480.563, 248
Trd, 2591480.996, 270
Trd, 2591481.796, 246
Trd, 2591482.596, 248
Trd, 2591483.663, 252
Trd, 2591484.529, 248
Trd, 2591484.779, 254
Trd, 2591485.713, 252
Trd, 2591486.329, 251
Trd, 2591486.363, 255
Trd, 2591486.879, 247
Trd, 2591488.229, 246
Trd, 2591488.696, 244
Trd, 2591488.763, 235
Trd, 2591489.313, 243
Trd, 2591489.696, 242
Trd, 2591491.113, 236
Trd, 2591491.263, 235
Trd, 2591491.296, 237
Trd, 2591491.696, 238
Trd, 2591492.463, 242
Trd, 2591492.829, 244
Trd, 2591493.529, 239
Trd, 2591495.296, 244
Trd, 2591495.596, 247
Trd, 2591495.979, 246
Trd, 2591496.046, 249
Trd, 2591496.163, 251
Trd, 2591497.346, 235
Trd, 2591497.963, 234
Trd, 2591497.996, 235
Trd, 2591499.363, 236
Trd, 2591500.946, 237
Trd, 2591501.146, 243
Trd, 2591501.213, 245
Trd, 2591502.346, 247
Trd, 2591502.396, 248
Trd, 2591503.113, 234
Trd, 2591503.229, 255
Trd, 2591503.513, 241
Trd, 2591503.846, 258
Trd, 2591505.813, 242
Trd, 2591507.346, 261
Trd, 2591507.396, 260
Trd, 2591507.429, 262
Trd, 2591508.029, 261
Trd, 2591508.963, 258
Trd, 2591509.146, 256
Trd, 2591509.279, 259
Trd, 2591509.679, 249
Trd, 2591510.979, 237
Trd, 2591511.613, 243
Trd, 2591512.446, 239
Trd, 2591512.979, 238
Trd, 2591513.479, 238
Trd, 2591513.696, 239
Trd, 2591514.846, 240
Trd, 2591515.029, 241
Trd, 2591515.279, 244
Trd, 2591516.079, 244
Trd, 2591517.296, 245
Trd, 2591517.763, 244
Trd, 2591518.079, 244
Trd, 2591519.263, 244
Trd, 2591519.313, 245
Trd, 2591520.863, 247
Trd, 2591520.963, 248
Trd, 2591521.329, 243
Trd, 2591521.679, 234
Trd, 2591522.246, 249
Trd, 2591523.746, 235
Trd, 2591525.046, 238
Trd, 2591525.829, 239
Trd, 2591526.196, 240
Trd, 2591526.996, 245
Trd, 2591527.463, 241
Trd, 2591527.846, 245
Trd, 2591528.563, 240
Trd, 2591528.696, 248
Trd, 2591529.829, 251
Trd, 2591530.213, 251
Trd, 2591530.463, 255
Trd, 2591532.246, 252
Trd, 2591533.513, 251
Trd, 2591534.163, 247
Trd, 2591534.446, 247
Trd, 2591534.713, 248
Trd, 2591534.779, 251
Trd, 2591534.996, 256
Trd, 2591535.963, 230
Trd, 2591536.279, 243
Trd, 2591537.413, 238
Trd, 2591538.379, 242
Trd, 2591538.496, 242
Trd, 2591539.046, 241
Trd, 2591540.529, 239
Trd, 2591540.913, 240
Trd, 2591542.013, 244
Trd, 2591542.096, 244
Trd, 2591542.346, 249
Trd, 2591542.879, 247
Trd, 2591543.296, 248
Trd, 2591543.963, 243
Trd, 2591544.479, 249
Trd, 2591546.079, 243
Trd, 2591546.313, 247
Trd, 2591547.579, 237
Trd, 2591548.196, 240
Trd, 2591548.629, 245
Trd, 2591549.229, 241
Trd, 2591549.579, 241
Trd, 2591549.646, 245
Trd, 2591550.129, 246
Trd, 2591550.796, 250
Trd, 2591551.979, 242
Trd, 2591552.479, 248
Trd, 2591553.563, 244
Trd, 2591553.579, 243
Trd, 2591554.346, 238
Trd, 2591555.763, 242
Trd, 2591555.946, 241
Trd, 2591556.013, 242
Trd, 2591556.063, 236
Trd, 2591556.529, 238
Trd, 2591557.246, 247
Trd, 2591558.679, 242
Trd, 2591558.946, 240
Trd, 2591559.263, 237
Trd, 2591560.363, 240
Trd, 2591560.446, 243
Trd, 2591561.746, 243
Trd, 2591562.146, 244
Trd, 2591563.196, 251
Trd, 2591563.313, 253
Trd, 2591563.946, 258
Trd, 2591564.313, 247
Trd, 2591565.413, 248
Trd, 2591566.996, 257
Trd, 2591567.246, 256
Trd, 2591567.363, 257
Trd, 2591567.379, 253
Trd, 2591567.663, 258
Trd, 2591568.596, 262
Trd, 2591568.729, 263
Trd, 2591568.913, 258
Trd, 2591569.029, 264
Trd, 2591571.296, 244
Trd, 2591572.613, 259
Trd, 2591573.613, 253
Trd, 2591573.729, 250
Trd, 2591574.196, 254
Trd, 2591574.329, 241
Trd, 2591575.146, 251
Trd, 2591575.579, 247
Trd, 2591576.096, 251
Trd, 2591576.796, 237
Trd, 2591577.413, 237
Trd, 2591577.713, 240
Trd, 2591577.763, 235
Trd, 2591579.013, 245
Trd, 2591580.096, 248
Trd, 2591580.263, 248
Trd, 2591580.346, 239
Trd, 2591581.396, 244
Trd, 2591581.846, 249
Trd, 2591582.479, 239
Trd, 2591583.029, 241
Trd, 2591583.479, 261
Trd, 2591584.913, 257
Trd, 2591585.346, 258
Trd, 2591585.413, 259
Trd, 2591586.913, 259
Trd, 2591587.313, 257
Trd, 2591588.313, 256
Trd, 2591589.063, 257
Trd, 2591589.129, 255
Trd, 2591590.929, 252
Trd, 2591591.146, 244
Trd, 2591591.546, 244
Trd, 2591591.813, 253
Trd, 2591592.479, 236
Trd, 2591593.379, 250
Trd, 2591593.879, 250
Trd, 2591593.963, 252
Trd, 2591594.663, 252
Trd, 2591595.113, 252
Trd, 2591595.429, 248
Trd, 2591595.929, 257
Trd, 2591597.046, 257
Trd, 2591597.429, 256
Trd, 2591597.513, 258
Trd, 2591598.079, 264
Trd, 2591598.979, 248
Trd, 2591599.829, 253
Trd, 2591600.246, 265
Trd, 2591600.663, 251
Trd, 2591601.346, 248
Trd, 2591602.346, 239
Trd, 2591602.613, 239
Trd, 2591603.279, 241
Trd, 2591604.363, 250
Trd, 2591605.129, 247
Trd, 2591606.129, 247
Trd, 2591607.129, 242
Trd, 2591607.296, 237
Trd, 2591607.379, 244
Trd, 2591607.796, 236
Trd, 2591607.929, 231
Trd, 2591608.979, 245
Trd, 2591609.313, 251
Trd, 2591609.729, 251
Trd, 2591609.996, 239
Trd, 2591610.496, 243
Trd, 2591612.079, 255
Trd, 2591612.546, 250
Trd, 2591613.663, 253
Trd, 2591614.379, 251
Trd, 2591614.513, 252
Trd, 2591614.629, 246
Trd, 2591615.013, 253
Trd, 2591615.596, 241
Trd, 2591616.313, 247
Trd, 2591616.979, 242
Trd, 2591617.596, 245
Trd, 2591618.079, 233
Trd, 2591619.179, 245
Trd, 2591619.579, 248
Trd, 2591619.613, 249
Trd, 2591619.813, 232
Trd, 2591620.663, 249
Trd, 2591621.996, 246
Trd, 2591623.263, 237
Trd, 2591626.146, 250
Trd, 2591626.679, 246
Trd, 2591627.413, 245
Trd, 2591627.813, 246
Trd, 2591627.863, 251
Trd, 2591628.113, 251
Trd, 2591628.479, 247
Trd, 2591628.913, 248
Trd, 2591628.963, 256
Trd, 2591629.396, 257
Trd, 2591630.096, 257
Trd, 2591630.146, 244
Trd, 2591630.729, 260
Trd, 2591631.396, 242
Trd, 2591632.479, 243
Trd, 2591633.313, 253
Trd, 2591633.979, 239
Trd, 2591635.713, 239
Trd, 2591636.179, 237
Trd, 2591637.113, 238
Trd, 2591637.746, 239
Trd, 2591637.846, 242
Trd, 2591638.496, 249
Trd, 2591638.646, 255
Trd, 2591639.379, 239
Trd, 2591640.213, 247
Trd, 2591640.446, 250
Trd, 2591641.213, 257
Trd, 2591642.296, 244
Trd, 2591642.563, 256
Trd, 2591643.129, 254
Trd, 2591644.196, 245
Trd, 2591644.979, 248
Trd, 2591645.196, 250
Trd, 2591645.296, 251
Trd, 2591646.696, 249
Trd, 2591648.096, 250
Trd, 2591648.179, 248
Trd, 2591648.596, 250
Trd, 2591649.813, 247
Trd, 2591650.129, 246
Trd, 2591650.413, 248
Trd, 2591650.796, 244
Trd, 2591650.829, 249
Trd, 2591651.079, 251
Trd, 2591652.296, 251
Trd, 2591653.079, 237
Trd, 2591654.246, 238
Trd, 2591654.779, 231
Trd, 2591655.046, 237
Trd, 2591655.413, 244
Trd, 2591655.963, 244
Trd, 2591657.096, 223
Trd, 2591657.246, 224
Trd, 2591657.463, 225
Trd, 2591658.179, 231
Trd, 2591659.379, 248
Trd, 2591661.263, 238
Trd, 2591661.296, 240
Trd, 2591661.663, 241
Trd, 2591662.479, 240
Trd, 2591662.946, 239
Trd, 2591663.146, 240
Trd, 2591663.529, 240
Trd, 2591663.696, 243
Trd, 2591664.246, 242
Trd, 2591665.579, 242
Trd, 2591666.596, 248
Trd, 2591666.813, 242
Trd, 2591667.213, 247
Trd, 2591668.579, 242
Trd, 2591669.296, 248
Trd, 2591669.946, 244
Trd, 2591670.679, 251
Trd, 2591671.746, 246
Trd, 2591673.563, 243
Trd, 2591673.746, 244
Trd, 2591674.196, 242
Trd, 2591674.696, 246
Trd, 2591674.729, 252
Trd, 2591675.046, 241
Trd, 2591675.379, 254
Trd, 2591675.929, 255
Trd, 2591676.346, 242
Trd, 2591677.196, 251
Trd, 2591679.179, 252
Trd, 2591679.646, 249
Trd, 2591680.729, 240
Trd, 2591681.496, 238
Trd, 2591681.663, 237
Trd, 2591681.929, 238
Trd, 2591682.213, 239
Trd, 2591682.979, 235
Trd, 2591682.996, 238
Trd, 2591683.613, 255
Trd, 2591683.629, 258
Trd, 2591685.279, 242
Trd, 2591686.279, 241
Trd, 2591686.929, 240
Trd, 2591687.113, 238
Trd, 2591687.196, 240
Trd, 2591687.529, 239
Trd, 2591687.579, 233
Trd, 2591687.913, 237
Trd, 2591688.446, 234
Trd, 2591689.096, 239
Trd, 2591689.563, 240
Trd, 2591689.679, 234
Trd, 2591690.396, 246
Trd, 2591691.229, 248
Trd, 2591694.346, 250
Trd, 2591695.646, 252
Trd, 2591695.996, 254
Trd, 2591697.079, 252
Trd, 2591697.396, 255
Trd, 2591698.313, 265
Trd, 2591699.363, 247
Trd, 2591699.879, 246
Trd, 2591700.863, 245
Trd, 2591700.896, 247
Trd, 2591700.913, 245
Trd, 2591701.746, 245
Trd, 2591701.779, 244
Trd, 2591702.829, 254
Trd, 2591703.079, 253
Trd, 2591703.279, 257
Trd, 2591703.363, 258
Trd, 2591703.496, 233
Trd, 2591704.463, 258
Trd, 2591704.613, 260
Trd, 2591704.696, 265
Trd, 2591705.779, 238
Trd, 2591706.279, 239
Trd, 2591706.429, 242
Trd, 2591706.463, 246
Trd, 2591708.279, 245
Trd, 2591709.113, 245
Trd, 2591711.113, 244
Trd, 2591712.563, 249
Trd, 2591713.563, 242
Trd, 2591713.979, 249
Trd, 2591714.229, 242
Trd, 2591715.913, 246
Trd, 2591716.213, 245
Trd, 2591717.029, 243
Trd, 2591717.079, 242
Trd, 2591717.613, 236
Trd, 2591717.929, 244
Trd, 2591718.363, 244
Trd, 2591718.496, 249
Trd, 2591719.013, 251
Trd, 2591719.313, 255
Trd, 2591719.596, 250
Trd, 2591719.996, 256
Trd, 2591720.596, 249
Trd, 2591722.146, 248
Trd, 2591722.229, 255
Trd, 2591724.029, 257
Trd, 2591725.629, 244
Trd, 2591726.013, 233
Trd, 2591726.763, 232
Trd, 2591727.029, 232
Trd, 2591727.563, 232
Trd, 2591727.779, 232
Trd, 2591728.063, 233
Trd, 2591728.346, 234
Trd, 2591728.429, 238
Trd, 2591728.863, 248
Trd, 2591729.379, 247
Trd, 2591729.813, 238
Trd, 2591730.263, 251
Trd, 2591731.413, 246
Trd, 2591731.646, 243
Trd, 2591732.363, 241
Trd, 2591732.396, 255
Trd, 2591733.779, 242
Trd, 2591735.863, 248
Trd, 2591736.196, 249
Trd, 2591736.396, 249
Trd, 2591737.363, 251
Trd, 2591738.229, 256
Trd, 2591738.446, 249
Trd, 2591739.079, 247
Trd, 2591739.346, 247
Trd, 2591739.413, 244
Trd, 2591740.029, 240
Trd, 2591740.163, 244
Trd, 2591740.763, 248
Trd, 2591741.229, 257
Trd, 2591741.629, 238
Trd, 2591742.413, 258
Trd, 2591743.563, 258
Trd, 2591743.779, 250
Trd, 2591744.929, 258
Trd, 2591746.063, 237
Trd, 2591747.113, 238
Trd, 2591747.929, 240
Trd, 2591748.313, 239
Trd, 2591750.046, 237
Trd, 2591750.413, 238
Trd, 2591750.679, 241
Trd, 2591750.713, 244
Trd, 2591751.029, 250
Trd, 2591751.263, 249
Trd, 2591752.429, 239
Trd, 2591752.963, 251
Trd, 2591753.363, 255
Trd, 2591753.879, 248
Trd, 2591754.063, 262
Trd, 2591754.446, 240
Trd, 2591755.513, 251
Trd, 2591755.779, 263
Trd, 2591756.463, 255
Trd, 2591756.763, 262
Trd, 2591758.129, 262
Trd, 2591758.896, 260
Trd, 2591759.546, 247
Trd, 2591760.063, 232
Trd, 2591760.513, 259
Trd, 2591761.846, 239
Trd, 2591762.046, 240
Trd, 2591762.446, 243
Trd, 2591763.346, 242
Trd, 2591763.479, 243
Trd, 2591763.646, 244
Trd, 2591765.363, 239
Trd, 2591766.496, 246
Trd, 2591766.696, 250
Trd, 2591766.746, 240
Trd, 2591767.063, 246
Trd, 2591768.229, 251
Trd, 2591769.996, 246
Trd, 2591770.279, 246
Trd, 2591770.496, 246
Trd, 2591770.646, 251
Trd, 2591770.779, 251
Trd, 2591770.829, 244
Trd, 2591770.896, 251
Trd, 2591771.246, 244
Trd, 2591771.296, 258
Trd, 2591772.079, 231
Trd, 2591774.046, 255
Trd, 2591774.879, 256
Trd, 2591775.146, 254
Trd, 2591775.563, 252
Trd, 2591777.529, 253
Trd, 2591778.496, 249
Trd, 2591778.613, 251
Trd, 2591779.163, 248
Trd, 2591779.446, 254
Trd, 2591780.429, 249
Trd, 2591780.596, 256
Trd, 2591781.196, 253
Trd, 2591781.846, 258
Trd, 2591782.396, 240
Trd, 2591782.846, 238
Trd, 2591782.946, 240
Trd, 2591783.096, 241
Trd, 2591783.146, 233
Trd, 2591784.663, 243
Trd, 2591785.463, 237
Trd, 2591785.996, 232
Trd, 2591786.496, 237
Trd, 2591786.729, 237
Trd, 2591787.063, 244
Trd, 2591787.096, 249
Trd, 2591788.713, 246
Trd, 2591788.946, 246
Trd, 2591789.029, 251
Trd, 2591790.746, 244
Trd, 2591790.879, 244
Trd, 2591792.229, 239
Trd, 2591792.296, 237
Trd, 2591792.529, 238
Trd, 2591793.613, 255
Trd, 2591794.063, 255
Trd, 2591794.696, 258
Trd, 2591794.746, 262
Trd, 2591795.663, 265
Trd, 2591795.713, 259
Trd, 2591796.563, 258
Trd, 2591796.879, 250
Trd, 2591798.379, 250
Trd, 2591798.479, 251
Trd, 2591798.546, 247
Trd, 2591799.513, 232
Trd, 2591799.779, 250
Trd, 2591799.913, 231
Trd, 2591800.129, 228
Trd, 2591801.063, 248
Trd, 2591802.263, 241
Trd, 2591804.146, 244
Trd, 2591804.246, 244
Trd, 2591804.696, 251
Trd, 2591805.146, 237
Trd, 2591806.779, 253
Trd, 2591807.079, 254
Trd, 2591808.596, 251
Trd, 2591808.729, 250
Trd, 2591808.979, 252
Trd, 2591809.196, 255
Trd, 2591809.263, 249
Trd, 2591809.963, 248
Trd, 2591810.179, 257
Trd, 2591810.763, 248
Trd, 2591810.796, 264
Trd, 2591812.029, 251
Trd, 2591812.596, 247
Trd, 2591813.513, 253
Trd, 2591813.713, 253
Trd, 2591814.479, 249
Trd, 2591814.496, 241
Trd, 2591815.396, 248
Trd, 2591815.746, 245
Trd, 2591816.246, 244
Trd, 2591816.496, 235
Trd, 2591817.196, 240
Trd, 2591817.413, 241
Trd, 2591818.529, 241
Trd, 2591819.246, 236
Trd, 2591819.529, 240
Trd, 2591822.279, 239
Trd, 2591822.579, 240
Trd, 2591822.846, 245
Trd, 2591822.913, 251
Trd, 2591823.046, 251
Trd, 2591823.579, 254
Trd, 2591823.829, 243
Trd, 2591826.046, 248
Trd, 2591826.146, 251
Trd, 2591826.396, 246
Trd, 2591826.563, 250
Trd, 2591827.046, 249
Trd, 2591827.396, 251
Trd, 2591827.596, 245
Trd, 2591827.846, 244
Trd, 2591828.396, 250
Trd, 2591828.579, 238
Trd, 2591829.646, 236
Trd, 2591830.079, 240
Trd, 2591830.096, 243
Trd, 2591831.663, 250
Trd, 2591833.913, 247
Trd, 2591834.379, 249
Trd, 2591834.479, 240
Trd, 2591835.113, 250
Trd, 2591836.529, 240
Trd, 2591837.446, 243
Trd, 2591837.746, 240
Trd, 2591838.446, 244
Trd, 2591838.763, 251
Trd, 2591840.179, 249
Trd, 2591841.829, 245
Trd, 2591841.863, 243
Trd, 2591841.896, 247
Trd, 2591842.029, 248
Trd, 2591843.263, 247
Trd, 2591843.463, 251
Trd, 2591843.996, 255
Trd, 2591844.046, 246
Trd, 2591844.363, 245
Trd, 2591844.463, 244
Trd, 2591846.229, 251
Trd, 2591846.279, 253
Trd, 2591847.113, 253
Trd, 2591847.429, 257
Trd, 2591847.479, 258
Trd, 2591848.679, 241
Trd, 2591849.446, 257
Trd, 2591850.213, 247
Trd, 2591850.696, 258
Trd, 2591850.863, 247
Trd, 2591850.963, 244
Trd, 2591853.046, 246
Trd, 2591853.263, 248
Trd, 2591853.479, 248
Trd, 2591854.279, 237
Trd, 2591854.863, 245
Trd, 2591855.496, 244
Trd, 2591856.446, 241
Trd, 2591856.513, 242
Trd, 2591857.029, 234
Trd, 2591857.779, 234
Trd, 2591858.079, 238
Trd, 2591858.146, 258
Trd, 2591858.946, 236
Trd, 2591860.296, 236
Trd, 2591860.613, 237
Trd, 2591861.413, 249
Trd, 2591861.613, 237
Trd, 2591861.863, 237
Trd, 2591862.729, 261
Trd, 2591863.779, 261
Trd, 2591864.613, 258
Trd, 2591864.813, 247
Trd, 2591864.879, 262
Trd, 2591865.779, 261
Trd, 2591866.446, 245
Trd, 2591867.596, 257
Trd, 2591869.246, 248
Trd, 2591870.663, 248
Trd, 2591871.013, 248
Trd, 2591871.779, 247
Trd, 2591871.963, 245
Trd, 2591872.946, 247
Trd, 2591873.446, 248
Trd, 2591873.896, 247
Trd, 2591873.996, 249
Trd, 2591874.029, 251
Trd, 2591874.329, 264
Trd, 2591874.796, 249
Trd, 2591875.029, 244
Trd, 2591875.463, 264
Trd, 2591875.496, 243
Trd, 2591876.513, 264
Trd, 2591877.846, 264
Trd, 2591878.429, 260
Trd, 2591880.379, 244
Trd, 2591880.879, 243
Trd, 2591881.096, 244
Trd, 2591881.396, 243
Trd, 2591881.979, 232
Trd, 2591882.263, 249
Trd, 2591882.313, 232
Trd, 2591882.863, 237
Trd, 2591883.479, 242
Trd, 2591884.746, 243
Trd, 2591885.379, 237
Trd, 2591886.646, 240
Trd, 2591887.079, 240
Trd, 2591887.179, 238
Trd, 2591888.079, 242
Trd, 2591888.129, 245
Trd, 2591888.246, 238
Trd, 2591888.829, 238
Trd, 2591889.329, 245
Trd, 2591890.096, 251
Trd, 2591890.513, 249
Trd, 2591891.713, 251
Trd, 2591891.763, 235
Trd, 2591892.913, 247
Trd, 2591893.246, 246
Trd, 2591893.713, 246
Trd, 2591893.913, 234
Trd, 2591894.179, 246
Trd, 2591897.529, 246
Trd, 2591898.379, 241
Trd, 2591898.529, 228
Trd, 2591898.896, 245
Trd, 2591899.196, 248
Trd, 2591899.346, 248
Trd, 2591900.296, 247
Trd, 2591901.296, 243
Trd, 2591901.346, 242
Trd, 2591902.129, 243
Trd, 2591902.396, 251
Trd, 2591902.429, 242
Trd, 2591902.829, 255
Trd, 2591902.879, 258
Trd, 2591903.979, 248
Trd, 2591904.429, 240
Trd, 2591905.096, 238
Trd, 2591905.713, 238
Trd, 2591906.313, 235
Trd, 2591907.596, 237
Trd, 2591908.129, 236
Trd, 2591908.346, 237
Trd, 2591908.529, 239
Trd, 2591908.763, 237
Trd, 2591909.163, 239
Trd, 2591909.179, 231
Trd, 2591910.646, 231
Trd, 2591911.046, 243
Trd, 2591912.046, 251
Trd, 2591913.879, 255
Trd, 2591914.329, 251
Trd, 2591914.446, 250
Trd, 2591914.629, 258
Trd, 2591915.929, 265
Trd, 2591916.346, 262
Trd, 2591917.029, 258
Trd, 2591917.729, 259
Trd, 2591917.746, 262
Trd, 2591918.096, 261
Trd, 2591918.146, 259
Trd, 2591918.363, 261
Trd, 2591918.679, 253
Trd, 2591919.863, 248
Trd, 2591920.229, 244
Trd, 2591920.796, 251
Trd, 2591920.846, 252
Trd, 2591923.663, 240
Trd, 2591923.879, 236
Trd, 2591924.046, 239
Trd, 2591924.413, 237
Trd, 2591924.613, 237
Trd, 2591925.579, 238
Trd, 2591926.129, 236
Trd, 2591926.863, 239
Trd, 2591927.563, 240
Trd, 2591927.946, 237
Trd, 2591929.513, 233
Trd, 2591930.596, 237
Trd, 2591931.029, 237
Trd, 2591931.946, 237
Trd, 2591931.963, 242
Trd, 2591932.263, 247
Trd, 2591932.729, 244
Trd, 2591932.829, 243
Trd, 2591933.579, 248
Trd, 2591933.663, 237
Trd, 2591934.029, 251
Trd, 2591935.329, 252
Trd, 2591938.129, 240
Trd, 2591938.796, 241
Trd, 2591938.813, 242
Trd, 2591938.896, 243
Trd, 2591939.413, 241
Trd, 2591939.479, 237
Trd, 2591939.829, 233
Trd, 2591939.963, 244
Trd, 2591940.313, 247
Trd, 2591940.863, 248
Trd, 2591940.996, 255
Trd, 2591943.163, 258
Trd, 2591943.463, 259
Trd, 2591943.846, 257
Trd, 2591945.063, 253
Trd, 2591945.313, 252
Trd, 2591945.529, 249
Trd, 2591946.213, 247
Trd, 2591946.513, 252
Trd, 2591947.263, 234
Trd, 2591947.296, 235
Trd, 2591947.629, 254
Trd, 2591948.246, 255
Trd, 2591948.996, 241
Trd, 2591949.913, 246
Trd, 2591950.179, 245
Trd, 2591950.529, 251
Trd, 2591950.963, 251
Trd, 2591951.329, 251
Trd, 2591951.346, 253
Trd, 2591951.479, 258
Trd, 2591951.629, 245
Trd, 2591952.429, 264
Trd, 2591953.829, 248
Trd, 2591955.429, 257
Trd, 2591955.546, 258
Trd, 2591958.429, 247
Trd, 2591958.663, 247
Trd, 2591959.096, 246
Trd, 2591960.413, 244
Trd, 2591961.129, 238
Trd, 2591961.163, 243
Trd, 2591961.363, 245
Trd, 2591961.663, 237
Trd, 2591961.796, 236
Trd, 2591962.113, 241
Trd, 2591962.213, 248
Trd, 2591963.146, 255
Trd, 2591963.213, 264
Trd, 2591964.463, 264
Trd, 2591964.596, 268
Trd, 2591965.296, 248
Trd, 2591965.396, 233
Trd, 2591965.596, 249
Trd, 2591966.796, 257
Trd, 2591967.429, 240
Trd, 2591967.946, 251
Trd, 2591968.513, 244
Trd, 2591968.713, 241
Trd, 2591969.513, 257
Trd, 2591970.013, 258
Trd, 2591972.063, 256
Trd, 2591972.979, 252
Trd, 2591972.996, 256
Trd, 2591973.296, 250
Trd, 2591973.879, 250
Trd, 2591974.229, 250
Trd, 2591974.313, 251
Trd, 2591975.763, 241
Trd, 2591976.863, 252
Trd, 2591978.129, 254
Trd, 2591978.279, 255
Trd, 2591978.329, 250
Trd, 2591978.563, 249
Trd, 2591979.163, 253
Trd, 2591979.696, 255
Trd, 2591980.413, 256
Trd, 2591981.996, 242
Trd, 2591982.496, 238
Trd, 2591983.579, 241
Trd, 2591983.763, 241
Trd, 2591984.429, 240
Trd, 2591985.129, 240
Trd, 2591986.413, 247
Trd, 2591987.346, 258
Trd, 2591987.779, 250
Trd, 2591988.029, 248
Trd, 2591988.896, 246
Trd, 2591989.796, 236
Trd, 2591989.829, 260
Trd, 2591990.079, 253
Trd, 2591990.413, 257
Trd, 2591991.513, 232
Trd, 2591991.963, 234
Trd, 2591992.296, 231
Trd, 2591992.313, 235
Trd, 2591992.979, 236
Trd, 2591993.096, 237
Trd, 2591993.546, 238
Trd, 2591994.396, 251
Trd, 2591994.429, 253
Trd, 2591995.046, 235
Trd, 2591995.896, 241
Trd, 2591997.196, 236
Trd, 2591997.779, 237
Trd, 2591997.946, 241
Trd, 2591998.779, 239
Trd, 2591998.996, 242
Trd, 2591999.763, 237
