Trd, 2590683.679, 253
Trd, 2590683.913, 249
Trd, 2590684.679, 245
Trd, 2590685.396, 247
Trd, 2590685.429, 244
Trd, 2590686.063, 258
Trd, 2590686.979, 248
Trd, 2590689.063, 254
Trd, 2590689.179, 253
Trd, 2590689.596, 253
Trd, 2590690.563, 253
Trd, 2590691.429, 250
Trd, 2590691.579, 256
Trd, 2590691.896, 250
Trd, 2590692.696, 251
Trd, 2590693.013, 255
Trd, 2590693.179, 251
Trd, 2590694.646, 258
Trd, 2590695.029, 253
Trd, 2590695.063, 251
Trd, 2590695.229, 245
Trd, 2590697.363, 250
Trd, 2590698.313, 262
Trd, 2590699.013, 251
Trd, 2590699.829, 250
Trd, 2590699.879, 251
Trd, 2590700.379, 250
Trd, 2590701.263, 261
Trd, 2590701.513, 261
Trd, 2590704.463, 251
Trd, 2590705.079, 243
Trd, 2590705.946, 243
Trd, 2590706.129, 242
Trd, 2590706.213, 241
Trd, 2590706.446, 257
Trd, 2590707.329, 261
Trd, 2590707.413, 254
Trd, 2590707.479, 245
Trd, 2590707.796, 241
Trd, 2590709.479, 259
Trd, 2590709.896, 241
Trd, 2590709.929, 262
Trd, 2590711.813, 248
Trd, 2590712.579, 249
Trd, 2590713.579, 262
Trd, 2590714.196, 251
Trd, 2590714.813, 253
Trd, 2590715.179, 264
Trd, 2590715.879, 252
Trd, 2590716.363, 253
Trd, 2590716.429, 252
Trd, 2590717.313, 251
Trd, 2590717.446, 264
Trd, 2590717.563, 265
Trd, 2590718.346, 243
Trd, 2590718.596, 242
Trd, 2590719.413, 251
Trd, 2590719.513, 258
Trd, 2590721.913, 245
Trd, 2590722.129, 242
Trd, 2590722.929, 248
Trd, 2590723.129, 247
Trd, 2590723.446, 245
Trd, 2590725.563, 248
Trd, 2590725.979, 247
Trd, 2590726.446, 249
Trd, 2590726.863, 250
Trd, 2590726.913, 246
Trd, 2590727.863, 251
Trd, 2590728.013, 263
Trd, 2590728.463, 246
Trd, 2590728.996, 248
Trd, 2590729.096, 264
Trd, 2590729.896, 249
Trd, 2590729.996, 265
Trd, 2590730.146, 245
Trd, 2590730.546, 243
Trd, 2590733.829, 260
Trd, 2590733.863, 261
Trd, 2590734.063, 265
Trd, 2590734.829, 241
Trd, 2590734.863, 239
Trd, 2590735.113, 228
Trd, 2590736.629, 262
Trd, 2590737.829, 245
Trd, 2590738.129, 245
Trd, 2590739.563, 248
Trd, 2590739.629, 253
Trd, 2590739.779, 254
Trd, 2590740.196, 249
Trd, 2590741.346, 245
Trd, 2590742.246, 247
Trd, 2590742.329, 246
Trd, 2590742.496, 244
Trd, 2590744.063, 241
Trd, 2590745.529, 246
Trd, 2590746.213, 246
Trd, 2590746.479, 248
Trd, 2590747.079, 244
Trd, 2590747.779, 251
Trd, 2590748.513, 258
Trd, 2590749.513, 254
Trd, 2590749.779, 253
Trd, 2590749.846, 252
Trd, 2590750.063, 263
Trd, 2590750.113, 265
Trd, 2590750.429, 253
Trd, 2590750.979, 252
Trd, 2590751.346, 269
Trd, 2590751.379, 270
Trd, 2590753.146, 276
Trd, 2590753.413, 279
Trd, 2590753.579, 254
Trd, 2590754.029, 280
Trd, 2590754.979, 255
Trd, 2590755.379, 251
Trd, 2590755.879, 243
Trd, 2590756.279, 234
Trd, 2590756.696, 231
Trd, 2590757.629, 239
Trd, 2590757.663, 226
Trd, 2590758.729, 231
Trd, 2590759.629, 233
Trd, 2590760.429, 232
Trd, 2590761.763, 233
Trd, 2590762.413, 228
Trd, 2590763.396, 234
Trd, 2590763.713, 233
Trd, 2590763.763, 248
Trd, 2590763.813, 225
Trd, 2590764.029, 226
Trd, 2590765.379, 251
Trd, 2590765.679, 226
Trd, 2590766.029, 258
Trd, 2590766.163, 263
Trd, 2590767.479, 248
Trd, 2590768.063, 262
Trd, 2590769.396, 252
Trd, 2590769.529, 265
Trd, 2590770.696, 263
Trd, 2590771.146, 255
Trd, 2590771.596, 255
Trd, 2590771.729, 254
Trd, 2590771.813, 251
Trd, 2590773.163, 254
Trd, 2590773.213, 257
Trd, 2590773.496, 250
Trd, 2590773.679, 245
Trd, 2590774.063, 244
Trd, 2590774.579, 244
Trd, 2590776.679, 262
Trd, 2590777.496, 239
Trd, 2590779.496, 265
Trd, 2590779.779, 250
Trd, 2590780.113, 253
Trd, 2590781.079, 255
Trd, 2590781.779, 255
Trd, 2590781.813, 259
Trd, 2590782.313, 265
Trd, 2590782.779, 256
Trd, 2590782.946, 254
Trd, 2590783.646, 252
Trd, 2590784.063, 251
Trd, 2590784.646, 260
Trd, 2590785.896, 255
Trd, 2590786.413, 256
Trd, 2590786.979, 240
Trd, 2590788.346, 255
Trd, 2590788.413, 242
Trd, 2590789.313, 243
Trd, 2590789.629, 241
Trd, 2590790.479, 258
Trd, 2590791.829, 250
Trd, 2590792.213, 264
Trd, 2590794.213, 252
Trd, 2590795.596, 252
Trd, 2590796.163, 257
Trd, 2590797.263, 254
Trd, 2590797.346, 252
Trd, 2590797.763, 253
Trd, 2590798.046, 251
Trd, 2590798.213, 254
Trd, 2590798.646, 258
Trd, 2590799.263, 261
Trd, 2590799.979, 244
Trd, 2590800.729, 265
Trd, 2590801.163, 242
Trd, 2590801.696, 240
Trd, 2590802.363, 238
Trd, 2590802.496, 258
Trd, 2590802.996, 260
Trd, 2590803.179, 260
Trd, 2590803.563, 234
Trd, 2590804.846, 244
Trd, 2590805.096, 261
Trd, 2590806.829, 233
Trd, 2590808.646, 236
Trd, 2590808.846, 260
Trd, 2590810.096, 243
Trd, 2590810.679, 256
Trd, 2590811.079, 256
Trd, 2590811.379, 258
Trd, 2590811.746, 256
Trd, 2590812.246, 259
Trd, 2590813.113, 263
Trd, 2590813.529, 258
Trd, 2590813.896, 263
Trd, 2590814.113, 262
Trd, 2590815.546, 262
Trd, 2590816.029, 262
Trd, 2590816.946, 262
Trd, 2590817.579, 258
Trd, 2590817.829, 252
Trd, 2590817.846, 251
Trd, 2590817.929, 260
Trd, 2590820.396, 260
Trd, 2590820.846, 264
Trd, 2590821.279, 255
Trd, 2590821.363, 245
Trd, 2590822.413, 250
Trd, 2590823.296, 246
Trd, 2590823.346, 245
Trd, 2590824.879, 249
Trd, 2590825.229, 261
Trd, 2590825.613, 243
Trd, 2590826.279, 242
Trd, 2590826.446, 241
Trd, 2590826.896, 233
Trd, 2590827.713, 262
Trd, 2590827.846, 263
Trd, 2590827.863, 264
Trd, 2590828.246, 238
Trd, 2590828.546, 265
Trd, 2590830.146, 236
Trd, 2590831.313, 239
Trd, 2590831.429, 244
Trd, 2590831.763, 240
Trd, 2590833.063, 243
Trd, 2590833.363, 252
Trd, 2590834.013, 268
Trd, 2590834.213, 256
Trd, 2590835.379, 269
Trd, 2590835.646, 251
Trd, 2590835.679, 249
Trd, 2590837.546, 240
Trd, 2590837.696, 261
Trd, 2590837.963, 239
Trd, 2590838.413, 236
Trd, 2590838.463, 259
Trd, 2590839.696, 257
Trd, 2590839.863, 234
Trd, 2590839.913, 258
Trd, 2590842.079, 247
Trd, 2590842.313, 246
Trd, 2590842.596, 243
Trd, 2590843.296, 230
Trd, 2590843.329, 227
Trd, 2590843.946, 255
Trd, 2590845.279, 238
Trd, 2590846.479, 234
Trd, 2590847.529, 250
Trd, 2590847.629, 229
Trd, 2590848.079, 233
Trd, 2590848.963, 249
Trd, 2590849.246, 244
Trd, 2590849.963, 254
Trd, 2590850.129, 251
Trd, 2590850.363, 258
Trd, 2590850.629, 251
Trd, 2590850.946, 263
Trd, 2590851.346, 251
Trd, 2590852.513, 263
Trd, 2590853.263, 264
Trd, 2590853.646, 265
Trd, 2590855.096, 255
Trd, 2590856.279, 245
Trd, 2590856.296, 242
Trd, 2590857.479, 244
Trd, 2590857.546, 248
Trd, 2590858.463, 244
Trd, 2590858.879, 242
Trd, 2590859.996, 243
Trd, 2590860.113, 257
Trd, 2590860.163, 260
Trd, 2590860.329, 256
Trd, 2590860.863, 257
Trd, 2590861.496, 251
Trd, 2590862.146, 254
Trd, 2590862.163, 241
Trd, 2590862.646, 244
Trd, 2590862.996, 257
Trd, 2590864.096, 257
Trd, 2590864.163, 230
Trd, 2590865.213, 230
Trd, 2590867.196, 234
Trd, 2590867.763, 234
Trd, 2590867.896, 257
Trd, 2590868.813, 252
Trd, 2590869.129, 256
Trd, 2590869.446, 255
Trd, 2590870.246, 256
Trd, 2590871.029, 258
Trd, 2590871.129, 257
Trd, 2590872.863, 252
Trd, 2590873.329, 255
Trd, 2590873.429, 261
Trd, 2590873.463, 252
Trd, 2590873.963, 252
Trd, 2590875.029, 249
Trd, 2590876.246, 249
Trd, 2590877.396, 247
Trd, 2590877.446, 248
Trd, 2590878.246, 258
Trd, 2590878.913, 263
Trd, 2590878.963, 242
Trd, 2590878.979, 241
Trd, 2590879.613, 241
Trd, 2590882.029, 244
Trd, 2590882.579, 244
Trd, 2590883.679, 250
Trd, 2590884.346, 251
Trd, 2590884.496, 244
Trd, 2590884.796, 257
Trd, 2590885.096, 243
Trd, 2590885.846, 257
Trd, 2590886.296, 256
Trd, 2590886.696, 256
Trd, 2590887.113, 258
Trd, 2590888.329, 254
Trd, 2590888.546, 257
Trd, 2590888.763, 251
Trd, 2590889.696, 262
Trd, 2590890.263, 245
Trd, 2590891.813, 239
Trd, 2590892.146, 231
Trd, 2590892.346, 239
Trd, 2590894.196, 233
Trd, 2590894.729, 243
Trd, 2590895.746, 244
Trd, 2590896.196, 248
Trd, 2590896.329, 251
Trd, 2590896.379, 263
Trd, 2590899.146, 256
Trd, 2590899.413, 261
Trd, 2590899.496, 255
Trd, 2590899.679, 255
Trd, 2590900.263, 255
Trd, 2590900.413, 251
Trd, 2590900.863, 265
Trd, 2590901.696, 268
Trd, 2590901.796, 272
Trd, 2590901.813, 262
Trd, 2590902.296, 262
Trd, 2590902.446, 259
Trd, 2590903.113, 272
Trd, 2590904.296, 253
Trd, 2590906.113, 262
Trd, 2590906.929, 249
Trd, 2590906.963, 248
Trd, 2590908.163, 257
Trd, 2590908.546, 249
Trd, 2590908.796, 258
Trd, 2590909.013, 245
Trd, 2590910.913, 242
Trd, 2590911.463, 246
Trd, 2590911.479, 244
Trd, 2590911.929, 241
Trd, 2590912.113, 234
Trd, 2590913.396, 230
Trd, 2590914.263, 231
Trd, 2590914.296, 248
Trd, 2590918.246, 250
Trd, 2590918.329, 251
Trd, 2590918.479, 252
Trd, 2590918.879, 250
Trd, 2590920.279, 258
Trd, 2590920.763, 259
Trd, 2590920.963, 257
Trd, 2590921.479, 250
Trd, 2590921.529, 249
Trd, 2590921.763, 262
Trd, 2590921.979, 265
Trd, 2590922.063, 252
Trd, 2590922.496, 246
Trd, 2590922.679, 243
Trd, 2590922.746, 239
Trd, 2590923.079, 272
Trd, 2590923.796, 244
Trd, 2590925.446, 272
Trd, 2590925.779, 275
Trd, 2590926.096, 247
Trd, 2590926.263, 246
Trd, 2590927.879, 259
Trd, 2590928.413, 248
Trd, 2590929.063, 247
Trd, 2590929.713, 245
Trd, 2590930.463, 249
Trd, 2590930.813, 250
Trd, 2590931.596, 253
Trd, 2590932.629, 260
Trd, 2590932.729, 250
Trd, 2590933.429, 248
Trd, 2590934.513, 258
Trd, 2590935.863, 253
Trd, 2590935.879, 255
Trd, 2590936.313, 253
Trd, 2590937.246, 255
Trd, 2590937.296, 253
Trd, 2590937.646, 264
Trd, 2590938.479, 243
Trd, 2590939.396, 265
Trd, 2590939.546, 264
Trd, 2590939.646, 263
Trd, 2590940.946, 247
Trd, 2590941.913, 246
Trd, 2590942.296, 264
Trd, 2590942.329, 265
Trd, 2590942.496, 243
Trd, 2590942.746, 241
Trd, 2590943.529, 235
Trd, 2590944.629, 247
Trd, 2590944.846, 235
Trd, 2590945.829, 233
Trd, 2590946.363, 233
Trd, 2590946.679, 247
Trd, 2590947.396, 248
Trd, 2590948.896, 245
Trd, 2590949.129, 244
Trd, 2590949.379, 244
Trd, 2590950.396, 267
Trd, 2590950.446, 268
Trd, 2590951.296, 251
Trd, 2590951.796, 252
Trd, 2590952.613, 254
Trd, 2590953.146, 251
Trd, 2590953.229, 272
Trd, 2590954.629, 234
Trd, 2590955.263, 255
Trd, 2590955.429, 257
Trd, 2590955.446, 258
Trd, 2590955.663, 232
Trd, 2590956.779, 243
Trd, 2590956.896, 262
Trd, 2590957.663, 236
Trd, 2590958.263, 228
Trd, 2590958.996, 228
Trd, 2590959.329, 231
Trd, 2590960.746, 265
Trd, 2590961.463, 266
Trd, 2590961.529, 234
Trd, 2590962.029, 265
Trd, 2590962.496, 255
Trd, 2590963.613, 236
Trd, 2590963.863, 235
Trd, 2590964.629, 244
Trd, 2590965.113, 237
Trd, 2590966.963, 243
Trd, 2590967.379, 240
Trd, 2590967.629, 248
Trd, 2590967.896, 235
Trd, 2590968.046, 234
Trd, 2590970.646, 251
Trd, 2590971.113, 236
Trd, 2590971.463, 239
Trd, 2590971.829, 249
Trd, 2590972.313, 238
Trd, 2590972.529, 258
Trd, 2590973.579, 241
Trd, 2590974.146, 231
Trd, 2590974.613, 256
Trd, 2590974.713, 228
Trd, 2590976.146, 255
Trd, 2590976.229, 259
Trd, 2590976.546, 261
Trd, 2590976.579, 254
Trd, 2590977.529, 260
Trd, 2590977.813, 261
Trd, 2590978.913, 234
Trd, 2590980.646, 244
Trd, 2590980.829, 243
Trd, 2590981.996, 241
Trd, 2590982.179, 241
Trd, 2590982.513, 239
Trd, 2590983.096, 242
Trd, 2590983.263, 240
Trd, 2590983.846, 256
Trd, 2590984.629, 256
Trd, 2590985.279, 256
Trd, 2590985.513, 260
Trd, 2590986.646, 259
Trd, 2590988.346, 256
Trd, 2590988.946, 256
Trd, 2590989.496, 255
Trd, 2590989.696, 251
Trd, 2590989.913, 256
Trd, 2590989.946, 262
Trd, 2590990.596, 265
Trd, 2590991.296, 241
Trd, 2590991.746, 240
Trd, 2590991.913, 240
Trd, 2590991.963, 262
Trd, 2590992.046, 239
Trd, 2590992.513, 271
Trd, 2590993.746, 250
Trd, 2590995.363, 248
Trd, 2590995.463, 242
Trd, 2590996.163, 240
Trd, 2590997.529, 257
Trd, 2590998.779, 248
Trd, 2590999.096, 248
Trd, 2590999.846, 257
Trd, 2591000.146, 258
Trd, 2591000.179, 249
Trd, 2591000.963, 245
Trd, 2591001.113, 244
Trd, 2591001.729, 260
Trd, 2591003.263, 243
Trd, 2591004.846, 247
Trd, 2591004.863, 243
Trd, 2591005.096, 239
Trd, 2591005.346, 251
Trd, 2591006.129, 232
Trd, 2591007.013, 251
Trd, 2591007.446, 238
Trd, 2591009.246, 240
Trd, 2591009.696, 254
Trd, 2591009.946, 240
Trd, 2591011.846, 254
Trd, 2591011.979, 243
Trd, 2591012.096, 255
Trd, 2591012.229, 258
Trd, 2591014.896, 257
Trd, 2591015.163, 256
Trd, 2591016.046, 256
Trd, 2591017.096, 260
Trd, 2591017.746, 260
Trd, 2591018.296, 259
Trd, 2591018.679, 259
Trd, 2591018.879, 258
Trd, 2591019.729, 258
Trd, 2591020.096, 254
Trd, 2591020.446, 245
Trd, 2591020.529, 259
Trd, 2591021.479, 255
Trd, 2591022.046, 260
Trd, 2591022.563, 247
Trd, 2591022.679, 261
Trd, 2591022.829, 248
Trd, 2591022.946, 247
Trd, 2591022.979, 237
Trd, 2591023.479, 254
Trd, 2591024.596, 255
Trd, 2591025.029, 253
Trd, 2591026.213, 258
Trd, 2591027.763, 255
Trd, 2591028.146, 263
Trd, 2591028.263, 265
Trd, 2591029.113, 257
Trd, 2591029.146, 256
Trd, 2591029.546, 260
Trd, 2591030.163, 259
Trd, 2591031.496, 253
Trd, 2591032.813, 252
Trd, 2591033.513, 253
Trd, 2591034.046, 270
Trd, 2591034.079, 251
Trd, 2591034.963, 243
Trd, 2591035.096, 233
Trd, 2591035.996, 251
Trd, 2591036.129, 235
Trd, 2591037.046, 263
Trd, 2591037.696, 261
Trd, 2591039.013, 262
Trd, 2591039.196, 256
Trd, 2591039.213, 254
Trd, 2591039.779, 244
Trd, 2591040.513, 265
Trd, 2591041.396, 245
Trd, 2591042.663, 260
Trd, 2591042.996, 245
Trd, 2591043.146, 261
Trd, 2591043.513, 244
Trd, 2591045.063, 258
Trd, 2591046.146, 251
Trd, 2591046.163, 246
Trd, 2591046.279, 243
Trd, 2591047.763, 237
Trd, 2591049.846, 243
Trd, 2591049.913, 239
Trd, 2591050.246, 260
Trd, 2591050.346, 265
Trd, 2591050.763, 251
Trd, 2591051.429, 254
Trd, 2591053.046, 258
Trd, 2591053.113, 257
Trd, 2591053.263, 256
Trd, 2591053.413, 255
Trd, 2591053.679, 249
Trd, 2591056.579, 241
Trd, 2591056.896, 258
Trd, 2591056.979, 238
Trd, 2591058.229, 241
Trd, 2591058.263, 263
Trd, 2591058.929, 242
Trd, 2591059.213, 241
Trd, 2591060.663, 262
Trd, 2591060.846, 265
Trd, 2591061.829, 263
Trd, 2591062.463, 254
Trd, 2591062.513, 251
Trd, 2591063.213, 265
Trd, 2591063.846, 243
Trd, 2591063.929, 240
Trd, 2591065.246, 265
Trd, 2591065.529, 253
Trd, 2591067.279, 253
Trd, 2591067.329, 236
Trd, 2591068.879, 249
Trd, 2591069.096, 251
Trd, 2591069.179, 265
Trd, 2591070.579, 244
Trd, 2591070.779, 242
Trd, 2591071.263, 244
Trd, 2591071.896, 259
Trd, 2591071.963, 243
Trd, 2591072.729, 243
Trd, 2591072.929, 242
Trd, 2591073.346, 241
Trd, 2591073.613, 241
Trd, 2591074.463, 240
Trd, 2591074.696, 241
Trd, 2591075.013, 239
Trd, 2591075.329, 253
Trd, 2591077.429, 259
Trd, 2591078.529, 258
Trd, 2591078.996, 248
Trd, 2591079.079, 244
Trd, 2591079.096, 262
Trd, 2591079.113, 244
Trd, 2591079.313, 265
Trd, 2591079.396, 268
Trd, 2591082.013, 248
Trd, 2591082.446, 251
Trd, 2591084.229, 255
Trd, 2591084.629, 255
Trd, 2591084.863, 256
Trd, 2591086.596, 256
Trd, 2591086.679, 251
Trd, 2591087.496, 266
Trd, 2591087.746, 267
Trd, 2591088.496, 265
Trd, 2591088.546, 268
Trd, 2591088.679, 245
Trd, 2591090.146, 253
Trd, 2591090.313, 250
Trd, 2591090.463, 250
Trd, 2591090.546, 245
Trd, 2591092.379, 244
Trd, 2591092.479, 243
Trd, 2591093.496, 235
Trd, 2591093.513, 233
Trd, 2591094.363, 235
Trd, 2591094.746, 232
Trd, 2591095.096, 232
Trd, 2591095.446, 249
Trd, 2591096.229, 251
Trd, 2591096.379, 258
Trd, 2591097.846, 243
Trd, 2591098.613, 242
Trd, 2591098.996, 240
Trd, 2591099.696, 245
Trd, 2591101.963, 248
Trd, 2591102.046, 247
Trd, 2591102.479, 254
Trd, 2591104.146, 246
Trd, 2591104.296, 244
Trd, 2591104.963, 243
Trd, 2591105.013, 242
Trd, 2591105.979, 240
Trd, 2591106.996, 250
Trd, 2591107.163, 258
Trd, 2591108.146, 239
Trd, 2591108.629, 244
Trd, 2591110.779, 245
Trd, 2591111.146, 255
Trd, 2591111.163, 261
Trd, 2591111.379, 245
Trd, 2591112.313, 260
Trd, 2591112.646, 262
Trd, 2591112.713, 265
Trd, 2591113.329, 256
Trd, 2591113.563, 255
Trd, 2591114.096, 264
Trd, 2591114.829, 261
Trd, 2591115.346, 251
Trd, 2591115.746, 268
Trd, 2591116.163, 246
Trd, 2591116.329, 244
Trd, 2591117.029, 273
Trd, 2591117.663, 240
Trd, 2591119.063, 249
Trd, 2591119.329, 249
Trd, 2591119.879, 251
Trd, 2591120.129, 267
Trd, 2591120.563, 250
Trd, 2591121.563, 262
Trd, 2591121.629, 247
Trd, 2591123.746, 258
Trd, 2591124.279, 247
Trd, 2591125.213, 243
Trd, 2591127.029, 254
Trd, 2591127.263, 248
Trd, 2591127.996, 248
Trd, 2591128.179, 258
Trd, 2591128.579, 247
Trd, 2591130.479, 257
Trd, 2591130.513, 255
Trd, 2591130.979, 249
Trd, 2591131.629, 248
Trd, 2591132.179, 248
Trd, 2591132.263, 257
Trd, 2591132.363, 244
Trd, 2591134.596, 248
Trd, 2591136.979, 245
Trd, 2591138.279, 258
Trd, 2591138.763, 246
Trd, 2591138.846, 257
Trd, 2591138.929, 243
Trd, 2591139.446, 251
Trd, 2591139.996, 245
Trd, 2591140.479, 248
Trd, 2591140.996, 245
Trd, 2591141.463, 246
Trd, 2591141.613, 246
Trd, 2591142.763, 250
Trd, 2591143.096, 248
Trd, 2591143.379, 251
Trd, 2591144.079, 258
Trd, 2591144.896, 250
Trd, 2591145.513, 259
Trd, 2591145.663, 260
Trd, 2591145.979, 261
Trd, 2591146.796, 250
Trd, 2591147.379, 249
Trd, 2591147.596, 245
Trd, 2591147.679, 244
Trd, 2591148.413, 260
Trd, 2591149.246, 241
Trd, 2591150.813, 245
Trd, 2591151.813, 256
Trd, 2591152.963, 258
Trd, 2591152.996, 260
Trd, 2591153.279, 254
Trd, 2591153.879, 256
Trd, 2591154.379, 256
Trd, 2591156.429, 259
Trd, 2591156.463, 260
Trd, 2591156.896, 259
Trd, 2591158.146, 255
Trd, 2591158.896, 260
Trd, 2591159.129, 263
Trd, 2591159.663, 259
Trd, 2591160.196, 258
Trd, 2591160.796, 253
Trd, 2591161.396, 264
Trd, 2591161.429, 251
Trd, 2591161.463, 245
Trd, 2591161.763, 245
Trd, 2591162.513, 265
Trd, 2591163.513, 265
Trd, 2591164.413, 258
Trd, 2591164.779, 258
Trd, 2591165.113, 257
Trd, 2591165.246, 255
Trd, 2591165.846, 251
Trd, 2591166.179, 238
Trd, 2591166.463, 230
Trd, 2591166.563, 266
Trd, 2591167.596, 267
Trd, 2591168.513, 266
Trd, 2591168.863, 247
Trd, 2591169.096, 248
Trd, 2591169.946, 244
Trd, 2591171.129, 243
Trd, 2591171.679, 260
Trd, 2591172.363, 255
Trd, 2591172.679, 263
Trd, 2591174.563, 258
Trd, 2591175.246, 244
Trd, 2591175.346, 256
Trd, 2591176.029, 242
Trd, 2591177.046, 254
Trd, 2591177.329, 248
Trd, 2591178.346, 248
Trd, 2591178.646, 249
Trd, 2591178.996, 244
Trd, 2591179.663, 241
Trd, 2591180.896, 240
Trd, 2591182.396, 251
Trd, 2591182.963, 258
Trd, 2591183.229, 238
Trd, 2591183.963, 239
Trd, 2591184.046, 245
Trd, 2591184.163, 237
Trd, 2591184.729, 246
Trd, 2591185.163, 239
Trd, 2591186.679, 250
Trd, 2591188.246, 241
Trd, 2591188.413, 250
Trd, 2591188.913, 245
Trd, 2591189.146, 242
Trd, 2591189.229, 241
Trd, 2591189.779, 248
Trd, 2591190.196, 239
Trd, 2591190.429, 251
Trd, 2591190.796, 238
Trd, 2591191.313, 262
Trd, 2591192.996, 237
Trd, 2591193.329, 238
Trd, 2591193.596, 237
Trd, 2591193.929, 238
Trd, 2591194.479, 243
Trd, 2591195.113, 238
Trd, 2591196.079, 244
Trd, 2591196.446, 234
Trd, 2591196.496, 258
Trd, 2591197.513, 244
Trd, 2591198.079, 243
Trd, 2591198.513, 242
Trd, 2591198.796, 237
Trd, 2591200.779, 260
Trd, 2591201.263, 252
Trd, 2591202.913, 254
Trd, 2591204.096, 253
Trd, 2591205.229, 251
Trd, 2591205.913, 260
Trd, 2591206.046, 245
Trd, 2591206.079, 244
Trd, 2591206.479, 262
Trd, 2591206.913, 260
Trd, 2591207.079, 233
Trd, 2591207.279, 232
Trd, 2591207.796, 231
Trd, 2591207.846, 260
Trd, 2591208.413, 262
Trd, 2591209.396, 261
Trd, 2591210.779, 260
Trd, 2591211.579, 255
Trd, 2591211.896, 262
Trd, 2591211.913, 251
Trd, 2591212.846, 265
Trd, 2591213.879, 242
Trd, 2591215.596, 241
Trd, 2591217.379, 243
Trd, 2591217.679, 247
Trd, 2591217.913, 241
Trd, 2591218.013, 251
Trd, 2591218.879, 247
Trd, 2591219.863, 260
Trd, 2591220.129, 255
Trd, 2591221.429, 248
Trd, 2591222.379, 247
Trd, 2591222.429, 256
Trd, 2591222.546, 257
Trd, 2591223.179, 262
Trd, 2591223.629, 246
Trd, 2591223.879, 257
Trd, 2591223.946, 244
Trd, 2591224.046, 240
Trd, 2591224.813, 262
Trd, 2591225.063, 253
Trd, 2591225.313, 265
Trd, 2591226.129, 245
Trd, 2591227.413, 250
Trd, 2591228.079, 252
Trd, 2591228.246, 251
Trd, 2591228.996, 254
Trd, 2591230.829, 257
Trd, 2591231.529, 258
Trd, 2591233.213, 256
Trd, 2591233.979, 257
Trd, 2591235.779, 262
Trd, 2591235.846, 257
Trd, 2591236.129, 257
Trd, 2591237.079, 259
Trd, 2591237.129, 251
Trd, 2591237.879, 263
Trd, 2591237.946, 250
Trd, 2591238.046, 249
Trd, 2591238.313, 265
Trd, 2591238.963, 244
Trd, 2591239.313, 243
Trd, 2591240.746, 252
Trd, 2591240.763, 241
Trd, 2591242.079, 244
Trd, 2591242.396, 259
Trd, 2591242.746, 262
Trd, 2591245.213, 260
Trd, 2591245.413, 259
Trd, 2591245.463, 258
Trd, 2591245.546, 255
Trd, 2591246.096, 252
Trd, 2591247.446, 255
Trd, 2591248.279, 251
Trd, 2591248.679, 243
Trd, 2591248.829, 241
Trd, 2591249.246, 231
Trd, 2591249.563, 228
Trd, 2591251.163, 233
Trd, 2591251.296, 244
Trd, 2591251.429, 252
Trd, 2591251.663, 235
Trd, 2591251.913, 258
Trd, 2591253.329, 261
Trd, 2591253.963, 262
Trd, 2591254.096, 254
Trd, 2591254.913, 255
Trd, 2591255.396, 253
Trd, 2591255.913, 260
Trd, 2591256.329, 261
Trd, 2591256.679, 251
Trd, 2591257.563, 261
Trd, 2591259.679, 248
Trd, 2591260.863, 252
Trd, 2591261.063, 251
Trd, 2591261.529, 245
Trd, 2591262.146, 243
Trd, 2591262.496, 244
Trd, 2591264.363, 250
Trd, 2591264.413, 242
Trd, 2591264.829, 243
Trd, 2591264.913, 245
Trd, 2591265.913, 250
Trd, 2591266.129, 241
Trd, 2591266.429, 244
Trd, 2591267.513, 245
Trd, 2591267.596, 251
Trd, 2591267.663, 243
Trd, 2591268.296, 244
Trd, 2591270.013, 246
Trd, 2591270.113, 248
Trd, 2591271.579, 246
Trd, 2591271.629, 263
Trd, 2591274.296, 258
Trd, 2591276.029, 247
Trd, 2591276.929, 254
Trd, 2591277.413, 252
Trd, 2591278.463, 251
Trd, 2591279.313, 250
Trd, 2591279.763, 251
Trd, 2591280.196, 258
Trd, 2591281.046, 248
Trd, 2591281.396, 246
Trd, 2591281.496, 256
Trd, 2591281.546, 245
Trd, 2591282.263, 257
Trd, 2591282.479, 248
Trd, 2591283.346, 258
Trd, 2591283.496, 263
Trd, 2591283.563, 256
Trd, 2591285.096, 251
Trd, 2591285.313, 251
Trd, 2591286.063, 241
Trd, 2591286.179, 241
Trd, 2591286.779, 239
Trd, 2591287.513, 249
Trd, 2591287.963, 238
Trd, 2591288.579, 252
Trd, 2591290.029, 258
Trd, 2591290.363, 244
Trd, 2591291.363, 258
Trd, 2591291.579, 258
Trd, 2591292.129, 262
Trd, 2591293.163, 263
Trd, 2591293.529, 273
Trd, 2591294.046, 263
Trd, 2591294.229, 272
Trd, 2591294.663, 262
Trd, 2591294.863, 270
Trd, 2591295.696, 257
Trd, 2591295.829, 255
Trd, 2591296.479, 244
Trd, 2591297.096, 270
Trd, 2591299.013, 268
Trd, 2591299.346, 247
Trd, 2591299.446, 261
Trd, 2591300.563, 247
Trd, 2591300.929, 247
Trd, 2591301.113, 245
Trd, 2591302.629, 244
Trd, 2591302.913, 257
Trd, 2591303.063, 258
Trd, 2591305.279, 254
Trd, 2591306.246, 254
Trd, 2591306.496, 263
Trd, 2591307.046, 253
Trd, 2591307.113, 251
Trd, 2591308.063, 246
Trd, 2591308.513, 243
Trd, 2591309.829, 255
Trd, 2591310.179, 257
Trd, 2591310.579, 258
Trd, 2591311.413, 251
Trd, 2591311.513, 261
Trd, 2591311.813, 252
Trd, 2591313.313, 260
Trd, 2591313.446, 261
Trd, 2591314.979, 261
Trd, 2591315.096, 260
Trd, 2591315.146, 258
Trd, 2591315.279, 262
Trd, 2591315.413, 255
Trd, 2591316.029, 244
Trd, 2591316.229, 241
Trd, 2591318.113, 234
Trd, 2591318.363, 255
Trd, 2591319.029, 245
Trd, 2591319.929, 237
Trd, 2591320.613, 251
Trd, 2591320.979, 251
Trd, 2591321.513, 239
Trd, 2591324.329, 246
Trd, 2591324.779, 248
Trd, 2591325.096, 258
Trd, 2591325.613, 258
Trd, 2591326.529, 254
Trd, 2591327.179, 255
Trd, 2591327.413, 252
Trd, 2591328.146, 268
Trd, 2591328.713, 253
Trd, 2591328.796, 255
Trd, 2591329.046, 251
Trd, 2591329.296, 253
Trd, 2591330.713, 247
Trd, 2591331.029, 244
Trd, 2591331.429, 243
Trd, 2591331.629, 251
Trd, 2591332.313, 261
Trd, 2591332.496, 243
Trd, 2591333.463, 241
Trd, 2591334.013, 233
Trd, 2591335.296, 251
Trd, 2591335.363, 239
Trd, 2591335.863, 239
Trd, 2591335.996, 237
Trd, 2591336.229, 251
Trd, 2591337.779, 252
Trd, 2591339.363, 256
Trd, 2591339.613, 248
Trd, 2591340.063, 258
Trd, 2591340.229, 247
Trd, 2591341.863, 260
Trd, 2591343.146, 256
Trd, 2591344.079, 259
Trd, 2591344.196, 262
Trd, 2591344.346, 258
Trd, 2591344.979, 261
Trd, 2591345.213, 264
Trd, 2591345.379, 261
Trd, 2591345.713, 265
Trd, 2591346.479, 254
Trd, 2591348.163, 254
Trd, 2591348.329, 253
Trd, 2591348.396, 262
Trd, 2591348.746, 268
Trd, 2591348.846, 251
Trd, 2591349.146, 245
Trd, 2591350.429, 265
Trd, 2591350.946, 246
Trd, 2591352.646, 243
Trd, 2591353.346, 242
Trd, 2591355.263, 246
Trd, 2591355.529, 243
Trd, 2591355.979, 250
Trd, 2591356.563, 245
Trd, 2591357.213, 247
Trd, 2591357.646, 236
Trd, 2591357.946, 251
Trd, 2591358.563, 229
Trd, 2591358.679, 241
Trd, 2591360.613, 241
Trd, 2591360.696, 237
Trd, 2591360.846, 235
Trd, 2591362.213, 257
Trd, 2591362.996, 258
Trd, 2591363.029, 247
Trd, 2591363.663, 246
Trd, 2591366.129, 250
Trd, 2591366.229, 261
Trd, 2591366.479, 251
Trd, 2591366.513, 263
Trd, 2591366.563, 250
Trd, 2591366.896, 251
Trd, 2591367.163, 250
Trd, 2591369.663, 260
Trd, 2591370.296, 259
Trd, 2591370.496, 255
Trd, 2591371.213, 265
Trd, 2591373.079, 250
Trd, 2591373.129, 251
Trd, 2591373.163, 248
Trd, 2591373.363, 258
Trd, 2591374.346, 250
Trd, 2591374.863, 250
Trd, 2591375.263, 262
Trd, 2591377.013, 242
Trd, 2591378.596, 241
Trd, 2591378.763, 240
Trd, 2591378.829, 238
Trd, 2591378.879, 233
Trd, 2591379.663, 232
Trd, 2591379.713, 234
Trd, 2591379.813, 264
Trd, 2591380.296, 251
Trd, 2591380.546, 263
Trd, 2591382.496, 262
Trd, 2591382.746, 261
Trd, 2591382.963, 265
Trd, 2591383.029, 265
Trd, 2591383.263, 268
Trd, 2591383.279, 261
Trd, 2591383.763, 258
Trd, 2591385.029, 253
Trd, 2591386.663, 256
Trd, 2591386.746, 258
Trd, 2591387.346, 260
Trd, 2591388.679, 257
Trd, 2591390.479, 258
Trd, 2591390.729, 258
Trd, 2591391.096, 257
Trd, 2591391.113, 251
Trd, 2591392.263, 253
Trd, 2591392.496, 247
Trd, 2591393.529, 243
Trd, 2591393.679, 243
Trd, 2591395.496, 243
Trd, 2591395.646, 264
Trd, 2591396.146, 242
Trd, 2591396.963, 245
Trd, 2591398.113, 264
Trd, 2591398.263, 245
Trd, 2591398.329, 265
Trd, 2591398.379, 268
Trd, 2591398.879, 240
Trd, 2591399.829, 253
Trd, 2591402.029, 260
Trd, 2591402.079, 257
Trd, 2591402.163, 256
Trd, 2591402.379, 261
Trd, 2591403.079, 255
Trd, 2591403.263, 251
Trd, 2591403.979, 240
Trd, 2591404.196, 259
Trd, 2591405.229, 241
Trd, 2591405.329, 235
Trd, 2591406.696, 244
Trd, 2591407.546, 251
Trd, 2591409.363, 249
Trd, 2591409.896, 251
Trd, 2591410.079, 247
Trd, 2591410.396, 260
Trd, 2591410.529, 261
Trd, 2591411.729, 256
Trd, 2591411.963, 254
Trd, 2591412.063, 253
Trd, 2591412.263, 265
Trd, 2591414.796, 254
Trd, 2591414.913, 246
Trd, 2591415.029, 244
Trd, 2591415.779, 240
Trd, 2591417.346, 256
Trd, 2591417.779, 244
Trd, 2591418.546, 258
Trd, 2591420.263, 258
Trd, 2591420.779, 260
Trd, 2591420.796, 265
Trd, 2591421.229, 268
Trd, 2591421.496, 259
Trd, 2591421.563, 257
Trd, 2591422.379, 252
Trd, 2591422.746, 251
Trd, 2591422.896, 260
Trd, 2591423.663, 261
Trd, 2591424.713, 254
Trd, 2591425.946, 250
Trd, 2591426.046, 254
Trd, 2591426.079, 247
Trd, 2591426.696, 247
Trd, 2591426.929, 242
Trd, 2591427.579, 233
Trd, 2591427.629, 261
Trd, 2591428.079, 263
Trd, 2591428.879, 271
Trd, 2591429.363, 245
Trd, 2591431.513, 250
Trd, 2591431.979, 250
Trd, 2591432.379, 252
Trd, 2591432.713, 258
Trd, 2591432.746, 253
Trd, 2591432.929, 253
Trd, 2591434.546, 262
Trd, 2591434.863, 254
Trd, 2591435.113, 253
Trd, 2591436.329, 264
Trd, 2591437.113, 255
Trd, 2591438.096, 252
Trd, 2591439.046, 256
Trd, 2591439.463, 247
Trd, 2591439.529, 246
Trd, 2591440.413, 252
Trd, 2591440.596, 242
Trd, 2591440.796, 239
Trd, 2591441.213, 251
Trd, 2591442.279, 243
Trd, 2591442.446, 239
Trd, 2591443.529, 236
Trd, 2591443.829, 248
Trd, 2591445.813, 240
Trd, 2591445.879, 252
Trd, 2591446.296, 257
Trd, 2591446.713, 255
Trd, 2591446.829, 255
Trd, 2591446.929, 253
Trd, 2591449.563, 252
Trd, 2591451.113, 252
Trd, 2591451.996, 249
Trd, 2591453.196, 252
Trd, 2591453.729, 251
Trd, 2591454.313, 251
Trd, 2591454.363, 265
Trd, 2591455.063, 253
Trd, 2591455.996, 254
Trd, 2591456.413, 253
Trd, 2591456.929, 260
Trd, 2591457.646, 242
Trd, 2591458.196, 243
Trd, 2591459.663, 254
Trd, 2591459.779, 259
Trd, 2591460.279, 265
Trd, 2591460.829, 249
Trd, 2591460.913, 248
Trd, 2591461.196, 262
Trd, 2591461.279, 247
Trd, 2591461.346, 265
Trd, 2591462.946, 255
Trd, 2591463.013, 249
Trd, 2591463.613, 248
Trd, 2591463.813, 241
Trd, 2591464.813, 237
Trd, 2591468.296, 254
Trd, 2591468.729, 262
Trd, 2591469.679, 261
Trd, 2591470.396, 253
Trd, 2591470.563, 252
Trd, 2591470.963, 254
Trd, 2591471.029, 251
Trd, 2591471.196, 262
Trd, 2591472.446, 246
Trd, 2591472.746, 258
Trd, 2591472.846, 243
Trd, 2591473.679, 244
Trd, 2591473.963, 247
Trd, 2591474.146, 243
Trd, 2591476.296, 241
Trd, 2591476.779, 239
Trd, 2591478.279, 247
Trd, 2591478.563, 248
Trd, 2591478.679, 251
Trd, 2591479.763, 254
Trd, 2591479.829, 258
Trd, 2591480.213, 243
Trd, 2591480.729, 244
Trd, 2591480.796, 262
Trd, 2591481.213, 242
Trd, 2591481.279, 241
Trd, 2591482.229, 265
Trd, 2591483.463, 253
Trd, 2591484.596, 251
Trd, 2591484.863, 250
Trd, 2591485.079, 263
Trd, 2591485.146, 268
Trd, 2591486.863, 273
Trd, 2591486.896, 272
Trd, 2591487.763, 271
Trd, 2591488.346, 265
Trd, 2591488.746, 262
Trd, 2591489.096, 245
Trd, 2591489.913, 244
Trd, 2591490.629, 240
Trd, 2591490.996, 231
Trd, 2591492.063, 251
Trd, 2591492.346, 256
Trd, 2591493.096, 246
Trd, 2591493.246, 244
Trd, 2591493.746, 255
Trd, 2591494.579, 251
Trd, 2591496.679, 240
Trd, 2591497.146, 259
Trd, 2591498.979, 260
Trd, 2591499.663, 251
Trd, 2591499.779, 251
Trd, 2591499.796, 250
Trd, 2591499.946, 264
Trd, 2591500.329, 248
Trd, 2591501.096, 265
Trd, 2591502.146, 263
Trd, 2591502.529, 255
Trd, 2591502.629, 271
Trd, 2591503.063, 251
Trd, 2591503.146, 249
Trd, 2591504.179, 261
Trd, 2591504.396, 246
Trd, 2591504.529, 244
Trd, 2591504.596, 253
Trd, 2591504.729, 243
Trd, 2591505.229, 239
Trd, 2591506.946, 244
Trd, 2591507.613, 248
Trd, 2591508.246, 247
Trd, 2591509.079, 254
Trd, 2591509.129, 255
Trd, 2591509.846, 259
Trd, 2591509.996, 249
Trd, 2591511.013, 251
Trd, 2591512.963, 258
Trd, 2591513.213, 262
Trd, 2591514.279, 265
Trd, 2591514.829, 268
Trd, 2591515.313, 268
Trd, 2591515.779, 265
Trd, 2591516.146, 265
Trd, 2591516.663, 263
Trd, 2591517.096, 262
Trd, 2591517.713, 256
Trd, 2591518.896, 254
Trd, 2591519.063, 263
Trd, 2591519.529, 251
Trd, 2591521.096, 244
Trd, 2591521.496, 243
Trd, 2591521.679, 259
Trd, 2591522.029, 243
Trd, 2591522.646, 239
Trd, 2591523.329, 249
Trd, 2591523.496, 234
Trd, 2591523.846, 256
Trd, 2591524.229, 257
Trd, 2591524.996, 258
Trd, 2591525.813, 265
Trd, 2591525.879, 234
Trd, 2591528.146, 233
Trd, 2591528.396, 231
Trd, 2591529.613, 237
Trd, 2591530.263, 238
Trd, 2591530.529, 235
Trd, 2591531.146, 249
Trd, 2591531.879, 244
Trd, 2591531.929, 243
Trd, 2591534.229, 249
Trd, 2591534.813, 251
Trd, 2591534.896, 251
Trd, 2591535.046, 250
Trd, 2591535.496, 244
Trd, 2591535.563, 258
Trd, 2591536.763, 243
Trd, 2591537.329, 264
Trd, 2591537.463, 265
Trd, 2591538.579, 251
Trd, 2591539.113, 244
Trd, 2591540.029, 244
Trd, 2591540.829, 266
Trd, 2591541.246, 245
Trd, 2591541.446, 266
Trd, 2591542.013, 267
Trd, 2591542.363, 243
Trd, 2591542.713, 262
Trd, 2591543.429, 242
Trd, 2591544.396, 262
Trd, 2591544.429, 268
Trd, 2591544.663, 249
Trd, 2591545.279, 244
Trd, 2591545.496, 277
Trd, 2591546.463, 241
Trd, 2591547.246, 236
Trd, 2591548.763, 230
Trd, 2591548.813, 223
Trd, 2591549.429, 218
Trd, 2591550.096, 224
Trd, 2591550.779, 264
Trd, 2591550.996, 265
Trd, 2591551.096, 244
Trd, 2591551.679, 248
Trd, 2591553.129, 249
Trd, 2591553.679, 250
Trd, 2591553.779, 251
Trd, 2591554.229, 251
Trd, 2591555.596, 251
Trd, 2591555.979, 248
Trd, 2591556.413, 258
Trd, 2591557.096, 253
Trd, 2591557.163, 245
Trd, 2591557.513, 262
Trd, 2591558.096, 244
Trd, 2591558.746, 268
Trd, 2591560.613, 246
Trd, 2591560.946, 268
Trd, 2591561.363, 247
Trd, 2591562.146, 248
Trd, 2591562.579, 246
Trd, 2591562.863, 261
Trd, 2591564.213, 258
Trd, 2591564.979, 253
Trd, 2591565.046, 247
Trd, 2591565.163, 254
Trd, 2591566.696, 245
Trd, 2591567.263, 242
Trd, 2591567.596, 256
Trd, 2591569.746, 244
Trd, 2591569.996, 248
Trd, 2591570.129, 251
Trd, 2591570.163, 246
Trd, 2591570.263, 258
Trd, 2591570.479, 245
Trd, 2591571.013, 243
Trd, 2591571.663, 235
Trd, 2591572.996, 235
Trd, 2591573.029, 259
Trd, 2591573.663, 234
Trd, 2591574.796, 235
Trd, 2591575.729, 232
Trd, 2591576.896, 262
Trd, 2591578.163, 245
Trd, 2591578.296, 246
Trd, 2591578.629, 245
Trd, 2591578.913, 244
Trd, 2591578.929, 243
Trd, 2591579.763, 249
Trd, 2591580.463, 265
Trd, 2591580.596, 243
Trd, 2591581.846, 266
Trd, 2591583.129, 266
Trd, 2591583.713, 245
Trd, 2591584.496, 245
Trd, 2591584.813, 250
Trd, 2591585.246, 263
Trd, 2591586.279, 264
Trd, 2591586.613, 258
Trd, 2591587.096, 259
Trd, 2591587.629, 258
Trd, 2591588.429, 253
Trd, 2591589.196, 266
Trd, 2591589.363, 253
Trd, 2591590.363, 254
Trd, 2591590.863, 251
Trd, 2591592.196, 248
Trd, 2591592.929, 248
Trd, 2591593.846, 246
Trd, 2591593.863, 249
Trd, 2591594.229, 245
Trd, 2591594.796, 250
Trd, 2591594.846, 244
Trd, 2591596.429, 244
Trd, 2591596.896, 244
Trd, 2591597.379, 267
Trd, 2591597.429, 244
Trd, 2591597.579, 253
Trd, 2591597.929, 242
Trd, 2591600.263, 246
Trd, 2591600.379, 250
Trd, 2591601.596, 245
Trd, 2591601.763, 248
Trd, 2591602.246, 241
Trd, 2591602.579, 237
Trd, 2591602.746, 244
Trd, 2591603.163, 248
Trd, 2591605.529, 255
Trd, 2591606.413, 263
Trd, 2591607.079, 239
Trd, 2591607.329, 230
Trd, 2591609.679, 258
Trd, 2591610.246, 259
Trd, 2591610.379, 261
Trd, 2591610.696, 264
Trd, 2591610.879, 259
Trd, 2591611.313, 258
Trd, 2591611.846, 254
Trd, 2591612.513, 259
Trd, 2591613.029, 247
Trd, 2591613.513, 246
Trd, 2591613.913, 244
Trd, 2591614.479, 246
Trd, 2591614.496, 245
Trd, 2591614.913, 248
Trd, 2591614.979, 241
Trd, 2591615.529, 251
Trd, 2591615.979, 258
Trd, 2591616.746, 247
Trd, 2591617.029, 234
Trd, 2591620.179, 262
Trd, 2591620.546, 263
Trd, 2591620.696, 239
Trd, 2591622.279, 263
Trd, 2591622.613, 255
Trd, 2591624.163, 261
Trd, 2591624.229, 260
Trd, 2591625.013, 260
Trd, 2591625.479, 259
Trd, 2591625.613, 261
Trd, 2591626.379, 261
Trd, 2591627.079, 260
Trd, 2591627.779, 256
Trd, 2591627.829, 262
Trd, 2591628.079, 255
Trd, 2591628.396, 243
Trd, 2591628.746, 243
Trd, 2591629.613, 240
Trd, 2591629.929, 263
Trd, 2591631.146, 255
Trd, 2591631.463, 265
Trd, 2591632.663, 237
Trd, 2591633.146, 242
Trd, 2591634.996, 250
Trd, 2591635.179, 252
Trd, 2591635.363, 252
Trd, 2591635.379, 251
Trd, 2591636.696, 248
Trd, 2591636.763, 257
Trd, 2591637.179, 257
Trd, 2591637.696, 257
Trd, 2591638.063, 254
Trd, 2591638.279, 258
Trd, 2591638.679, 267
Trd, 2591640.846, 265
Trd, 2591640.913, 243
Trd, 2591641.079, 262
Trd, 2591641.563, 241
Trd, 2591643.063, 251
Trd, 2591643.846, 254
Trd, 2591643.929, 258
Trd, 2591645.863, 243
Trd, 2591647.329, 245
Trd, 2591647.646, 248
Trd, 2591647.996, 245
Trd, 2591648.146, 268
Trd, 2591649.579, 259
Trd, 2591649.613, 245
Trd, 2591650.529, 242
Trd, 2591651.563, 242
Trd, 2591651.896, 258
Trd, 2591651.996, 241
Trd, 2591652.179, 261
Trd, 2591652.746, 242
Trd, 2591652.863, 241
Trd, 2591653.546, 247
Trd, 2591653.813, 261
Trd, 2591655.046, 264
Trd, 2591655.329, 265
Trd, 2591655.979, 245
Trd, 2591656.013, 241
Trd, 2591656.429, 240
Trd, 2591657.579, 256
Trd, 2591657.879, 237
Trd, 2591658.129, 242
Trd, 2591658.663, 256
Trd, 2591659.229, 243
Trd, 2591659.613, 244
Trd, 2591659.629, 243
Trd, 2591662.213, 256
Trd, 2591662.829, 257
Trd, 2591662.979, 256
Trd, 2591663.529, 251
Trd, 2591664.279, 252
Trd, 2591665.413, 253
Trd, 2591665.929, 254
Trd, 2591667.029, 253
Trd, 2591667.196, 254
Trd, 2591667.663, 254
Trd, 2591667.679, 244
Trd, 2591669.496, 255
Trd, 2591670.013, 256
Trd, 2591670.529, 254
Trd, 2591670.596, 258
Trd, 2591671.013, 254
Trd, 2591671.163, 262
Trd, 2591671.679, 265
Trd, 2591672.329, 268
Trd, 2591672.746, 254
Trd, 2591673.513, 251
Trd, 2591673.779, 259
Trd, 2591674.129, 245
Trd, 2591675.579, 241
Trd, 2591675.946, 230
Trd, 2591676.996, 231
Trd, 2591677.896, 234
Trd, 2591678.013, 258
Trd, 2591678.563, 237
Trd, 2591678.613, 259
Trd, 2591680.113, 244
Trd, 2591680.446, 262
Trd, 2591680.663, 242
Trd, 2591681.429, 268
Trd, 2591681.463, 241
Trd, 2591681.796, 270
Trd, 2591682.913, 245
Trd, 2591684.363, 255
Trd, 2591684.396, 271
Trd, 2591684.546, 254
Trd, 2591685.346, 272
Trd, 2591686.513, 253
Trd, 2591686.729, 251
Trd, 2591687.346, 243
Trd, 2591688.729, 258
Trd, 2591689.429, 243
Trd, 2591689.613, 242
Trd, 2591689.763, 248
Trd, 2591690.396, 228
Trd, 2591691.479, 232
Trd, 2591692.096, 245
Trd, 2591692.696, 251
Trd, 2591693.413, 256
Trd, 2591694.279, 246
Trd, 2591694.479, 256
Trd, 2591694.596, 245
Trd, 2591695.396, 257
Trd, 2591695.563, 258
Trd, 2591696.446, 247
Trd, 2591696.563, 245
Trd, 2591697.879, 245
Trd, 2591698.763, 240
Trd, 2591699.696, 229
Trd, 2591699.796, 226
Trd, 2591700.096, 231
Trd, 2591701.429, 247
Trd, 2591701.596, 247
Trd, 2591703.046, 262
Trd, 2591703.313, 264
Trd, 2591703.663, 262
Trd, 2591703.796, 255
Trd, 2591704.513, 262
Trd, 2591704.963, 264
Trd, 2591705.313, 267
Trd, 2591706.129, 268
Trd, 2591706.596, 263
Trd, 2591706.663, 262
Trd, 2591707.129, 263
Trd, 2591707.846, 261
Trd, 2591708.096, 251
Trd, 2591708.763, 238
Trd, 2591710.113, 262
Trd, 2591711.946, 254
Trd, 2591712.179, 255
Trd, 2591712.763, 255
Trd, 2591713.813, 247
Trd, 2591714.063, 253
Trd, 2591714.363, 254
Trd, 2591714.729, 249
Trd, 2591714.813, 245
Trd, 2591715.296, 240
Trd, 2591715.863, 239
Trd, 2591715.896, 253
Trd, 2591716.529, 233
Trd, 2591718.046, 254
Trd, 2591719.213, 252
Trd, 2591719.613, 242
Trd, 2591722.113, 255
Trd, 2591722.313, 256
Trd, 2591722.346, 254
Trd, 2591722.496, 258
Trd, 2591723.029, 255
Trd, 2591724.129, 253
Trd, 2591725.446, 247
Trd, 2591725.463, 250
Trd, 2591725.763, 248
Trd, 2591727.496, 248
Trd, 2591727.729, 244
Trd, 2591728.013, 244
Trd, 2591728.829, 247
Trd, 2591729.213, 247
Trd, 2591730.263, 240
Trd, 2591730.346, 248
Trd, 2591730.379, 239
Trd, 2591730.563, 234
Trd, 2591732.246, 228
Trd, 2591732.929, 230
Trd, 2591733.263, 251
Trd, 2591733.996, 258
Trd, 2591735.729, 249
Trd, 2591735.796, 262
Trd, 2591735.963, 249
Trd, 2591736.129, 262
Trd, 2591736.579, 251
Trd, 2591738.529, 252
Trd, 2591738.729, 252
Trd, 2591738.763, 243
Trd, 2591740.179, 245
Trd, 2591740.246, 264
Trd, 2591740.529, 268
Trd, 2591740.596, 251
Trd, 2591741.613, 247
Trd, 2591741.729, 268
Trd, 2591741.879, 247
Trd, 2591743.329, 247
Trd, 2591743.529, 239
Trd, 2591743.796, 261
Trd, 2591745.596, 245
Trd, 2591745.763, 263
Trd, 2591745.829, 266
Trd, 2591746.246, 254
Trd, 2591748.229, 249
Trd, 2591749.179, 253
Trd, 2591749.863, 254
Trd, 2591750.229, 256
Trd, 2591750.263, 258
Trd, 2591751.029, 257
Trd, 2591751.079, 251
Trd, 2591751.946, 239
Trd, 2591753.313, 246
Trd, 2591753.679, 254
Trd, 2591753.729, 258
Trd, 2591754.246, 262
Trd, 2591756.229, 259
Trd, 2591756.963, 261
Trd, 2591757.246, 260
Trd, 2591757.429, 261
Trd, 2591757.496, 259
Trd, 2591757.696, 262
Trd, 2591757.729, 258
Trd, 2591758.063, 265
Trd, 2591758.246, 253
Trd, 2591760.029, 255
Trd, 2591761.013, 246
Trd, 2591762.163, 244
Trd, 2591762.613, 253
Trd, 2591763.946, 252
Trd, 2591764.446, 254
Trd, 2591764.763, 255
Trd, 2591764.963, 251
Trd, 2591765.046, 238
Trd, 2591766.679, 257
Trd, 2591766.813, 249
Trd, 2591767.546, 244
Trd, 2591767.846, 258
Trd, 2591768.729, 257
Trd, 2591768.863, 240
Trd, 2591768.963, 264
Trd, 2591769.329, 239
Trd, 2591769.529, 236
Trd, 2591770.129, 265
Trd, 2591770.246, 268
Trd, 2591771.196, 234
Trd, 2591773.246, 235
Trd, 2591773.479, 240
Trd, 2591774.946, 252
Trd, 2591775.846, 242
Trd, 2591777.096, 246
Trd, 2591778.163, 255
Trd, 2591778.179, 245
Trd, 2591779.663, 249
Trd, 2591780.096, 249
Trd, 2591780.463, 245
Trd, 2591780.613, 254
Trd, 2591780.679, 243
Trd, 2591781.096, 255
Trd, 2591781.429, 254
Trd, 2591782.113, 251
Trd, 2591782.429, 256
Trd, 2591782.563, 258
Trd, 2591782.763, 241
Trd, 2591783.046, 240
Trd, 2591783.646, 242
Trd, 2591784.513, 257
Trd, 2591786.546, 256
Trd, 2591786.579, 254
Trd, 2591787.063, 252
Trd, 2591787.163, 251
Trd, 2591788.346, 238
Trd, 2591788.546, 254
Trd, 2591788.563, 255
Trd, 2591789.829, 231
Trd, 2591790.046, 227
Trd, 2591790.613, 236
Trd, 2591792.513, 246
Trd, 2591792.729, 258
Trd, 2591793.213, 258
Trd, 2591793.979, 250
Trd, 2591794.413, 254
Trd, 2591794.829, 263
Trd, 2591795.713, 265
Trd, 2591796.579, 253
Trd, 2591796.596, 255
Trd, 2591797.029, 255
Trd, 2591797.096, 253
Trd, 2591799.363, 258
Trd, 2591799.946, 260
Trd, 2591800.213, 259
Trd, 2591800.896, 258
Trd, 2591801.029, 259
Trd, 2591801.379, 265
Trd, 2591802.563, 245
Trd, 2591802.779, 244
Trd, 2591802.979, 241
Trd, 2591803.763, 233
Trd, 2591804.813, 233
Trd, 2591805.163, 233
Trd, 2591806.029, 227
Trd, 2591806.179, 224
Trd, 2591806.313, 229
Trd, 2591807.929, 234
Trd, 2591808.329, 239
Trd, 2591809.196, 233
Trd, 2591809.896, 242
Trd, 2591810.313, 248
Trd, 2591810.546, 244
Trd, 2591811.063, 251
Trd, 2591811.096, 244
Trd, 2591812.113, 259
Trd, 2591812.896, 244
Trd, 2591813.779, 255
Trd, 2591815.079, 260
Trd, 2591815.463, 265
Trd, 2591815.763, 260
Trd, 2591816.163, 261
Trd, 2591816.196, 260
Trd, 2591816.346, 257
Trd, 2591816.646, 256
Trd, 2591816.729, 233
Trd, 2591817.529, 248
Trd, 2591817.846, 244
Trd, 2591819.029, 252
Trd, 2591819.246, 240
Trd, 2591821.396, 246
Trd, 2591822.979, 246
Trd, 2591823.296, 253
Trd, 2591823.396, 254
Trd, 2591823.496, 245
Trd, 2591824.513, 258
Trd, 2591825.713, 259
Trd, 2591825.763, 263
Trd, 2591825.829, 258
Trd, 2591826.579, 258
Trd, 2591827.146, 265
Trd, 2591827.529, 268
Trd, 2591828.496, 253
Trd, 2591828.846, 251
Trd, 2591828.963, 263
Trd, 2591829.013, 244
Trd, 2591829.046, 231
Trd, 2591829.896, 240
Trd, 2591832.363, 249
Trd, 2591833.929, 244
Trd, 2591834.246, 244
Trd, 2591834.529, 244
Trd, 2591835.829, 244
Trd, 2591836.313, 243
Trd, 2591839.013, 255
Trd, 2591839.729, 255
Trd, 2591840.346, 255
Trd, 2591840.446, 256
Trd, 2591840.546, 245
Trd, 2591840.813, 255
Trd, 2591841.313, 250
Trd, 2591841.529, 258
Trd, 2591842.679, 245
Trd, 2591843.213, 259
Trd, 2591843.863, 248
Trd, 2591843.996, 244
Trd, 2591844.029, 242
Trd, 2591844.179, 262
Trd, 2591845.563, 265
Trd, 2591845.679, 238
Trd, 2591845.846, 268
Trd, 2591846.929, 249
Trd, 2591847.096, 250
Trd, 2591847.263, 257
Trd, 2591848.363, 239
Trd, 2591848.813, 230
Trd, 2591850.896, 237
Trd, 2591851.563, 250
Trd, 2591853.113, 247
Trd, 2591853.229, 251
Trd, 2591853.246, 246
Trd, 2591853.579, 246
Trd, 2591853.796, 245
Trd, 2591854.229, 243
Trd, 2591854.629, 253
Trd, 2591855.579, 255
Trd, 2591855.596, 243
Trd, 2591855.713, 242
Trd, 2591858.463, 250
Trd, 2591858.879, 249
Trd, 2591859.096, 249
Trd, 2591859.863, 254
Trd, 2591860.163, 251
Trd, 2591860.313, 256
Trd, 2591861.296, 257
Trd, 2591861.513, 252
Trd, 2591862.463, 256
Trd, 2591862.913, 255
Trd, 2591863.163, 257
Trd, 2591863.329, 258
Trd, 2591864.096, 255
Trd, 2591865.246, 259
Trd, 2591865.896, 256
Trd, 2591866.096, 268
Trd, 2591866.213, 245
Trd, 2591866.513, 241
Trd, 2591868.279, 241
Trd, 2591868.313, 262
Trd, 2591870.696, 259
Trd, 2591870.929, 244
Trd, 2591872.129, 259
Trd, 2591872.163, 255
Trd, 2591872.629, 253
Trd, 2591873.413, 249
Trd, 2591873.896, 250
Trd, 2591874.013, 249
Trd, 2591874.329, 248
Trd, 2591874.613, 247
Trd, 2591875.613, 244
Trd, 2591876.146, 246
Trd, 2591876.379, 242
Trd, 2591876.846, 251
Trd, 2591877.663, 243
Trd, 2591878.029, 247
Trd, 2591878.279, 242
Trd, 2591879.013, 251
Trd, 2591880.913, 257
Trd, 2591881.546, 258
Trd, 2591882.013, 259
Trd, 2591882.113, 260
Trd, 2591882.413, 258
Trd, 2591882.529, 253
Trd, 2591883.229, 251
Trd, 2591884.313, 245
Trd, 2591884.379, 244
Trd, 2591884.563, 263
Trd, 2591886.313, 249
Trd, 2591887.629, 248
Trd, 2591888.546, 255
Trd, 2591888.946, 247
Trd, 2591889.079, 248
Trd, 2591890.279, 259
Trd, 2591890.346, 260
Trd, 2591890.396, 253
Trd, 2591890.563, 247
Trd, 2591892.729, 247
Trd, 2591893.029, 245
Trd, 2591893.546, 242
Trd, 2591894.113, 243
Trd, 2591894.329, 263
Trd, 2591894.346, 240
Trd, 2591895.813, 234
Trd, 2591897.146, 232
Trd, 2591897.396, 238
Trd, 2591897.546, 252
Trd, 2591897.679, 261
Trd, 2591898.796, 235
Trd, 2591899.063, 265
Trd, 2591899.696, 265
Trd, 2591900.879, 258
Trd, 2591901.013, 257
Trd, 2591901.096, 255
Trd, 2591901.146, 263
Trd, 2591901.329, 268
Trd, 2591902.679, 249
Trd, 2591903.279, 246
Trd, 2591903.446, 245
Trd, 2591903.863, 240
Trd, 2591903.979, 272
Trd, 2591905.613, 245
Trd, 2591906.213, 244
Trd, 2591907.113, 243
Trd, 2591908.579, 245
Trd, 2591908.963, 258
Trd, 2591911.296, 252
Trd, 2591911.913, 248
Trd, 2591912.279, 247
Trd, 2591913.296, 248
Trd, 2591913.346, 251
Trd, 2591913.479, 247
Trd, 2591913.646, 251
Trd, 2591913.713, 253
Trd, 2591914.296, 258
Trd, 2591914.529, 262
Trd, 2591915.279, 239
Trd, 2591915.763, 252
Trd, 2591916.063, 246
Trd, 2591916.763, 259
Trd, 2591916.896, 247
Trd, 2591917.696, 258
Trd, 2591918.796, 253
Trd, 2591919.129, 252
Trd, 2591920.113, 255
Trd, 2591921.246, 250
Trd, 2591921.763, 245
Trd, 2591921.946, 245
Trd, 2591924.346, 249
Trd, 2591924.713, 247
Trd, 2591925.796, 250
Trd, 2591925.863, 248
Trd, 2591925.913, 247
Trd, 2591926.346, 251
Trd, 2591926.913, 247
Trd, 2591928.179, 258
Trd, 2591928.613, 263
Trd, 2591928.963, 257
Trd, 2591929.446, 253
Trd, 2591929.479, 264
Trd, 2591930.013, 255
Trd, 2591931.329, 251
Trd, 2591932.246, 245
Trd, 2591933.529, 248
Trd, 2591934.179, 255
Trd, 2591934.896, 257
Trd, 2591935.713, 250
Trd, 2591936.196, 244
Trd, 2591936.579, 256
Trd, 2591938.129, 242
Trd, 2591939.046, 240
Trd, 2591939.113, 238
Trd, 2591939.846, 251
Trd, 2591939.896, 233
Trd, 2591939.979, 258
Trd, 2591939.996, 263
Trd, 2591940.896, 245
Trd, 2591941.896, 245
Trd, 2591942.229, 244
Trd, 2591942.246, 241
Trd, 2591942.396, 234
Trd, 2591942.546, 247
Trd, 2591944.463, 257
Trd, 2591945.346, 244
Trd, 2591946.179, 247
Trd, 2591946.346, 247
Trd, 2591948.629, 246
Trd, 2591948.646, 248
Trd, 2591948.863, 242
Trd, 2591948.979, 242
Trd, 2591949.846, 258
Trd, 2591950.013, 265
Trd, 2591950.363, 263
Trd, 2591952.913, 255
Trd, 2591953.279, 254
Trd, 2591953.396, 253
Trd, 2591953.496, 249
Trd, 2591953.913, 262
Trd, 2591954.446, 243
Trd, 2591954.463, 250
Trd, 2591955.029, 261
Trd, 2591955.829, 239
Trd, 2591955.996, 235
Trd, 2591956.513, 265
Trd, 2591957.029, 263
Trd, 2591957.446, 256
Trd, 2591957.863, 268
Trd, 2591959.113, 249
Trd, 2591960.579, 241
Trd, 2591961.346, 228
Trd, 2591961.396, 252
Trd, 2591961.996, 253
Trd, 2591962.029, 253
Trd, 2591963.846, 236
Trd, 2591964.329, 240
Trd, 2591964.979, 259
Trd, 2591966.113, 246
Trd, 2591968.079, 249
Trd, 2591968.329, 248
Trd, 2591968.513, 246
Trd, 2591969.379, 232
Trd, 2591970.279, 234
Trd, 2591970.579, 234
Trd, 2591971.063, 233
Trd, 2591971.113, 238
Trd, 2591971.696, 229
Trd, 2591971.829, 251
Trd, 2591972.463, 235
Trd, 2591972.529, 248
Trd, 2591973.229, 258
Trd, 2591974.679, 243
Trd, 2591975.096, 241
Trd, 2591975.796, 241
Trd, 2591976.279, 240
Trd, 2591976.529, 238
Trd, 2591976.779, 258
Trd, 2591977.096, 234
Trd, 2591979.329, 253
Trd, 2591979.513, 237
Trd, 2591979.546, 262
Trd, 2591980.796, 248
Trd, 2591982.429, 249
Trd, 2591982.613, 250
Trd, 2591982.846, 250
Trd, 2591983.163, 248
Trd, 2591983.429, 251
Trd, 2591983.579, 262
Trd, 2591983.779, 265
Trd, 2591984.229, 268
Trd, 2591984.963, 272
Trd, 2591985.263, 239
Trd, 2591986.946, 260
Trd, 2591988.346, 248
Trd, 2591988.829, 250
Trd, 2591989.146, 256
Trd, 2591989.363, 258
Trd, 2591989.796, 254
Trd, 2591990.029, 252
Trd, 2591990.796, 261
Trd, 2591992.029, 245
Trd, 2591992.046, 244
Trd, 2591992.513, 263
Trd, 2591992.746, 255
Trd, 2591993.079, 241
Trd, 2591993.513, 237
Trd, 2591994.313, 238
Trd, 2591994.963, 240
Trd, 2591995.596, 242
Trd, 2591995.846, 241
Trd, 2591995.913, 240
Trd, 2591997.579, 263
Trd, 2591997.629, 265
Trd, 2591998.713, 274
Trd, 2591999.529, 265
Trd, 2591999.663, 266
