Trd, 2590696.979, 250
Trd, 2590697.129, 248
Trd, 2590697.446, 244
Trd, 2590698.479, 239
Trd, 2590698.679, 237
Trd, 2590699.529, 234
Trd, 2590699.579, 233
Trd, 2590699.829, 257
Trd, 2590699.929, 259
Trd, 2590699.963, 266
Trd, 2590701.146, 236
Trd, 2590701.479, 267
Trd, 2590701.779, 241
Trd, 2590702.796, 250
Trd, 2590702.979, 237
Trd, 2590703.563, 257
Trd, 2590704.013, 229
Trd, 2590704.196, 227
Trd, 2590705.163, 255
Trd, 2590705.346, 258
Trd, 2590706.079, 226
Trd, 2590707.263, 231
Trd, 2590707.613, 239
Trd, 2590707.979, 251
Trd, 2590708.613, 262
Trd, 2590709.679, 243
Trd, 2590710.096, 244
Trd, 2590710.329, 230
Trd, 2590710.763, 237
Trd, 2590711.146, 265
Trd, 2590711.779, 266
Trd, 2590712.163, 234
Trd, 2590712.696, 233
Trd, 2590712.729, 232
Trd, 2590712.813, 234
Trd, 2590714.063, 264
Trd, 2590715.613, 268
Trd, 2590715.846, 273
Trd, 2590715.896, 255
Trd, 2590715.929, 234
Trd, 2590717.646, 249
Trd, 2590718.929, 252
Trd, 2590719.663, 250
Trd, 2590720.129, 252
Trd, 2590720.763, 241
Trd, 2590721.513, 244
Trd, 2590721.613, 242
Trd, 2590721.879, 240
Trd, 2590724.129, 250
Trd, 2590724.379, 240
Trd, 2590725.629, 247
Trd, 2590725.746, 248
Trd, 2590726.279, 242
Trd, 2590726.646, 248
Trd, 2590727.229, 242
Trd, 2590727.496, 259
Trd, 2590727.529, 239
Trd, 2590727.546, 238
Trd, 2590727.913, 257
Trd, 2590729.746, 239
Trd, 2590730.163, 245
Trd, 2590731.146, 262
Trd, 2590731.396, 238
Trd, 2590731.679, 265
Trd, 2590732.246, 236
Trd, 2590732.463, 270
Trd, 2590733.246, 232
Trd, 2590733.329, 260
Trd, 2590734.279, 233
Trd, 2590734.579, 231
Trd, 2590734.829, 252
Trd, 2590735.779, 268
Trd, 2590736.796, 255
Trd, 2590737.279, 248
Trd, 2590739.363, 260
Trd, 2590739.429, 239
Trd, 2590740.113, 262
Trd, 2590740.196, 263
Trd, 2590742.396, 240
Trd, 2590742.829, 237
Trd, 2590743.663, 255
Trd, 2590743.813, 258
Trd, 2590744.379, 250
Trd, 2590745.529, 239
Trd, 2590746.313, 259
Trd, 2590747.896, 255
Trd, 2590748.029, 257
Trd, 2590748.246, 245
Trd, 2590748.596, 243
Trd, 2590748.979, 241
Trd, 2590749.029, 261
Trd, 2590749.679, 262
Trd, 2590750.246, 244
Trd, 2590750.379, 261
Trd, 2590752.596, 246
Trd, 2590752.646, 244
Trd, 2590752.796, 263
Trd, 2590753.696, 264
Trd, 2590754.213, 267
Trd, 2590754.696, 245
Trd, 2590754.863, 244
Trd, 2590754.979, 258
Trd, 2590756.479, 255
Trd, 2590756.563, 254
Trd, 2590756.679, 248
Trd, 2590757.446, 246
Trd, 2590757.896, 256
Trd, 2590758.629, 240
Trd, 2590759.796, 261
Trd, 2590759.996, 249
Trd, 2590760.979, 236
Trd, 2590761.129, 264
Trd, 2590762.679, 255
Trd, 2590762.796, 236
Trd, 2590763.296, 261
Trd, 2590763.896, 235
Trd, 2590764.146, 240
Trd, 2590764.713, 233
Trd, 2590765.429, 259
Trd, 2590766.313, 233
Trd, 2590766.396, 227
Trd, 2590766.496, 224
Trd, 2590766.746, 234
Trd, 2590768.113, 242
Trd, 2590769.896, 257
Trd, 2590769.979, 260
Trd, 2590770.563, 253
Trd, 2590771.563, 259
Trd, 2590771.946, 258
Trd, 2590772.029, 257
Trd, 2590772.613, 248
Trd, 2590773.463, 242
Trd, 2590773.529, 244
Trd, 2590774.529, 254
Trd, 2590775.213, 249
Trd, 2590775.913, 256
Trd, 2590776.563, 251
Trd, 2590776.629, 257
Trd, 2590777.113, 262
Trd, 2590777.546, 268
Trd, 2590780.029, 256
Trd, 2590780.229, 258
Trd, 2590780.263, 251
Trd, 2590780.529, 248
Trd, 2590781.413, 241
Trd, 2590781.496, 266
Trd, 2590781.646, 272
Trd, 2590781.796, 240
Trd, 2590781.813, 275
Trd, 2590782.396, 237
Trd, 2590782.429, 232
Trd, 2590783.246, 229
Trd, 2590783.529, 282
Trd, 2590786.196, 263
Trd, 2590786.279, 264
Trd, 2590786.813, 263
Trd, 2590787.279, 263
Trd, 2590787.429, 258
Trd, 2590788.529, 263
Trd, 2590788.863, 249
Trd, 2590788.946, 248
Trd, 2590789.663, 231
Trd, 2590790.413, 261
Trd, 2590791.363, 241
Trd, 2590791.646, 262
Trd, 2590792.929, 253
Trd, 2590794.596, 241
Trd, 2590794.613, 238
Trd, 2590794.829, 237
Trd, 2590795.629, 235
Trd, 2590795.679, 243
Trd, 2590795.696, 249
Trd, 2590796.129, 251
Trd, 2590797.029, 256
Trd, 2590797.913, 258
Trd, 2590798.296, 239
Trd, 2590799.529, 244
Trd, 2590799.629, 257
Trd, 2590799.829, 246
Trd, 2590800.396, 257
Trd, 2590800.629, 262
Trd, 2590800.663, 245
Trd, 2590801.446, 268
Trd, 2590801.679, 235
Trd, 2590802.196, 235
Trd, 2590803.296, 237
Trd, 2590805.846, 236
Trd, 2590806.029, 234
Trd, 2590806.163, 241
Trd, 2590806.196, 259
Trd, 2590806.279, 266
Trd, 2590806.413, 268
Trd, 2590806.479, 241
Trd, 2590806.879, 231
Trd, 2590808.446, 266
Trd, 2590808.796, 255
Trd, 2590809.496, 264
Trd, 2590810.113, 238
Trd, 2590810.579, 241
Trd, 2590811.296, 261
Trd, 2590811.496, 262
Trd, 2590811.996, 264
Trd, 2590812.946, 255
Trd, 2590812.963, 253
Trd, 2590813.529, 248
Trd, 2590814.113, 268
Trd, 2590814.196, 245
Trd, 2590814.329, 244
Trd, 2590816.813, 238
Trd, 2590817.046, 237
Trd, 2590817.929, 265
Trd, 2590818.746, 255
Trd, 2590820.563, 238
Trd, 2590821.396, 236
Trd, 2590821.446, 235
Trd, 2590821.613, 237
Trd, 2590821.879, 241
Trd, 2590822.029, 261
Trd, 2590822.196, 238
Trd, 2590822.346, 262
Trd, 2590822.763, 237
Trd, 2590824.329, 239
Trd, 2590824.796, 231
Trd, 2590825.529, 229
Trd, 2590825.896, 245
Trd, 2590827.746, 243
Trd, 2590827.913, 234
Trd, 2590828.696, 244
Trd, 2590828.829, 234
Trd, 2590828.929, 245
Trd, 2590829.596, 235
Trd, 2590829.913, 261
Trd, 2590830.046, 234
Trd, 2590831.579, 268
Trd, 2590832.279, 238
Trd, 2590833.946, 244
Trd, 2590834.213, 243
Trd, 2590834.646, 245
Trd, 2590835.846, 256
Trd, 2590836.113, 255
Trd, 2590837.429, 259
Trd, 2590837.963, 260
Trd, 2590838.729, 246
Trd, 2590838.929, 260
Trd, 2590838.963, 245
Trd, 2590839.529, 245
Trd, 2590839.629, 241
Trd, 2590840.446, 262
Trd, 2590840.496, 270
Trd, 2590840.546, 240
Trd, 2590842.629, 245
Trd, 2590843.296, 246
Trd, 2590845.679, 241
Trd, 2590846.263, 238
Trd, 2590846.796, 237
Trd, 2590847.096, 251
Trd, 2590847.613, 251
Trd, 2590848.213, 236
Trd, 2590848.496, 237
Trd, 2590848.579, 244
Trd, 2590849.429, 259
Trd, 2590849.546, 240
Trd, 2590850.313, 261
Trd, 2590851.029, 245
Trd, 2590851.046, 261
Trd, 2590851.196, 262
Trd, 2590851.863, 246
Trd, 2590852.279, 244
Trd, 2590852.446, 263
Trd, 2590853.296, 260
Trd, 2590853.463, 268
Trd, 2590853.729, 237
Trd, 2590855.063, 245
Trd, 2590855.429, 234
Trd, 2590856.379, 230
Trd, 2590857.063, 234
Trd, 2590858.113, 235
Trd, 2590858.363, 230
Trd, 2590858.413, 238
Trd, 2590858.846, 230
Trd, 2590859.746, 233
Trd, 2590860.113, 241
Trd, 2590860.913, 265
Trd, 2590861.746, 267
Trd, 2590862.363, 268
Trd, 2590862.563, 272
Trd, 2590863.279, 247
Trd, 2590864.329, 255
Trd, 2590864.529, 274
Trd, 2590865.463, 247
Trd, 2590865.596, 264
Trd, 2590865.929, 239
Trd, 2590866.529, 258
Trd, 2590867.546, 242
Trd, 2590868.129, 243
Trd, 2590868.396, 241
Trd, 2590869.213, 241
Trd, 2590869.729, 237
Trd, 2590870.746, 238
Trd, 2590870.863, 252
Trd, 2590871.496, 256
Trd, 2590872.479, 238
Trd, 2590872.846, 248
Trd, 2590873.229, 258
Trd, 2590873.379, 247
Trd, 2590873.779, 234
Trd, 2590874.979, 252
Trd, 2590875.146, 236
Trd, 2590875.229, 235
Trd, 2590875.563, 262
Trd, 2590877.029, 267
Trd, 2590877.329, 239
Trd, 2590879.163, 238
Trd, 2590880.046, 237
Trd, 2590880.329, 238
Trd, 2590880.679, 238
Trd, 2590881.229, 240
Trd, 2590881.396, 241
Trd, 2590881.763, 237
Trd, 2590882.246, 234
Trd, 2590882.363, 251
Trd, 2590883.313, 267
Trd, 2590884.446, 236
Trd, 2590884.663, 230
Trd, 2590885.063, 234
Trd, 2590886.463, 230
Trd, 2590886.896, 228
Trd, 2590887.813, 248
Trd, 2590888.496, 258
Trd, 2590888.863, 228
Trd, 2590889.463, 226
Trd, 2590889.829, 258
Trd, 2590890.163, 262
Trd, 2590890.496, 268
Trd, 2590891.163, 249
Trd, 2590891.496, 247
Trd, 2590892.696, 260
Trd, 2590892.996, 259
Trd, 2590893.096, 264
Trd, 2590893.129, 255
Trd, 2590893.163, 237
Trd, 2590894.629, 259
Trd, 2590896.313, 259
Trd, 2590896.546, 254
Trd, 2590897.329, 251
Trd, 2590898.429, 250
Trd, 2590898.879, 260
Trd, 2590899.263, 248
Trd, 2590900.129, 250
Trd, 2590900.179, 244
Trd, 2590900.479, 237
Trd, 2590901.096, 237
Trd, 2590901.513, 234
Trd, 2590901.563, 256
Trd, 2590902.529, 257
Trd, 2590903.396, 257
Trd, 2590903.879, 253
Trd, 2590905.163, 249
Trd, 2590905.813, 240
Trd, 2590905.979, 257
Trd, 2590906.479, 241
Trd, 2590906.529, 268
Trd, 2590906.946, 271
Trd, 2590908.446, 243
Trd, 2590909.579, 248
Trd, 2590909.746, 243
Trd, 2590910.296, 259
Trd, 2590910.313, 242
Trd, 2590910.496, 241
Trd, 2590910.679, 266
Trd, 2590910.946, 268
Trd, 2590911.396, 238
Trd, 2590912.379, 249
Trd, 2590913.113, 235
Trd, 2590913.346, 227
Trd, 2590913.946, 226
Trd, 2590915.029, 236
Trd, 2590915.429, 237
Trd, 2590916.046, 225
Trd, 2590916.779, 239
Trd, 2590916.846, 258
Trd, 2590917.979, 233
Trd, 2590919.279, 233
Trd, 2590919.396, 234
Trd, 2590919.746, 239
Trd, 2590920.329, 241
Trd, 2590920.379, 245
Trd, 2590921.079, 262
Trd, 2590921.663, 260
Trd, 2590922.413, 245
Trd, 2590922.563, 244
Trd, 2590922.646, 261
Trd, 2590923.429, 244
Trd, 2590924.346, 244
Trd, 2590924.563, 235
Trd, 2590925.479, 249
Trd, 2590925.946, 251
Trd, 2590927.196, 259
Trd, 2590927.996, 242
Trd, 2590928.379, 252
Trd, 2590929.429, 247
Trd, 2590929.796, 242
Trd, 2590930.546, 246
Trd, 2590931.263, 259
Trd, 2590932.179, 249
Trd, 2590932.379, 261
Trd, 2590932.913, 248
Trd, 2590933.779, 247
Trd, 2590933.913, 246
Trd, 2590934.213, 244
Trd, 2590935.163, 266
Trd, 2590935.196, 263
Trd, 2590936.529, 241
Trd, 2590936.946, 259
Trd, 2590937.746, 258
Trd, 2590937.779, 236
Trd, 2590938.463, 237
Trd, 2590938.613, 236
Trd, 2590940.079, 239
Trd, 2590940.096, 254
Trd, 2590940.329, 256
Trd, 2590941.063, 238
Trd, 2590941.613, 268
Trd, 2590941.929, 238
Trd, 2590942.663, 262
Trd, 2590942.979, 255
Trd, 2590946.979, 259
Trd, 2590947.396, 257
Trd, 2590947.629, 260
Trd, 2590948.496, 255
Trd, 2590949.146, 262
Trd, 2590949.563, 253
Trd, 2590949.946, 251
Trd, 2590950.613, 248
Trd, 2590950.879, 244
Trd, 2590951.229, 239
Trd, 2590951.579, 238
Trd, 2590951.979, 258
Trd, 2590952.113, 237
Trd, 2590952.729, 256
Trd, 2590953.463, 246
Trd, 2590953.946, 237
Trd, 2590954.146, 257
Trd, 2590954.196, 258
Trd, 2590954.346, 238
Trd, 2590955.063, 238
Trd, 2590955.079, 265
Trd, 2590956.096, 234
Trd, 2590956.729, 258
Trd, 2590956.879, 265
Trd, 2590957.646, 241
Trd, 2590958.329, 267
Trd, 2590961.813, 256
Trd, 2590961.863, 255
Trd, 2590962.896, 255
Trd, 2590963.713, 255
Trd, 2590963.729, 258
Trd, 2590963.746, 265
Trd, 2590964.529, 248
Trd, 2590964.846, 244
Trd, 2590965.879, 237
Trd, 2590967.196, 241
Trd, 2590967.463, 240
Trd, 2590967.513, 233
Trd, 2590968.546, 232
Trd, 2590968.596, 240
Trd, 2590968.946, 241
Trd, 2590969.079, 244
Trd, 2590969.979, 258
Trd, 2590970.663, 257
Trd, 2590971.096, 262
Trd, 2590971.279, 254
Trd, 2590973.096, 232
Trd, 2590974.546, 237
Trd, 2590975.063, 241
Trd, 2590975.329, 240
Trd, 2590975.379, 238
Trd, 2590975.529, 244
Trd, 2590975.713, 264
Trd, 2590975.896, 231
Trd, 2590976.263, 266
Trd, 2590976.363, 230
Trd, 2590978.879, 240
Trd, 2590979.046, 240
Trd, 2590979.829, 242
Trd, 2590979.879, 243
Trd, 2590980.046, 244
Trd, 2590980.579, 232
Trd, 2590983.229, 234
Trd, 2590984.363, 255
Trd, 2590985.829, 239
Trd, 2590986.379, 242
Trd, 2590986.846, 240
Trd, 2590987.113, 240
Trd, 2590987.179, 242
Trd, 2590987.813, 240
Trd, 2590988.113, 241
Trd, 2590988.763, 234
Trd, 2590989.163, 245
Trd, 2590989.579, 260
Trd, 2590989.679, 256
Trd, 2590989.796, 255
Trd, 2590989.996, 262
Trd, 2590990.363, 230
Trd, 2590991.346, 235
Trd, 2590991.363, 229
Trd, 2590992.946, 229
Trd, 2590992.963, 258
Trd, 2590993.579, 258
Trd, 2590993.979, 241
Trd, 2590994.196, 227
Trd, 2590994.613, 249
Trd, 2590995.563, 250
Trd, 2590998.296, 253
Trd, 2590998.679, 254
Trd, 2590998.696, 262
Trd, 2590999.329, 272
Trd, 2590999.579, 272
Trd, 2590999.713, 254
Trd, 2591000.646, 268
Trd, 2591000.863, 253
Trd, 2591001.179, 237
Trd, 2591001.346, 239
Trd, 2591001.829, 234
Trd, 2591002.613, 236
Trd, 2591003.463, 234
Trd, 2591004.129, 235
Trd, 2591004.413, 227
Trd, 2591005.279, 241
Trd, 2591007.063, 238
Trd, 2591007.329, 229
Trd, 2591007.463, 240
Trd, 2591008.829, 234
Trd, 2591008.979, 238
Trd, 2591009.196, 231
Trd, 2591009.679, 241
Trd, 2591010.446, 247
Trd, 2591011.546, 242
Trd, 2591011.629, 258
Trd, 2591012.063, 240
Trd, 2591012.946, 244
Trd, 2591013.613, 256
Trd, 2591014.479, 247
Trd, 2591014.946, 262
Trd, 2591015.979, 267
Trd, 2591016.029, 257
Trd, 2591016.346, 255
Trd, 2591016.646, 264
Trd, 2591017.146, 247
Trd, 2591017.379, 258
Trd, 2591017.529, 240
Trd, 2591017.629, 266
Trd, 2591019.846, 259
Trd, 2591020.096, 243
Trd, 2591020.596, 243
Trd, 2591020.679, 268
Trd, 2591021.796, 274
Trd, 2591021.829, 269
Trd, 2591022.429, 265
Trd, 2591022.729, 238
Trd, 2591022.779, 236
Trd, 2591023.546, 231
Trd, 2591023.946, 264
Trd, 2591024.879, 233
Trd, 2591025.796, 261
Trd, 2591027.196, 239
Trd, 2591027.513, 240
Trd, 2591028.013, 240
Trd, 2591029.196, 260
Trd, 2591029.446, 259
Trd, 2591030.096, 241
Trd, 2591030.563, 239
Trd, 2591030.996, 244
Trd, 2591032.579, 241
Trd, 2591032.679, 234
Trd, 2591033.413, 244
Trd, 2591034.196, 237
Trd, 2591034.429, 237
Trd, 2591035.696, 237
Trd, 2591035.729, 241
Trd, 2591035.863, 245
Trd, 2591036.329, 237
Trd, 2591038.446, 255
Trd, 2591038.913, 254
Trd, 2591039.596, 256
Trd, 2591039.729, 258
Trd, 2591039.779, 255
Trd, 2591040.029, 262
Trd, 2591040.096, 244
Trd, 2591041.013, 264
Trd, 2591041.046, 232
Trd, 2591041.879, 241
Trd, 2591042.329, 266
Trd, 2591043.463, 233
Trd, 2591043.513, 265
Trd, 2591043.713, 268
Trd, 2591043.963, 274
Trd, 2591044.579, 269
Trd, 2591045.579, 239
Trd, 2591047.713, 242
Trd, 2591047.863, 241
Trd, 2591048.629, 243
Trd, 2591048.763, 245
Trd, 2591048.796, 262
Trd, 2591049.429, 238
Trd, 2591049.679, 237
Trd, 2591051.696, 242
Trd, 2591051.729, 241
Trd, 2591051.829, 257
Trd, 2591053.746, 242
Trd, 2591054.296, 234
Trd, 2591054.679, 236
Trd, 2591055.129, 233
Trd, 2591055.796, 230
Trd, 2591056.513, 246
Trd, 2591056.913, 258
Trd, 2591057.329, 259
Trd, 2591057.979, 241
Trd, 2591058.196, 266
Trd, 2591058.413, 267
Trd, 2591058.646, 268
Trd, 2591058.946, 255
Trd, 2591060.113, 258
Trd, 2591060.313, 254
Trd, 2591060.363, 267
Trd, 2591061.813, 249
Trd, 2591062.413, 263
Trd, 2591062.429, 264
Trd, 2591063.063, 260
Trd, 2591064.313, 248
Trd, 2591065.446, 255
Trd, 2591065.729, 244
Trd, 2591065.779, 257
Trd, 2591068.029, 251
Trd, 2591068.746, 238
Trd, 2591068.796, 252
Trd, 2591068.946, 237
Trd, 2591068.996, 244
Trd, 2591069.013, 233
Trd, 2591069.029, 254
Trd, 2591069.279, 257
Trd, 2591072.679, 257
Trd, 2591072.879, 261
Trd, 2591073.146, 262
Trd, 2591073.279, 252
Trd, 2591073.946, 256
Trd, 2591073.963, 255
Trd, 2591074.979, 250
Trd, 2591075.229, 249
Trd, 2591075.496, 244
Trd, 2591075.946, 239
Trd, 2591076.663, 234
Trd, 2591077.546, 236
Trd, 2591077.779, 233
Trd, 2591078.296, 239
Trd, 2591079.246, 230
Trd, 2591079.546, 230
Trd, 2591080.996, 255
Trd, 2591081.679, 255
Trd, 2591082.379, 243
Trd, 2591082.413, 242
Trd, 2591082.946, 244
Trd, 2591084.413, 240
Trd, 2591085.329, 243
Trd, 2591086.296, 250
Trd, 2591086.329, 251
Trd, 2591086.379, 241
Trd, 2591087.563, 233
Trd, 2591087.946, 237
Trd, 2591088.546, 237
Trd, 2591088.979, 236
Trd, 2591089.329, 238
Trd, 2591089.429, 241
Trd, 2591089.829, 260
Trd, 2591090.813, 252
Trd, 2591091.896, 238
Trd, 2591092.496, 245
Trd, 2591093.046, 244
Trd, 2591093.213, 241
Trd, 2591093.246, 240
Trd, 2591093.713, 240
Trd, 2591093.896, 237
Trd, 2591095.746, 255
Trd, 2591096.296, 258
Trd, 2591096.429, 262
Trd, 2591096.646, 230
Trd, 2591097.979, 251
Trd, 2591098.996, 258
Trd, 2591099.096, 241
Trd, 2591099.663, 257
Trd, 2591100.246, 233
Trd, 2591101.979, 244
Trd, 2591102.546, 240
Trd, 2591102.629, 247
Trd, 2591103.396, 256
Trd, 2591103.613, 255
Trd, 2591103.946, 264
Trd, 2591104.779, 265
Trd, 2591105.046, 268
Trd, 2591105.429, 246
Trd, 2591105.829, 244
Trd, 2591106.263, 258
Trd, 2591107.729, 244
Trd, 2591108.046, 254
Trd, 2591109.129, 243
Trd, 2591109.563, 242
Trd, 2591109.846, 258
Trd, 2591109.996, 240
Trd, 2591110.029, 235
Trd, 2591111.813, 260
Trd, 2591111.913, 260
Trd, 2591112.296, 253
Trd, 2591112.946, 233
Trd, 2591113.846, 238
Trd, 2591115.746, 253
Trd, 2591115.879, 234
Trd, 2591117.979, 253
Trd, 2591118.113, 248
Trd, 2591118.363, 245
Trd, 2591118.629, 257
Trd, 2591118.913, 244
Trd, 2591119.129, 261
Trd, 2591119.963, 260
Trd, 2591120.479, 243
Trd, 2591121.079, 248
Trd, 2591121.413, 241
Trd, 2591121.779, 234
Trd, 2591122.396, 244
Trd, 2591122.846, 254
Trd, 2591123.546, 235
Trd, 2591123.896, 260
Trd, 2591124.396, 245
Trd, 2591125.329, 262
Trd, 2591125.363, 237
Trd, 2591127.263, 262
Trd, 2591127.663, 266
Trd, 2591128.263, 262
Trd, 2591128.846, 260
Trd, 2591129.146, 266
Trd, 2591130.596, 254
Trd, 2591131.529, 248
Trd, 2591131.996, 239
Trd, 2591132.363, 257
Trd, 2591133.479, 255
Trd, 2591134.413, 238
Trd, 2591134.879, 237
Trd, 2591136.013, 239
Trd, 2591136.563, 240
Trd, 2591137.546, 254
Trd, 2591138.279, 245
Trd, 2591138.363, 261
Trd, 2591138.763, 256
Trd, 2591138.963, 244
Trd, 2591139.679, 243
Trd, 2591140.379, 258
Trd, 2591140.513, 266
Trd, 2591140.746, 239
Trd, 2591141.313, 241
Trd, 2591141.729, 263
Trd, 2591142.329, 264
Trd, 2591142.463, 238
Trd, 2591142.646, 237
Trd, 2591142.663, 244
Trd, 2591143.079, 251
Trd, 2591144.613, 243
Trd, 2591144.913, 265
Trd, 2591145.563, 243
Trd, 2591146.079, 264
Trd, 2591146.479, 265
Trd, 2591146.579, 243
Trd, 2591147.013, 241
Trd, 2591147.929, 259
Trd, 2591148.696, 236
Trd, 2591150.613, 236
Trd, 2591151.496, 254
Trd, 2591152.396, 255
Trd, 2591152.596, 262
Trd, 2591152.646, 239
Trd, 2591153.329, 237
Trd, 2591154.313, 265
Trd, 2591155.429, 251
Trd, 2591156.796, 238
Trd, 2591157.579, 251
Trd, 2591157.613, 241
Trd, 2591157.946, 240
Trd, 2591158.779, 252
Trd, 2591158.796, 243
Trd, 2591158.879, 242
Trd, 2591158.929, 242
Trd, 2591159.363, 257
Trd, 2591160.563, 242
Trd, 2591163.213, 241
Trd, 2591163.779, 246
Trd, 2591164.563, 241
Trd, 2591165.196, 244
Trd, 2591165.363, 240
Trd, 2591165.596, 259
Trd, 2591165.613, 239
Trd, 2591165.629, 262
Trd, 2591166.279, 239
Trd, 2591166.613, 268
Trd, 2591166.763, 238
Trd, 2591168.963, 272
Trd, 2591169.579, 267
Trd, 2591169.896, 260
Trd, 2591170.096, 259
Trd, 2591170.413, 254
Trd, 2591170.479, 244
Trd, 2591170.996, 274
Trd, 2591171.113, 276
Trd, 2591171.763, 237
Trd, 2591171.779, 233
Trd, 2591172.029, 238
Trd, 2591172.096, 231
Trd, 2591172.329, 239
Trd, 2591172.613, 259
Trd, 2591172.629, 235
Trd, 2591173.046, 231
Trd, 2591174.813, 262
Trd, 2591174.913, 261
Trd, 2591176.113, 239
Trd, 2591176.913, 234
Trd, 2591178.413, 233
Trd, 2591180.013, 234
Trd, 2591180.629, 235
Trd, 2591181.196, 238
Trd, 2591181.796, 241
Trd, 2591182.679, 242
Trd, 2591182.813, 241
Trd, 2591182.929, 245
Trd, 2591184.046, 258
Trd, 2591184.213, 240
Trd, 2591186.263, 251
Trd, 2591186.713, 260
Trd, 2591186.946, 235
Trd, 2591187.813, 238
Trd, 2591187.896, 237
Trd, 2591189.046, 259
Trd, 2591189.079, 260
Trd, 2591189.829, 238
Trd, 2591190.146, 249
Trd, 2591190.979, 241
Trd, 2591191.396, 252
Trd, 2591191.779, 262
Trd, 2591191.846, 266
Trd, 2591192.663, 239
Trd, 2591193.613, 268
Trd, 2591194.646, 240
Trd, 2591194.713, 240
Trd, 2591194.813, 239
Trd, 2591195.013, 264
Trd, 2591196.963, 235
Trd, 2591196.979, 237
Trd, 2591197.929, 239
Trd, 2591197.996, 238
Trd, 2591198.063, 259
Trd, 2591198.413, 265
Trd, 2591199.529, 257
Trd, 2591200.079, 235
Trd, 2591201.629, 243
Trd, 2591204.479, 245
Trd, 2591204.696, 237
Trd, 2591205.046, 252
Trd, 2591205.329, 259
Trd, 2591205.863, 233
Trd, 2591206.879, 262
Trd, 2591207.479, 232
Trd, 2591207.546, 234
Trd, 2591208.029, 265
Trd, 2591208.463, 232
Trd, 2591209.679, 265
Trd, 2591210.813, 246
Trd, 2591210.979, 233
Trd, 2591211.079, 256
Trd, 2591211.263, 236
Trd, 2591211.763, 236
Trd, 2591212.296, 234
Trd, 2591212.746, 235
Trd, 2591213.429, 239
Trd, 2591215.179, 267
Trd, 2591215.496, 243
Trd, 2591215.813, 243
Trd, 2591216.079, 244
Trd, 2591216.096, 240
Trd, 2591216.263, 231
Trd, 2591216.879, 249
Trd, 2591216.946, 254
Trd, 2591217.529, 266
Trd, 2591217.796, 266
Trd, 2591218.529, 235
Trd, 2591218.996, 237
Trd, 2591219.579, 268
Trd, 2591222.746, 244
Trd, 2591223.546, 259
Trd, 2591223.646, 244
Trd, 2591223.829, 244
Trd, 2591224.079, 258
Trd, 2591224.379, 253
Trd, 2591224.763, 241
Trd, 2591226.963, 255
Trd, 2591227.013, 247
Trd, 2591227.163, 246
Trd, 2591227.729, 254
Trd, 2591229.113, 257
Trd, 2591229.279, 259
Trd, 2591229.413, 262
Trd, 2591230.363, 243
Trd, 2591230.963, 238
Trd, 2591231.113, 265
Trd, 2591231.446, 247
Trd, 2591232.579, 271
Trd, 2591232.879, 264
Trd, 2591233.163, 243
Trd, 2591234.313, 230
Trd, 2591235.263, 265
Trd, 2591235.529, 266
Trd, 2591236.396, 254
Trd, 2591237.363, 255
Trd, 2591237.563, 253
Trd, 2591238.079, 259
Trd, 2591238.613, 248
Trd, 2591238.846, 234
Trd, 2591239.896, 240
Trd, 2591240.813, 257
Trd, 2591241.296, 257
Trd, 2591241.779, 241
Trd, 2591243.279, 244
Trd, 2591243.713, 244
Trd, 2591243.729, 243
Trd, 2591244.396, 255
Trd, 2591245.046, 256
Trd, 2591245.779, 239
Trd, 2591246.663, 260
Trd, 2591246.779, 262
Trd, 2591248.063, 250
Trd, 2591248.246, 260
Trd, 2591248.613, 266
Trd, 2591249.129, 253
Trd, 2591249.213, 259
Trd, 2591249.446, 268
Trd, 2591250.146, 248
Trd, 2591250.563, 244
Trd, 2591250.846, 237
Trd, 2591251.113, 236
Trd, 2591252.613, 260
Trd, 2591254.379, 231
Trd, 2591254.513, 256
Trd, 2591256.029, 227
Trd, 2591256.113, 228
Trd, 2591256.463, 224
Trd, 2591257.063, 231
Trd, 2591257.363, 257
Trd, 2591257.513, 227
Trd, 2591258.113, 255
Trd, 2591258.846, 260
Trd, 2591260.263, 237
Trd, 2591260.596, 238
Trd, 2591261.129, 239
Trd, 2591261.163, 260
Trd, 2591261.213, 238
Trd, 2591262.946, 242
Trd, 2591263.113, 241
Trd, 2591263.979, 247
Trd, 2591264.146, 261
Trd, 2591265.629, 262
Trd, 2591266.563, 268
Trd, 2591267.596, 272
Trd, 2591268.129, 259
Trd, 2591268.613, 258
Trd, 2591269.363, 255
Trd, 2591269.996, 248
Trd, 2591270.346, 238
Trd, 2591271.013, 259
Trd, 2591271.263, 237
Trd, 2591271.429, 260
Trd, 2591271.513, 234
Trd, 2591271.879, 255
Trd, 2591272.313, 234
Trd, 2591272.346, 233
Trd, 2591272.479, 256
Trd, 2591272.779, 229
Trd, 2591272.846, 218
Trd, 2591274.363, 275
Trd, 2591274.979, 274
Trd, 2591276.063, 274
Trd, 2591277.013, 273
Trd, 2591277.129, 272
Trd, 2591277.379, 276
Trd, 2591277.946, 267
Trd, 2591278.213, 258
Trd, 2591279.479, 250
Trd, 2591279.646, 265
Trd, 2591280.129, 248
Trd, 2591281.996, 245
Trd, 2591282.096, 244
Trd, 2591282.563, 261
Trd, 2591282.646, 245
Trd, 2591283.496, 244
Trd, 2591283.529, 240
Trd, 2591285.146, 257
Trd, 2591285.913, 259
Trd, 2591287.163, 246
Trd, 2591287.346, 245
Trd, 2591287.663, 250
Trd, 2591287.896, 237
Trd, 2591288.546, 252
Trd, 2591290.329, 235
Trd, 2591290.613, 258
Trd, 2591291.246, 236
Trd, 2591291.863, 233
Trd, 2591292.113, 231
Trd, 2591292.679, 234
Trd, 2591293.663, 246
Trd, 2591293.879, 237
Trd, 2591294.029, 236
Trd, 2591294.863, 261
Trd, 2591295.046, 262
Trd, 2591295.629, 233
Trd, 2591295.729, 230
Trd, 2591295.946, 272
Trd, 2591297.146, 228
Trd, 2591298.779, 230
Trd, 2591299.713, 231
Trd, 2591300.046, 231
Trd, 2591300.179, 229
Trd, 2591301.079, 233
Trd, 2591301.813, 235
Trd, 2591302.013, 251
Trd, 2591302.713, 259
Trd, 2591302.996, 238
Trd, 2591303.163, 262
Trd, 2591303.363, 230
Trd, 2591303.379, 265
Trd, 2591305.113, 244
Trd, 2591305.229, 238
Trd, 2591305.879, 237
Trd, 2591306.363, 239
Trd, 2591306.546, 245
Trd, 2591306.946, 237
Trd, 2591307.646, 246
Trd, 2591309.313, 247
Trd, 2591310.579, 244
Trd, 2591310.629, 242
Trd, 2591310.879, 248
Trd, 2591311.313, 260
Trd, 2591311.429, 247
Trd, 2591312.013, 262
Trd, 2591312.129, 234
Trd, 2591312.563, 231
Trd, 2591313.096, 253
Trd, 2591315.396, 244
Trd, 2591316.029, 261
Trd, 2591316.363, 263
Trd, 2591316.663, 267
Trd, 2591316.863, 243
Trd, 2591318.979, 260
Trd, 2591319.279, 268
Trd, 2591319.529, 251
Trd, 2591319.813, 252
Trd, 2591319.846, 251
Trd, 2591320.029, 250
Trd, 2591320.346, 248
Trd, 2591320.713, 240
Trd, 2591320.963, 261
Trd, 2591321.113, 239
Trd, 2591321.463, 245
Trd, 2591323.579, 253
Trd, 2591324.196, 242
Trd, 2591324.729, 241
Trd, 2591325.279, 254
Trd, 2591328.279, 250
Trd, 2591328.513, 247
Trd, 2591328.646, 250
Trd, 2591329.179, 247
Trd, 2591329.229, 250
Trd, 2591329.379, 244
Trd, 2591330.196, 253
Trd, 2591330.263, 262
Trd, 2591330.429, 237
Trd, 2591330.679, 238
Trd, 2591331.346, 241
Trd, 2591332.279, 266
Trd, 2591332.396, 235
Trd, 2591333.063, 234
Trd, 2591333.429, 231
Trd, 2591333.696, 263
Trd, 2591335.013, 238
Trd, 2591336.379, 244
Trd, 2591336.463, 253
Trd, 2591336.563, 241
Trd, 2591336.713, 258
Trd, 2591337.563, 262
Trd, 2591337.613, 236
Trd, 2591340.429, 244
Trd, 2591340.446, 261
Trd, 2591341.079, 241
Trd, 2591341.229, 240
Trd, 2591341.379, 260
Trd, 2591342.346, 238
Trd, 2591342.879, 236
Trd, 2591343.063, 241
Trd, 2591344.196, 250
Trd, 2591345.029, 238
Trd, 2591345.229, 250
Trd, 2591345.613, 250
Trd, 2591345.663, 274
Trd, 2591346.579, 258
Trd, 2591347.046, 256
Trd, 2591349.096, 262
Trd, 2591349.713, 260
Trd, 2591349.763, 262
Trd, 2591350.763, 254
Trd, 2591351.579, 245
Trd, 2591351.613, 262
Trd, 2591352.113, 244
Trd, 2591352.329, 234
Trd, 2591352.946, 236
Trd, 2591353.196, 251
Trd, 2591353.429, 234
Trd, 2591353.596, 257
Trd, 2591354.546, 235
Trd, 2591355.279, 233
Trd, 2591356.063, 263
Trd, 2591356.179, 264
Trd, 2591356.413, 268
Trd, 2591356.729, 234
Trd, 2591356.979, 233
Trd, 2591359.363, 253
Trd, 2591360.013, 237
Trd, 2591361.129, 237
Trd, 2591361.679, 249
Trd, 2591362.179, 239
Trd, 2591362.313, 248
Trd, 2591363.929, 237
Trd, 2591364.529, 235
Trd, 2591364.779, 251
Trd, 2591365.179, 233
Trd, 2591365.579, 233
Trd, 2591365.796, 258
Trd, 2591366.296, 231
Trd, 2591366.746, 248
Trd, 2591367.746, 238
Trd, 2591368.279, 237
Trd, 2591369.379, 254
Trd, 2591369.563, 255
Trd, 2591369.896, 244
Trd, 2591370.329, 258
Trd, 2591371.213, 258
Trd, 2591371.463, 249
Trd, 2591372.063, 259
Trd, 2591372.879, 262
Trd, 2591373.063, 255
Trd, 2591373.529, 254
Trd, 2591373.963, 268
Trd, 2591376.546, 266
Trd, 2591377.563, 248
Trd, 2591377.963, 244
Trd, 2591378.613, 241
Trd, 2591378.963, 235
Trd, 2591379.013, 225
Trd, 2591380.113, 237
Trd, 2591380.413, 237
Trd, 2591380.629, 261
Trd, 2591381.063, 261
Trd, 2591381.279, 261
Trd, 2591381.896, 236
Trd, 2591382.696, 244
Trd, 2591384.413, 259
Trd, 2591384.713, 262
Trd, 2591385.229, 240
Trd, 2591385.246, 239
Trd, 2591385.779, 258
Trd, 2591385.913, 268
Trd, 2591386.046, 268
Trd, 2591386.129, 236
Trd, 2591386.279, 268
Trd, 2591387.313, 234
Trd, 2591387.413, 235
Trd, 2591388.046, 244
Trd, 2591388.179, 247
Trd, 2591390.063, 230
Trd, 2591390.996, 227
Trd, 2591391.729, 223
Trd, 2591391.896, 220
Trd, 2591392.613, 227
Trd, 2591392.746, 238
Trd, 2591393.729, 241
Trd, 2591394.546, 233
Trd, 2591394.996, 268
Trd, 2591395.113, 268
Trd, 2591396.896, 262
Trd, 2591398.196, 258
Trd, 2591398.346, 268
Trd, 2591398.396, 256
Trd, 2591399.663, 255
Trd, 2591400.113, 262
Trd, 2591400.829, 251
Trd, 2591400.979, 249
Trd, 2591401.479, 248
Trd, 2591401.496, 244
Trd, 2591401.829, 241
Trd, 2591402.013, 231
Trd, 2591402.029, 230
Trd, 2591403.063, 257
Trd, 2591403.446, 237
Trd, 2591404.846, 238
Trd, 2591404.913, 237
Trd, 2591405.713, 249
Trd, 2591405.863, 237
Trd, 2591406.613, 249
Trd, 2591406.796, 261
Trd, 2591407.496, 239
Trd, 2591407.529, 264
Trd, 2591408.696, 244
Trd, 2591409.296, 244
Trd, 2591409.929, 242
Trd, 2591411.396, 243
Trd, 2591411.413, 256
Trd, 2591411.563, 258
Trd, 2591412.029, 243
Trd, 2591414.929, 237
Trd, 2591415.129, 260
Trd, 2591415.629, 262
Trd, 2591415.946, 237
Trd, 2591417.479, 247
Trd, 2591417.513, 241
Trd, 2591419.963, 259
Trd, 2591420.396, 251
Trd, 2591420.763, 245
Trd, 2591421.013, 254
Trd, 2591421.279, 254
Trd, 2591421.496, 253
Trd, 2591421.546, 261
Trd, 2591422.013, 231
Trd, 2591422.146, 230
Trd, 2591422.646, 259
Trd, 2591422.946, 252
Trd, 2591424.513, 260
Trd, 2591424.746, 243
Trd, 2591424.829, 258
Trd, 2591425.063, 242
Trd, 2591425.479, 267
Trd, 2591425.896, 268
Trd, 2591425.913, 268
Trd, 2591426.246, 274
Trd, 2591426.563, 276
Trd, 2591427.379, 246
Trd, 2591427.463, 244
Trd, 2591427.646, 235
Trd, 2591428.796, 234
Trd, 2591429.779, 238
Trd, 2591430.496, 237
Trd, 2591430.746, 279
Trd, 2591432.613, 231
Trd, 2591432.979, 244
Trd, 2591434.179, 241
Trd, 2591434.229, 239
Trd, 2591434.746, 245
Trd, 2591435.979, 244
Trd, 2591436.146, 238
Trd, 2591437.596, 241
Trd, 2591437.813, 244
Trd, 2591438.396, 243
Trd, 2591439.163, 245
Trd, 2591440.996, 256
Trd, 2591441.096, 258
Trd, 2591441.296, 258
Trd, 2591442.046, 255
Trd, 2591442.063, 253
Trd, 2591442.129, 248
Trd, 2591442.863, 265
Trd, 2591443.213, 241
Trd, 2591443.346, 237
Trd, 2591443.429, 267
Trd, 2591443.829, 268
Trd, 2591444.046, 232
Trd, 2591444.846, 239
Trd, 2591445.546, 232
Trd, 2591446.396, 246
Trd, 2591446.429, 233
Trd, 2591446.446, 230
Trd, 2591447.729, 262
Trd, 2591447.863, 229
Trd, 2591448.413, 226
Trd, 2591449.046, 265
Trd, 2591450.663, 239
Trd, 2591450.946, 259
Trd, 2591453.229, 258
Trd, 2591453.563, 257
Trd, 2591453.913, 248
Trd, 2591454.413, 245
Trd, 2591454.963, 255
Trd, 2591454.979, 244
Trd, 2591455.646, 253
Trd, 2591456.379, 234
Trd, 2591456.446, 241
Trd, 2591456.479, 230
Trd, 2591457.363, 241
Trd, 2591457.479, 241
Trd, 2591458.679, 242
Trd, 2591458.896, 244
Trd, 2591461.813, 251
Trd, 2591462.196, 250
Trd, 2591462.229, 258
Trd, 2591462.329, 261
Trd, 2591463.463, 250
Trd, 2591465.363, 262
Trd, 2591466.363, 260
Trd, 2591466.813, 258
Trd, 2591467.196, 264
Trd, 2591467.313, 268
Trd, 2591467.796, 257
Trd, 2591467.929, 244
Trd, 2591468.329, 267
Trd, 2591471.463, 258
Trd, 2591471.896, 254
Trd, 2591471.996, 248
Trd, 2591472.579, 241
Trd, 2591472.846, 240
Trd, 2591473.163, 260
Trd, 2591473.496, 237
Trd, 2591473.546, 234
Trd, 2591473.979, 236
Trd, 2591474.413, 237
Trd, 2591474.463, 260
Trd, 2591474.746, 237
Trd, 2591478.896, 237
Trd, 2591479.113, 247
Trd, 2591479.279, 248
Trd, 2591479.446, 234
Trd, 2591481.229, 244
Trd, 2591481.279, 259
Trd, 2591481.563, 243
Trd, 2591481.879, 254
Trd, 2591483.029, 239
Trd, 2591483.946, 268
Trd, 2591483.979, 269
Trd, 2591484.079, 258
Trd, 2591484.346, 257
Trd, 2591484.579, 255
Trd, 2591484.913, 257
Trd, 2591485.579, 237
Trd, 2591485.613, 262
Trd, 2591486.029, 236
Trd, 2591487.163, 266
Trd, 2591488.613, 237
Trd, 2591488.696, 236
Trd, 2591489.313, 243
Trd, 2591489.329, 245
Trd, 2591490.329, 235
Trd, 2591490.913, 237
Trd, 2591491.463, 250
Trd, 2591492.979, 240
Trd, 2591493.013, 237
Trd, 2591493.179, 256
Trd, 2591493.646, 236
Trd, 2591494.829, 238
Trd, 2591498.096, 237
Trd, 2591498.146, 246
Trd, 2591498.813, 245
Trd, 2591498.896, 232
Trd, 2591498.913, 260
Trd, 2591500.463, 227
Trd, 2591500.879, 228
Trd, 2591501.079, 225
Trd, 2591501.496, 236
Trd, 2591501.579, 237
Trd, 2591502.079, 262
Trd, 2591502.429, 237
Trd, 2591502.563, 258
Trd, 2591502.829, 231
Trd, 2591503.313, 235
Trd, 2591505.129, 245
Trd, 2591505.629, 265
Trd, 2591505.713, 266
Trd, 2591506.696, 268
Trd, 2591506.913, 261
Trd, 2591508.129, 272
Trd, 2591508.379, 271
Trd, 2591508.863, 260
Trd, 2591509.663, 258
Trd, 2591510.446, 248
Trd, 2591510.963, 244
Trd, 2591511.696, 237
Trd, 2591512.429, 236
Trd, 2591512.679, 261
Trd, 2591513.429, 258
Trd, 2591515.013, 244
Trd, 2591515.513, 246
Trd, 2591516.013, 248
Trd, 2591516.429, 245
Trd, 2591516.913, 235
Trd, 2591517.863, 250
Trd, 2591517.896, 251
Trd, 2591518.329, 251
Trd, 2591518.679, 238
Trd, 2591519.263, 237
Trd, 2591520.579, 256
Trd, 2591521.046, 247
Trd, 2591521.429, 260
Trd, 2591522.813, 259
Trd, 2591522.979, 253
Trd, 2591523.529, 240
Trd, 2591525.396, 244
Trd, 2591525.579, 257
Trd, 2591526.979, 238
Trd, 2591527.113, 250
Trd, 2591527.213, 237
Trd, 2591528.346, 250
Trd, 2591528.746, 238
Trd, 2591529.779, 236
Trd, 2591530.063, 236
Trd, 2591530.079, 230
Trd, 2591530.529, 226
Trd, 2591531.229, 233
Trd, 2591531.346, 251
Trd, 2591531.679, 258
Trd, 2591533.613, 262
Trd, 2591534.329, 266
Trd, 2591534.529, 279
Trd, 2591535.179, 278
Trd, 2591535.513, 264
Trd, 2591535.829, 263
Trd, 2591536.163, 259
Trd, 2591536.279, 258
Trd, 2591536.579, 248
Trd, 2591536.679, 268
Trd, 2591537.129, 244
Trd, 2591538.013, 241
Trd, 2591539.029, 263
Trd, 2591539.629, 241
Trd, 2591540.996, 256
Trd, 2591541.296, 236
Trd, 2591542.029, 234
Trd, 2591542.429, 259
Trd, 2591542.546, 233
Trd, 2591542.946, 225
Trd, 2591544.279, 261
Trd, 2591544.746, 237
Trd, 2591545.613, 235
Trd, 2591546.879, 260
Trd, 2591547.279, 234
Trd, 2591548.329, 232
Trd, 2591548.696, 253
Trd, 2591549.979, 256
Trd, 2591550.296, 255
Trd, 2591550.596, 258
Trd, 2591550.913, 254
Trd, 2591551.546, 254
Trd, 2591552.413, 252
Trd, 2591552.563, 250
Trd, 2591552.829, 248
Trd, 2591553.196, 255
Trd, 2591553.229, 256
Trd, 2591554.729, 245
Trd, 2591556.629, 259
Trd, 2591556.679, 245
Trd, 2591557.979, 262
Trd, 2591558.179, 259
Trd, 2591560.213, 264
Trd, 2591560.329, 259
Trd, 2591561.546, 255
Trd, 2591562.079, 252
Trd, 2591562.213, 251
Trd, 2591562.429, 257
Trd, 2591562.646, 251
Trd, 2591562.829, 250
Trd, 2591563.113, 262
Trd, 2591563.663, 248
Trd, 2591563.696, 244
Trd, 2591563.779, 237
Trd, 2591564.846, 237
Trd, 2591564.946, 264
Trd, 2591565.346, 268
Trd, 2591566.646, 239
Trd, 2591566.713, 266
Trd, 2591566.979, 231
Trd, 2591568.813, 262
Trd, 2591569.079, 264
Trd, 2591569.963, 241
Trd, 2591570.229, 241
Trd, 2591570.446, 240
Trd, 2591571.013, 237
Trd, 2591571.879, 237
Trd, 2591572.163, 265
Trd, 2591572.629, 258
Trd, 2591573.229, 244
Trd, 2591573.913, 265
Trd, 2591574.329, 268
Trd, 2591574.813, 245
Trd, 2591575.396, 245
Trd, 2591575.779, 244
Trd, 2591576.163, 243
Trd, 2591576.279, 240
Trd, 2591576.796, 254
Trd, 2591579.479, 243
Trd, 2591579.613, 258
Trd, 2591579.813, 256
Trd, 2591579.829, 239
Trd, 2591580.546, 258
Trd, 2591581.096, 236
Trd, 2591581.696, 262
Trd, 2591582.463, 265
Trd, 2591582.546, 254
Trd, 2591585.096, 239
Trd, 2591585.496, 244
Trd, 2591586.279, 240
Trd, 2591586.329, 237
Trd, 2591587.196, 251
Trd, 2591588.279, 260
Trd, 2591588.463, 266
Trd, 2591589.146, 238
Trd, 2591589.563, 239
Trd, 2591590.113, 239
Trd, 2591590.446, 238
Trd, 2591590.663, 251
Trd, 2591591.729, 250
Trd, 2591592.079, 255
Trd, 2591592.563, 261
Trd, 2591592.696, 241
Trd, 2591593.463, 262
Trd, 2591593.979, 268
Trd, 2591596.563, 264
Trd, 2591596.913, 262
Trd, 2591596.946, 237
Trd, 2591598.246, 255
Trd, 2591598.313, 254
Trd, 2591599.079, 236
Trd, 2591599.413, 236
Trd, 2591599.529, 255
Trd, 2591599.579, 256
Trd, 2591600.229, 232
Trd, 2591600.563, 229
Trd, 2591601.729, 231
Trd, 2591602.396, 234
Trd, 2591603.329, 256
Trd, 2591603.713, 236
Trd, 2591603.896, 235
Trd, 2591604.763, 247
Trd, 2591605.046, 259
Trd, 2591606.063, 261
Trd, 2591606.079, 264
Trd, 2591607.013, 270
Trd, 2591607.796, 236
Trd, 2591608.146, 235
Trd, 2591608.396, 237
Trd, 2591610.213, 250
Trd, 2591611.396, 250
Trd, 2591612.429, 246
Trd, 2591612.546, 247
Trd, 2591612.746, 245
Trd, 2591612.929, 244
Trd, 2591613.213, 243
Trd, 2591613.279, 247
Trd, 2591613.763, 240
Trd, 2591614.113, 236
Trd, 2591614.613, 234
Trd, 2591614.896, 227
Trd, 2591615.196, 246
Trd, 2591616.129, 252
Trd, 2591617.279, 259
Trd, 2591617.779, 262
Trd, 2591618.463, 270
Trd, 2591618.879, 265
Trd, 2591619.196, 257
Trd, 2591619.346, 271
Trd, 2591620.463, 254
Trd, 2591620.979, 272
Trd, 2591621.013, 253
Trd, 2591621.529, 251
Trd, 2591622.079, 248
Trd, 2591622.896, 245
Trd, 2591623.163, 261
Trd, 2591623.496, 251
Trd, 2591624.046, 244
Trd, 2591624.446, 243
Trd, 2591625.246, 241
Trd, 2591625.513, 243
Trd, 2591626.546, 241
Trd, 2591626.596, 243
Trd, 2591627.229, 245
Trd, 2591627.663, 245
Trd, 2591628.263, 237
Trd, 2591628.329, 258
Trd, 2591629.529, 237
Trd, 2591629.729, 241
Trd, 2591630.196, 236
Trd, 2591630.246, 226
Trd, 2591630.396, 233
Trd, 2591631.896, 234
Trd, 2591632.113, 227
Trd, 2591632.646, 231
Trd, 2591633.596, 230
Trd, 2591633.913, 231
Trd, 2591634.929, 261
Trd, 2591635.346, 264
Trd, 2591636.179, 255
Trd, 2591636.863, 266
Trd, 2591637.229, 268
Trd, 2591639.129, 243
Trd, 2591639.179, 242
Trd, 2591639.529, 243
Trd, 2591640.263, 243
Trd, 2591641.663, 242
Trd, 2591641.829, 245
Trd, 2591642.563, 242
Trd, 2591642.946, 238
Trd, 2591643.363, 248
Trd, 2591643.579, 233
Trd, 2591644.763, 253
Trd, 2591645.379, 255
Trd, 2591645.746, 233
Trd, 2591645.979, 232
Trd, 2591646.246, 234
Trd, 2591646.863, 262
Trd, 2591648.363, 232
Trd, 2591648.446, 231
Trd, 2591648.463, 229
Trd, 2591648.746, 250
Trd, 2591649.496, 241
Trd, 2591650.079, 240
Trd, 2591650.196, 238
Trd, 2591651.329, 237
Trd, 2591651.529, 238
Trd, 2591652.129, 262
Trd, 2591653.529, 258
Trd, 2591653.846, 258
Trd, 2591654.046, 268
Trd, 2591654.279, 246
Trd, 2591655.063, 251
Trd, 2591655.663, 251
Trd, 2591656.696, 250
Trd, 2591658.029, 257
Trd, 2591659.113, 259
Trd, 2591659.346, 241
Trd, 2591659.629, 258
Trd, 2591660.096, 241
Trd, 2591661.113, 244
Trd, 2591661.129, 242
Trd, 2591662.946, 242
Trd, 2591664.079, 244
Trd, 2591664.129, 241
Trd, 2591664.863, 257
Trd, 2591664.879, 237
Trd, 2591666.113, 257
Trd, 2591666.763, 249
Trd, 2591667.246, 257
Trd, 2591667.679, 248
Trd, 2591667.696, 247
Trd, 2591668.696, 255
Trd, 2591668.713, 258
Trd, 2591669.779, 255
Trd, 2591670.113, 252
Trd, 2591671.029, 245
Trd, 2591671.663, 245
Trd, 2591671.996, 244
Trd, 2591672.579, 257
Trd, 2591672.879, 240
Trd, 2591672.979, 224
Trd, 2591673.146, 262
Trd, 2591674.613, 241
Trd, 2591675.463, 232
Trd, 2591676.563, 250
Trd, 2591676.863, 234
Trd, 2591677.313, 237
Trd, 2591677.879, 251
Trd, 2591678.546, 235
Trd, 2591679.729, 258
Trd, 2591679.813, 260
Trd, 2591680.629, 259
Trd, 2591681.196, 260
Trd, 2591681.563, 262
Trd, 2591681.779, 262
Trd, 2591681.829, 261
Trd, 2591682.263, 268
Trd, 2591683.113, 258
Trd, 2591683.796, 270
Trd, 2591685.113, 250
Trd, 2591685.579, 251
Trd, 2591685.613, 274
Trd, 2591685.863, 275
Trd, 2591686.696, 269
Trd, 2591687.446, 273
Trd, 2591687.579, 267
Trd, 2591687.813, 274
Trd, 2591688.113, 248
Trd, 2591688.563, 278
Trd, 2591688.729, 244
Trd, 2591690.863, 252
Trd, 2591691.329, 243
Trd, 2591693.346, 242
Trd, 2591693.796, 237
Trd, 2591694.529, 234
Trd, 2591694.579, 227
Trd, 2591694.663, 251
Trd, 2591695.813, 243
Trd, 2591696.563, 244
Trd, 2591698.446, 254
Trd, 2591698.996, 256
Trd, 2591699.013, 246
Trd, 2591699.313, 246
Trd, 2591699.379, 256
Trd, 2591700.329, 248
Trd, 2591700.396, 248
Trd, 2591701.579, 259
Trd, 2591702.096, 246
Trd, 2591702.713, 262
Trd, 2591702.796, 241
Trd, 2591703.779, 239
Trd, 2591703.979, 268
Trd, 2591704.413, 267
Trd, 2591705.413, 239
Trd, 2591705.613, 267
Trd, 2591706.529, 234
Trd, 2591708.146, 236
Trd, 2591708.946, 235
Trd, 2591709.146, 237
Trd, 2591709.729, 238
Trd, 2591709.879, 260
Trd, 2591710.179, 272
Trd, 2591711.163, 237
Trd, 2591711.179, 234
Trd, 2591713.496, 243
Trd, 2591713.796, 242
Trd, 2591714.113, 242
Trd, 2591714.246, 248
Trd, 2591715.013, 245
Trd, 2591715.296, 244
Trd, 2591715.563, 259
Trd, 2591715.963, 240
Trd, 2591718.796, 251
Trd, 2591718.879, 237
Trd, 2591719.496, 235
Trd, 2591719.713, 259
Trd, 2591720.246, 235
Trd, 2591720.613, 254
Trd, 2591721.646, 246
Trd, 2591722.196, 262
Trd, 2591722.279, 235
Trd, 2591723.063, 231
Trd, 2591723.179, 268
Trd, 2591724.296, 269
Trd, 2591724.646, 269
Trd, 2591725.396, 268
Trd, 2591725.913, 260
Trd, 2591726.196, 245
Trd, 2591727.829, 271
Trd, 2591728.213, 251
Trd, 2591729.096, 248
Trd, 2591729.279, 237
Trd, 2591729.613, 264
Trd, 2591729.796, 265
Trd, 2591730.463, 240
Trd, 2591731.429, 238
Trd, 2591731.646, 235
Trd, 2591732.346, 239
Trd, 2591732.496, 268
Trd, 2591732.763, 233
Trd, 2591734.113, 254
Trd, 2591736.096, 274
Trd, 2591736.179, 258
Trd, 2591738.179, 276
Trd, 2591739.113, 277
Trd, 2591739.579, 272
Trd, 2591740.113, 265
Trd, 2591740.696, 275
Trd, 2591740.979, 260
Trd, 2591741.396, 274
Trd, 2591741.679, 259
Trd, 2591742.129, 258
Trd, 2591742.513, 255
Trd, 2591742.663, 248
Trd, 2591743.363, 237
Trd, 2591743.446, 234
Trd, 2591744.146, 230
Trd, 2591744.446, 248
Trd, 2591744.763, 237
Trd, 2591745.746, 234
Trd, 2591746.196, 233
Trd, 2591746.413, 237
Trd, 2591747.763, 240
Trd, 2591748.696, 240
Trd, 2591749.213, 241
Trd, 2591749.279, 241
Trd, 2591749.646, 240
Trd, 2591749.679, 239
Trd, 2591751.129, 255
Trd, 2591751.179, 254
Trd, 2591751.446, 258
Trd, 2591752.113, 262
Trd, 2591753.229, 244
Trd, 2591753.863, 230
Trd, 2591754.113, 241
Trd, 2591757.546, 247
Trd, 2591758.129, 246
Trd, 2591758.646, 228
Trd, 2591759.363, 241
Trd, 2591759.396, 228
Trd, 2591759.929, 242
Trd, 2591760.796, 233
Trd, 2591760.846, 234
Trd, 2591761.329, 232
Trd, 2591761.579, 234
Trd, 2591761.746, 234
Trd, 2591761.796, 245
Trd, 2591762.129, 248
Trd, 2591762.429, 262
Trd, 2591763.063, 236
Trd, 2591763.213, 234
Trd, 2591763.729, 258
Trd, 2591764.863, 234
Trd, 2591765.646, 226
Trd, 2591765.813, 222
Trd, 2591766.563, 240
Trd, 2591767.846, 240
Trd, 2591768.829, 236
Trd, 2591769.113, 234
Trd, 2591769.229, 233
Trd, 2591770.829, 237
Trd, 2591770.963, 239
Trd, 2591771.296, 241
Trd, 2591771.679, 245
Trd, 2591772.663, 237
Trd, 2591772.696, 262
Trd, 2591773.463, 235
Trd, 2591773.829, 259
Trd, 2591774.179, 266
Trd, 2591775.163, 255
Trd, 2591776.229, 248
Trd, 2591776.313, 244
Trd, 2591776.863, 254
Trd, 2591779.313, 244
Trd, 2591779.613, 255
Trd, 2591780.029, 258
Trd, 2591780.629, 259
Trd, 2591781.063, 251
Trd, 2591781.213, 262
Trd, 2591781.479, 250
Trd, 2591782.113, 254
Trd, 2591782.396, 255
Trd, 2591782.979, 250
Trd, 2591783.063, 237
Trd, 2591783.513, 236
Trd, 2591785.629, 237
Trd, 2591786.046, 244
Trd, 2591786.129, 234
Trd, 2591787.713, 239
Trd, 2591787.779, 240
Trd, 2591788.763, 233
Trd, 2591789.179, 235
Trd, 2591789.513, 234
Trd, 2591790.013, 238
Trd, 2591791.079, 235
Trd, 2591791.129, 238
Trd, 2591791.379, 263
Trd, 2591792.129, 246
Trd, 2591792.929, 265
Trd, 2591793.779, 259
Trd, 2591794.396, 259
Trd, 2591794.546, 267
Trd, 2591794.913, 255
Trd, 2591795.179, 266
Trd, 2591795.929, 245
Trd, 2591796.463, 271
Trd, 2591796.613, 245
Trd, 2591797.413, 245
Trd, 2591798.846, 254
Trd, 2591799.463, 259
Trd, 2591799.696, 260
Trd, 2591800.463, 254
Trd, 2591802.546, 248
Trd, 2591802.663, 248
Trd, 2591802.746, 247
Trd, 2591802.979, 255
Trd, 2591803.096, 261
Trd, 2591803.196, 244
Trd, 2591803.629, 241
Trd, 2591803.779, 227
Trd, 2591803.996, 226
Trd, 2591804.229, 237
Trd, 2591804.396, 260
Trd, 2591805.629, 237
Trd, 2591805.996, 261
Trd, 2591806.129, 262
Trd, 2591806.146, 268
Trd, 2591806.213, 272
Trd, 2591806.696, 238
Trd, 2591807.879, 242
Trd, 2591808.479, 244
Trd, 2591808.896, 261
Trd, 2591809.329, 241
Trd, 2591810.763, 248
Trd, 2591812.529, 243
Trd, 2591812.829, 261
Trd, 2591813.913, 243
Trd, 2591814.479, 259
Trd, 2591814.713, 242
Trd, 2591817.463, 234
Trd, 2591817.646, 247
Trd, 2591818.079, 248
Trd, 2591819.263, 237
Trd, 2591819.379, 237
Trd, 2591819.829, 258
Trd, 2591820.013, 237
Trd, 2591820.796, 262
Trd, 2591821.029, 237
Trd, 2591822.896, 244
Trd, 2591822.996, 264
Trd, 2591823.196, 241
Trd, 2591823.813, 240
Trd, 2591824.079, 235
Trd, 2591824.179, 231
Trd, 2591826.646, 245
Trd, 2591827.013, 243
Trd, 2591828.096, 243
Trd, 2591828.579, 241
Trd, 2591828.629, 242
Trd, 2591828.829, 244
Trd, 2591829.096, 243
Trd, 2591829.413, 241
Trd, 2591830.113, 259
Trd, 2591830.363, 252
Trd, 2591830.613, 262
Trd, 2591830.679, 237
Trd, 2591831.029, 236
Trd, 2591831.213, 232
Trd, 2591833.113, 267
Trd, 2591833.129, 268
Trd, 2591834.279, 274
Trd, 2591834.596, 236
Trd, 2591835.529, 236
Trd, 2591835.696, 275
Trd, 2591837.613, 246
Trd, 2591837.646, 266
Trd, 2591838.363, 247
Trd, 2591839.263, 246
Trd, 2591839.479, 261
Trd, 2591841.163, 257
Trd, 2591842.379, 254
Trd, 2591842.646, 241
Trd, 2591843.379, 251
Trd, 2591845.229, 251
Trd, 2591845.546, 252
Trd, 2591845.946, 245
Trd, 2591846.663, 245
Trd, 2591846.796, 244
Trd, 2591847.096, 243
Trd, 2591848.479, 252
Trd, 2591848.863, 253
Trd, 2591848.896, 245
Trd, 2591849.429, 238
Trd, 2591851.146, 262
Trd, 2591851.313, 237
Trd, 2591852.029, 234
Trd, 2591852.279, 236
Trd, 2591853.479, 246
Trd, 2591853.513, 238
Trd, 2591853.879, 258
Trd, 2591853.913, 262
Trd, 2591854.363, 266
Trd, 2591854.946, 248
Trd, 2591855.013, 268
Trd, 2591855.596, 241
Trd, 2591856.063, 244
Trd, 2591857.096, 242
Trd, 2591858.063, 245
Trd, 2591858.379, 241
Trd, 2591859.046, 254
Trd, 2591859.146, 255
Trd, 2591859.279, 239
Trd, 2591859.579, 235
Trd, 2591860.579, 233
Trd, 2591861.646, 232
Trd, 2591863.063, 240
Trd, 2591864.146, 237
Trd, 2591864.946, 239
Trd, 2591865.246, 239
Trd, 2591865.679, 238
Trd, 2591866.163, 239
Trd, 2591867.179, 240
Trd, 2591867.213, 238
Trd, 2591867.846, 242
Trd, 2591868.496, 234
Trd, 2591868.746, 236
Trd, 2591869.346, 241
Trd, 2591869.563, 231
Trd, 2591870.246, 227
Trd, 2591870.713, 245
Trd, 2591871.129, 257
Trd, 2591872.179, 256
Trd, 2591872.346, 260
Trd, 2591873.646, 262
Trd, 2591874.279, 259
Trd, 2591875.713, 255
Trd, 2591875.979, 250
Trd, 2591876.146, 262
Trd, 2591877.013, 248
Trd, 2591877.946, 267
Trd, 2591878.529, 248
Trd, 2591879.846, 259
Trd, 2591880.079, 268
Trd, 2591880.679, 247
Trd, 2591880.779, 237
Trd, 2591881.079, 274
Trd, 2591881.296, 238
Trd, 2591881.479, 278
Trd, 2591883.596, 234
Trd, 2591883.796, 234
Trd, 2591884.929, 235
Trd, 2591885.296, 237
Trd, 2591886.263, 240
Trd, 2591886.729, 241
Trd, 2591887.546, 250
Trd, 2591889.513, 244
Trd, 2591889.713, 252
Trd, 2591890.279, 246
Trd, 2591890.313, 260
Trd, 2591890.863, 262
Trd, 2591891.363, 266
Trd, 2591891.563, 262
Trd, 2591891.896, 240
Trd, 2591891.946, 264
Trd, 2591892.979, 231
Trd, 2591893.296, 236
Trd, 2591893.563, 258
Trd, 2591893.996, 239
Trd, 2591894.396, 237
Trd, 2591894.813, 239
Trd, 2591895.046, 240
Trd, 2591895.463, 237
Trd, 2591896.079, 231
Trd, 2591896.713, 241
Trd, 2591897.713, 237
Trd, 2591898.763, 237
Trd, 2591899.146, 241
Trd, 2591899.379, 237
Trd, 2591899.613, 236
Trd, 2591899.629, 239
Trd, 2591901.613, 234
Trd, 2591901.746, 235
Trd, 2591902.479, 245
Trd, 2591902.963, 232
Trd, 2591904.429, 258
Trd, 2591905.213, 240
Trd, 2591907.929, 258
Trd, 2591907.996, 238
Trd, 2591908.363, 260
Trd, 2591908.763, 238
Trd, 2591908.863, 261
Trd, 2591909.429, 237
Trd, 2591909.479, 236
Trd, 2591910.013, 237
Trd, 2591910.479, 230
Trd, 2591910.579, 234
Trd, 2591911.963, 244
Trd, 2591912.063, 240
Trd, 2591912.296, 239
Trd, 2591913.379, 258
Trd, 2591915.279, 259
Trd, 2591915.496, 262
Trd, 2591915.896, 236
Trd, 2591916.829, 267
Trd, 2591917.129, 235
Trd, 2591918.396, 230
Trd, 2591918.813, 231
Trd, 2591918.929, 235
Trd, 2591919.246, 229
Trd, 2591921.029, 256
Trd, 2591921.396, 231
Trd, 2591922.429, 236
Trd, 2591923.079, 253
Trd, 2591923.179, 254
Trd, 2591923.863, 240
Trd, 2591923.979, 247
Trd, 2591924.813, 256
Trd, 2591925.229, 260
Trd, 2591925.696, 256
Trd, 2591925.713, 265
Trd, 2591926.763, 259
Trd, 2591926.979, 254
Trd, 2591927.713, 260
Trd, 2591928.063, 254
Trd, 2591928.879, 250
Trd, 2591929.413, 249
Trd, 2591929.546, 248
Trd, 2591930.129, 262
Trd, 2591930.446, 240
Trd, 2591930.829, 238
Trd, 2591931.113, 238
Trd, 2591931.713, 245
Trd, 2591933.263, 246
Trd, 2591933.813, 243
Trd, 2591934.079, 262
Trd, 2591934.763, 246
Trd, 2591935.546, 245
Trd, 2591935.763, 242
Trd, 2591935.913, 250
Trd, 2591937.079, 233
Trd, 2591937.296, 230
Trd, 2591937.879, 232
Trd, 2591938.129, 237
Trd, 2591938.896, 236
Trd, 2591940.046, 233
Trd, 2591940.813, 235
Trd, 2591940.879, 241
Trd, 2591940.896, 232
Trd, 2591941.779, 259
Trd, 2591943.846, 243
Trd, 2591944.029, 262
Trd, 2591944.913, 268
Trd, 2591945.679, 242
Trd, 2591945.946, 244
Trd, 2591946.429, 239
Trd, 2591946.746, 262
Trd, 2591947.896, 266
Trd, 2591949.263, 242
Trd, 2591949.779, 260
Trd, 2591950.279, 242
Trd, 2591950.346, 261
Trd, 2591950.963, 245
Trd, 2591951.863, 245
Trd, 2591951.913, 264
Trd, 2591952.063, 268
Trd, 2591952.329, 240
Trd, 2591952.513, 251
Trd, 2591952.579, 266
Trd, 2591953.463, 242
Trd, 2591954.096, 237
Trd, 2591954.296, 237
Trd, 2591955.113, 273
Trd, 2591955.763, 275
Trd, 2591956.463, 256
Trd, 2591957.396, 254
Trd, 2591957.546, 232
Trd, 2591959.513, 255
Trd, 2591960.946, 234
Trd, 2591961.263, 232
Trd, 2591961.796, 242
Trd, 2591962.013, 244
Trd, 2591963.179, 256
Trd, 2591963.296, 242
Trd, 2591963.546, 242
Trd, 2591964.029, 250
Trd, 2591965.179, 245
Trd, 2591965.929, 243
Trd, 2591967.963, 253
Trd, 2591968.846, 245
Trd, 2591968.929, 249
Trd, 2591969.113, 252
Trd, 2591969.963, 248
Trd, 2591969.979, 247
Trd, 2591970.879, 257
Trd, 2591971.096, 262
Trd, 2591971.146, 247
Trd, 2591971.463, 241
Trd, 2591972.746, 238
Trd, 2591972.913, 259
Trd, 2591973.346, 261
Trd, 2591973.863, 242
Trd, 2591973.913, 244
Trd, 2591975.629, 244
Trd, 2591976.029, 241
Trd, 2591976.413, 262
Trd, 2591977.396, 258
Trd, 2591977.629, 255
Trd, 2591978.513, 254
Trd, 2591978.929, 234
Trd, 2591979.179, 233
Trd, 2591979.963, 257
Trd, 2591980.979, 245
Trd, 2591981.596, 242
Trd, 2591981.779, 242
Trd, 2591982.396, 260
Trd, 2591982.546, 242
Trd, 2591982.763, 260
Trd, 2591982.813, 262
Trd, 2591983.746, 240
Trd, 2591984.846, 267
Trd, 2591985.929, 245
Trd, 2591986.946, 267
Trd, 2591987.429, 242
Trd, 2591987.646, 267
Trd, 2591988.296, 245
Trd, 2591988.663, 246
Trd, 2591989.146, 241
Trd, 2591989.213, 234
Trd, 2591989.763, 267
Trd, 2591989.879, 233
Trd, 2591990.629, 232
Trd, 2591990.779, 266
Trd, 2591991.029, 268
Trd, 2591991.579, 254
Trd, 2591992.629, 238
Trd, 2591994.546, 256
Trd, 2591994.613, 259
Trd, 2591995.379, 238
Trd, 2591995.646, 236
Trd, 2591996.029, 272
Trd, 2591997.313, 239
Trd, 2591997.579, 238
Trd, 2591997.813, 237
Trd, 2591998.313, 225
Trd, 2591998.496, 226
Trd, 2591998.563, 270
Trd, 2591998.679, 272
