Trd, 2590680.196, 223
Trd, 2590680.396, 268
Trd, 2590680.679, 221
Trd, 2590681.629, 249
Trd, 2590682.063, 223
Trd, 2590682.179, 222
Trd, 2590683.429, 228
Trd, 2590684.596, 229
Trd, 2590685.213, 231
Trd, 2590685.463, 237
Trd, 2590685.929, 239
Trd, 2590685.946, 245
Trd, 2590686.713, 226
Trd, 2590687.846, 236
Trd, 2590689.329, 252
Trd, 2590689.496, 258
Trd, 2590690.413, 221
Trd, 2590690.496, 239
Trd, 2590690.863, 252
Trd, 2590692.479, 258
Trd, 2590692.546, 265
Trd, 2590693.346, 231
Trd, 2590695.146, 242
Trd, 2590695.563, 245
Trd, 2590696.496, 246
Trd, 2590698.346, 249
Trd, 2590698.479, 244
Trd, 2590699.529, 243
Trd, 2590699.579, 247
Trd, 2590699.963, 241
Trd, 2590700.946, 244
Trd, 2590701.079, 233
Trd, 2590701.313, 246
Trd, 2590701.929, 248
Trd, 2590702.129, 255
Trd, 2590702.813, 253
Trd, 2590703.279, 242
Trd, 2590704.096, 235
Trd, 2590704.346, 238
Trd, 2590705.446, 237
Trd, 2590705.846, 243
Trd, 2590706.779, 234
Trd, 2590708.513, 248
Trd, 2590708.963, 249
Trd, 2590709.346, 242
Trd, 2590710.146, 239
Trd, 2590710.346, 239
Trd, 2590710.946, 246
Trd, 2590711.763, 241
Trd, 2590713.046, 231
Trd, 2590713.213, 243
Trd, 2590713.563, 224
Trd, 2590715.913, 241
Trd, 2590716.013, 230
Trd, 2590716.363, 243
Trd, 2590716.496, 244
Trd, 2590717.179, 235
Trd, 2590717.279, 248
Trd, 2590717.663, 255
Trd, 2590718.979, 237
Trd, 2590719.779, 239
Trd, 2590719.829, 238
Trd, 2590719.913, 246
Trd, 2590720.413, 250
Trd, 2590720.479, 258
Trd, 2590721.046, 250
Trd, 2590721.513, 226
Trd, 2590722.613, 253
Trd, 2590726.946, 259
Trd, 2590726.996, 258
Trd, 2590727.079, 260
Trd, 2590727.546, 256
Trd, 2590728.129, 253
Trd, 2590728.846, 248
Trd, 2590728.896, 233
Trd, 2590728.963, 220
Trd, 2590729.246, 213
Trd, 2590729.396, 254
Trd, 2590730.229, 245
Trd, 2590731.579, 251
Trd, 2590731.696, 249
Trd, 2590731.746, 252
Trd, 2590732.079, 255
Trd, 2590733.246, 251
Trd, 2590733.696, 248
Trd, 2590735.029, 245
Trd, 2590737.213, 254
Trd, 2590737.263, 252
Trd, 2590737.563, 244
Trd, 2590737.646, 255
Trd, 2590738.079, 241
Trd, 2590738.546, 241
Trd, 2590739.846, 241
Trd, 2590740.013, 250
Trd, 2590740.313, 249
Trd, 2590740.713, 236
Trd, 2590741.713, 232
Trd, 2590742.713, 245
Trd, 2590743.296, 242
Trd, 2590743.963, 229
Trd, 2590746.729, 224
Trd, 2590746.946, 243
Trd, 2590747.096, 241
Trd, 2590747.179, 244
Trd, 2590747.796, 257
Trd, 2590748.713, 243
Trd, 2590749.863, 247
Trd, 2590750.429, 253
Trd, 2590751.829, 250
Trd, 2590751.896, 251
Trd, 2590752.896, 249
Trd, 2590753.029, 248
Trd, 2590753.479, 238
Trd, 2590753.896, 251
Trd, 2590755.663, 243
Trd, 2590755.779, 242
Trd, 2590756.246, 255
Trd, 2590756.263, 243
Trd, 2590757.046, 263
Trd, 2590757.179, 241
Trd, 2590758.896, 254
Trd, 2590759.313, 255
Trd, 2590759.746, 255
Trd, 2590759.863, 258
Trd, 2590760.496, 248
Trd, 2590760.513, 234
Trd, 2590760.896, 250
Trd, 2590761.646, 242
Trd, 2590762.129, 253
Trd, 2590763.196, 247
Trd, 2590764.863, 242
Trd, 2590765.929, 244
Trd, 2590766.546, 245
Trd, 2590767.429, 244
Trd, 2590768.096, 244
Trd, 2590768.663, 241
Trd, 2590769.063, 245
Trd, 2590769.463, 244
Trd, 2590769.846, 245
Trd, 2590770.129, 234
Trd, 2590770.213, 246
Trd, 2590770.563, 235
Trd, 2590771.229, 236
Trd, 2590771.496, 233
Trd, 2590771.979, 248
Trd, 2590772.813, 222
Trd, 2590773.879, 235
Trd, 2590773.913, 221
Trd, 2590775.213, 247
Trd, 2590775.596, 242
Trd, 2590776.779, 242
Trd, 2590778.179, 244
Trd, 2590778.813, 247
Trd, 2590778.879, 248
Trd, 2590779.496, 248
Trd, 2590780.346, 255
Trd, 2590780.946, 244
Trd, 2590781.179, 243
Trd, 2590782.846, 240
Trd, 2590782.996, 236
Trd, 2590783.563, 244
Trd, 2590783.613, 258
Trd, 2590784.563, 252
Trd, 2590784.813, 265
Trd, 2590785.129, 255
Trd, 2590785.179, 252
Trd, 2590785.363, 251
Trd, 2590785.946, 252
Trd, 2590787.296, 248
Trd, 2590788.746, 249
Trd, 2590789.396, 249
Trd, 2590790.329, 248
Trd, 2590790.763, 240
Trd, 2590791.029, 244
Trd, 2590791.329, 248
Trd, 2590792.113, 249
Trd, 2590792.479, 258
Trd, 2590793.629, 254
Trd, 2590793.696, 236
Trd, 2590795.513, 234
Trd, 2590795.779, 234
Trd, 2590795.896, 231
Trd, 2590796.029, 224
Trd, 2590797.329, 228
Trd, 2590797.813, 232
Trd, 2590798.146, 237
Trd, 2590798.863, 246
Trd, 2590799.863, 234
Trd, 2590800.329, 233
Trd, 2590800.746, 234
Trd, 2590800.763, 233
Trd, 2590801.929, 234
Trd, 2590802.363, 234
Trd, 2590803.813, 240
Trd, 2590804.346, 236
Trd, 2590804.596, 245
Trd, 2590805.363, 246
Trd, 2590806.113, 241
Trd, 2590806.896, 241
Trd, 2590808.196, 241
Trd, 2590808.296, 246
Trd, 2590808.529, 248
Trd, 2590809.046, 246
Trd, 2590809.496, 249
Trd, 2590810.396, 233
Trd, 2590811.046, 244
Trd, 2590811.063, 241
Trd, 2590811.113, 240
Trd, 2590813.379, 227
Trd, 2590813.396, 224
Trd, 2590813.713, 242
Trd, 2590813.813, 240
Trd, 2590813.879, 243
Trd, 2590815.096, 251
Trd, 2590815.213, 250
Trd, 2590815.463, 252
Trd, 2590818.013, 243
Trd, 2590818.446, 245
Trd, 2590818.529, 241
Trd, 2590818.713, 253
Trd, 2590819.146, 256
Trd, 2590819.729, 232
Trd, 2590820.063, 258
Trd, 2590820.879, 225
Trd, 2590821.829, 243
Trd, 2590824.013, 242
Trd, 2590824.929, 259
Trd, 2590825.296, 242
Trd, 2590825.579, 256
Trd, 2590826.929, 255
Trd, 2590827.046, 250
Trd, 2590828.546, 253
Trd, 2590828.596, 254
Trd, 2590828.629, 252
Trd, 2590829.546, 249
Trd, 2590830.446, 240
Trd, 2590830.563, 255
Trd, 2590830.813, 245
Trd, 2590831.046, 258
Trd, 2590831.879, 242
Trd, 2590831.979, 241
Trd, 2590832.079, 241
Trd, 2590832.146, 241
Trd, 2590833.646, 236
Trd, 2590835.646, 237
Trd, 2590836.079, 240
Trd, 2590836.563, 248
Trd, 2590836.729, 242
Trd, 2590837.079, 267
Trd, 2590837.746, 228
Trd, 2590838.829, 258
Trd, 2590839.446, 224
Trd, 2590839.463, 265
Trd, 2590840.796, 244
Trd, 2590842.279, 238
Trd, 2590842.396, 237
Trd, 2590842.463, 257
Trd, 2590842.863, 257
Trd, 2590843.196, 237
Trd, 2590844.929, 241
Trd, 2590846.646, 248
Trd, 2590846.729, 248
Trd, 2590848.329, 251
Trd, 2590848.479, 240
Trd, 2590848.813, 254
Trd, 2590849.496, 241
Trd, 2590849.513, 240
Trd, 2590849.846, 259
Trd, 2590850.163, 229
Trd, 2590850.246, 261
Trd, 2590851.179, 268
Trd, 2590851.196, 251
Trd, 2590852.463, 224
Trd, 2590853.879, 230
Trd, 2590853.946, 246
Trd, 2590853.963, 229
Trd, 2590854.146, 245
Trd, 2590855.313, 243
Trd, 2590855.813, 223
Trd, 2590856.346, 220
Trd, 2590856.546, 221
Trd, 2590856.663, 227
Trd, 2590856.963, 251
Trd, 2590858.963, 245
Trd, 2590859.429, 244
Trd, 2590860.496, 241
Trd, 2590860.979, 244
Trd, 2590861.129, 255
Trd, 2590861.963, 244
Trd, 2590862.229, 258
Trd, 2590862.596, 238
Trd, 2590863.213, 237
Trd, 2590863.996, 236
Trd, 2590864.129, 263
Trd, 2590864.913, 249
Trd, 2590865.196, 236
Trd, 2590866.629, 244
Trd, 2590866.779, 241
Trd, 2590866.829, 239
Trd, 2590866.896, 238
Trd, 2590870.913, 247
Trd, 2590871.163, 248
Trd, 2590871.563, 244
Trd, 2590871.829, 243
Trd, 2590872.696, 245
Trd, 2590872.913, 247
Trd, 2590873.029, 248
Trd, 2590873.363, 255
Trd, 2590873.513, 258
Trd, 2590874.529, 240
Trd, 2590874.879, 251
Trd, 2590875.063, 251
Trd, 2590876.896, 264
Trd, 2590877.646, 260
Trd, 2590878.413, 259
Trd, 2590878.696, 240
Trd, 2590879.763, 232
Trd, 2590880.863, 240
Trd, 2590881.113, 233
Trd, 2590881.596, 234
Trd, 2590881.846, 249
Trd, 2590883.913, 251
Trd, 2590884.113, 243
Trd, 2590884.379, 242
Trd, 2590885.563, 244
Trd, 2590885.929, 245
Trd, 2590887.313, 245
Trd, 2590887.779, 243
Trd, 2590888.246, 242
Trd, 2590889.129, 241
Trd, 2590889.396, 248
Trd, 2590889.613, 233
Trd, 2590890.079, 256
Trd, 2590890.213, 258
Trd, 2590891.563, 243
Trd, 2590892.079, 223
Trd, 2590892.263, 221
Trd, 2590892.446, 224
Trd, 2590894.163, 248
Trd, 2590895.246, 227
Trd, 2590895.929, 257
Trd, 2590896.846, 232
Trd, 2590898.663, 238
Trd, 2590898.696, 237
Trd, 2590898.813, 244
Trd, 2590899.479, 252
Trd, 2590899.863, 252
Trd, 2590899.929, 251
Trd, 2590900.313, 250
Trd, 2590901.013, 243
Trd, 2590901.029, 250
Trd, 2590901.229, 247
Trd, 2590901.563, 246
Trd, 2590902.029, 258
Trd, 2590902.179, 240
Trd, 2590902.596, 239
Trd, 2590903.046, 257
Trd, 2590906.429, 256
Trd, 2590906.979, 240
Trd, 2590907.813, 263
Trd, 2590907.946, 241
Trd, 2590908.079, 264
Trd, 2590908.096, 240
Trd, 2590908.979, 237
Trd, 2590910.963, 234
Trd, 2590911.713, 223
Trd, 2590912.013, 252
Trd, 2590912.846, 253
Trd, 2590913.696, 227
Trd, 2590913.813, 255
Trd, 2590914.229, 263
Trd, 2590915.929, 235
Trd, 2590916.446, 233
Trd, 2590916.863, 242
Trd, 2590918.079, 237
Trd, 2590918.463, 240
Trd, 2590919.029, 255
Trd, 2590919.446, 257
Trd, 2590920.279, 248
Trd, 2590921.063, 249
Trd, 2590921.279, 239
Trd, 2590921.379, 254
Trd, 2590921.646, 239
Trd, 2590921.879, 236
Trd, 2590923.663, 234
Trd, 2590923.946, 258
Trd, 2590924.446, 249
Trd, 2590924.613, 257
Trd, 2590924.846, 234
Trd, 2590924.946, 233
Trd, 2590927.646, 250
Trd, 2590928.179, 245
Trd, 2590929.029, 264
Trd, 2590929.479, 265
Trd, 2590929.546, 241
Trd, 2590930.429, 242
Trd, 2590931.313, 241
Trd, 2590933.446, 248
Trd, 2590933.763, 248
Trd, 2590933.913, 247
Trd, 2590934.313, 255
Trd, 2590934.346, 241
Trd, 2590934.713, 257
Trd, 2590935.863, 241
Trd, 2590936.396, 250
Trd, 2590936.696, 254
Trd, 2590936.846, 244
Trd, 2590937.196, 255
Trd, 2590938.196, 246
Trd, 2590938.713, 258
Trd, 2590941.263, 245
Trd, 2590941.413, 248
Trd, 2590942.663, 260
Trd, 2590942.996, 261
Trd, 2590943.646, 250
Trd, 2590943.679, 249
Trd, 2590944.279, 246
Trd, 2590944.563, 266
Trd, 2590944.896, 268
Trd, 2590944.913, 252
Trd, 2590945.929, 249
Trd, 2590945.946, 247
Trd, 2590946.079, 231
Trd, 2590946.329, 225
Trd, 2590948.413, 253
Trd, 2590949.929, 224
Trd, 2590950.296, 241
Trd, 2590951.479, 241
Trd, 2590951.663, 242
Trd, 2590952.629, 241
Trd, 2590953.179, 246
Trd, 2590954.646, 255
Trd, 2590954.879, 250
Trd, 2590955.146, 249
Trd, 2590956.346, 250
Trd, 2590957.246, 262
Trd, 2590957.796, 261
Trd, 2590958.396, 256
Trd, 2590958.479, 255
Trd, 2590959.946, 251
Trd, 2590961.063, 254
Trd, 2590961.196, 255
Trd, 2590961.679, 253
Trd, 2590961.813, 248
Trd, 2590962.896, 251
Trd, 2590963.029, 242
Trd, 2590963.063, 241
Trd, 2590963.546, 251
Trd, 2590963.813, 234
Trd, 2590965.529, 242
Trd, 2590966.746, 243
Trd, 2590967.946, 244
Trd, 2590967.979, 245
Trd, 2590968.296, 254
Trd, 2590968.713, 247
Trd, 2590968.746, 254
Trd, 2590968.796, 247
Trd, 2590970.079, 245
Trd, 2590970.429, 244
Trd, 2590970.646, 237
Trd, 2590970.863, 232
Trd, 2590970.979, 256
Trd, 2590971.596, 230
Trd, 2590971.979, 258
Trd, 2590972.163, 234
Trd, 2590972.796, 232
Trd, 2590972.896, 236
Trd, 2590973.129, 226
Trd, 2590973.463, 223
Trd, 2590973.629, 255
Trd, 2590974.013, 256
Trd, 2590974.946, 245
Trd, 2590975.129, 248
Trd, 2590978.279, 258
Trd, 2590978.529, 257
Trd, 2590979.263, 256
Trd, 2590979.929, 254
Trd, 2590980.479, 247
Trd, 2590980.713, 260
Trd, 2590980.796, 238
Trd, 2590981.746, 238
Trd, 2590982.229, 239
Trd, 2590983.313, 259
Trd, 2590983.379, 237
Trd, 2590983.946, 257
Trd, 2590985.779, 252
Trd, 2590986.263, 235
Trd, 2590986.996, 251
Trd, 2590987.163, 252
Trd, 2590987.296, 246
Trd, 2590987.696, 244
Trd, 2590987.796, 235
Trd, 2590989.529, 250
Trd, 2590989.829, 248
Trd, 2590990.763, 255
Trd, 2590991.113, 223
Trd, 2590991.896, 234
Trd, 2590992.396, 257
Trd, 2590992.446, 222
Trd, 2590992.563, 258
Trd, 2590996.646, 242
Trd, 2590997.179, 238
Trd, 2590997.846, 244
Trd, 2590998.863, 232
Trd, 2590999.579, 234
Trd, 2591000.196, 237
Trd, 2591000.529, 257
Trd, 2591000.546, 229
Trd, 2591000.863, 256
Trd, 2591001.029, 239
Trd, 2591001.646, 228
Trd, 2591002.129, 227
Trd, 2591003.063, 235
Trd, 2591003.346, 248
Trd, 2591005.279, 235
Trd, 2591005.329, 234
Trd, 2591007.313, 228
Trd, 2591007.796, 227
Trd, 2591008.246, 236
Trd, 2591008.313, 237
Trd, 2591009.096, 242
Trd, 2591009.896, 246
Trd, 2591011.146, 242
Trd, 2591011.229, 243
Trd, 2591012.779, 247
Trd, 2591012.963, 248
Trd, 2591012.979, 257
Trd, 2591013.896, 252
Trd, 2591014.529, 258
Trd, 2591014.713, 246
Trd, 2591015.779, 262
Trd, 2591016.596, 252
Trd, 2591016.713, 251
Trd, 2591017.179, 253
Trd, 2591017.663, 254
Trd, 2591017.679, 252
Trd, 2591017.829, 239
Trd, 2591018.363, 239
Trd, 2591020.046, 235
Trd, 2591021.129, 243
Trd, 2591021.696, 243
Trd, 2591021.729, 247
Trd, 2591021.896, 230
Trd, 2591022.246, 248
Trd, 2591022.629, 255
Trd, 2591022.913, 239
Trd, 2591023.513, 241
Trd, 2591024.979, 250
Trd, 2591026.813, 235
Trd, 2591027.629, 252
Trd, 2591027.929, 253
Trd, 2591028.413, 256
Trd, 2591028.546, 242
Trd, 2591028.979, 241
Trd, 2591029.763, 241
Trd, 2591030.163, 241
Trd, 2591031.013, 240
Trd, 2591033.013, 237
Trd, 2591033.446, 258
Trd, 2591033.629, 236
Trd, 2591034.029, 235
Trd, 2591035.629, 251
Trd, 2591035.696, 240
Trd, 2591035.879, 252
Trd, 2591035.963, 234
Trd, 2591036.946, 224
Trd, 2591038.729, 248
Trd, 2591039.379, 250
Trd, 2591039.846, 238
Trd, 2591040.146, 255
Trd, 2591040.746, 258
Trd, 2591041.179, 257
Trd, 2591041.963, 247
Trd, 2591042.346, 266
Trd, 2591042.413, 265
Trd, 2591044.179, 247
Trd, 2591044.296, 251
Trd, 2591044.813, 249
Trd, 2591044.846, 247
Trd, 2591046.196, 252
Trd, 2591048.646, 251
Trd, 2591049.646, 248
Trd, 2591050.363, 248
Trd, 2591050.763, 242
Trd, 2591051.213, 245
Trd, 2591051.479, 245
Trd, 2591052.413, 247
Trd, 2591052.746, 248
Trd, 2591052.829, 246
Trd, 2591053.346, 250
Trd, 2591053.546, 253
Trd, 2591053.763, 256
Trd, 2591055.146, 246
Trd, 2591055.163, 245
Trd, 2591056.979, 242
Trd, 2591057.196, 250
Trd, 2591057.663, 234
Trd, 2591058.263, 258
Trd, 2591058.396, 232
Trd, 2591059.346, 259
Trd, 2591059.429, 255
Trd, 2591060.513, 242
Trd, 2591061.113, 253
Trd, 2591062.879, 245
Trd, 2591063.096, 247
Trd, 2591064.296, 238
Trd, 2591064.613, 235
Trd, 2591065.546, 240
Trd, 2591065.646, 240
Trd, 2591066.429, 244
Trd, 2591067.546, 243
Trd, 2591068.863, 246
Trd, 2591070.546, 244
Trd, 2591070.596, 252
Trd, 2591070.763, 234
Trd, 2591070.829, 256
Trd, 2591071.363, 227
Trd, 2591071.446, 257
Trd, 2591071.596, 258
Trd, 2591071.929, 264
Trd, 2591073.663, 256
Trd, 2591073.696, 254
Trd, 2591073.979, 254
Trd, 2591074.229, 254
Trd, 2591074.763, 256
Trd, 2591075.079, 256
Trd, 2591075.379, 256
Trd, 2591076.513, 259
Trd, 2591076.529, 252
Trd, 2591077.213, 251
Trd, 2591078.229, 248
Trd, 2591078.596, 257
Trd, 2591078.613, 258
Trd, 2591079.629, 256
Trd, 2591080.463, 240
Trd, 2591081.596, 234
Trd, 2591081.963, 247
Trd, 2591082.179, 242
Trd, 2591083.946, 264
Trd, 2591084.479, 272
Trd, 2591084.596, 240
Trd, 2591085.546, 245
Trd, 2591085.646, 258
Trd, 2591086.446, 220
Trd, 2591086.646, 219
Trd, 2591087.779, 235
Trd, 2591087.829, 228
Trd, 2591089.079, 249
Trd, 2591089.563, 251
Trd, 2591089.663, 248
Trd, 2591091.229, 250
Trd, 2591092.246, 250
Trd, 2591093.613, 249
Trd, 2591093.746, 250
Trd, 2591094.229, 255
Trd, 2591094.396, 251
Trd, 2591094.879, 251
Trd, 2591095.179, 249
Trd, 2591095.379, 248
Trd, 2591095.746, 265
Trd, 2591097.863, 244
Trd, 2591097.896, 240
Trd, 2591098.163, 258
Trd, 2591099.096, 238
Trd, 2591099.263, 244
Trd, 2591100.313, 241
Trd, 2591100.596, 255
Trd, 2591101.579, 242
Trd, 2591101.729, 241
Trd, 2591101.846, 234
Trd, 2591102.196, 254
Trd, 2591102.379, 255
Trd, 2591102.479, 224
Trd, 2591102.779, 223
Trd, 2591104.529, 243
Trd, 2591104.929, 244
Trd, 2591105.379, 241
Trd, 2591105.629, 240
Trd, 2591107.629, 245
Trd, 2591107.879, 252
Trd, 2591108.929, 250
Trd, 2591109.313, 248
Trd, 2591109.829, 248
Trd, 2591110.046, 247
Trd, 2591110.846, 245
Trd, 2591111.213, 241
Trd, 2591111.429, 248
Trd, 2591112.313, 255
Trd, 2591112.479, 241
Trd, 2591112.529, 240
Trd, 2591113.296, 258
Trd, 2591114.413, 265
Trd, 2591115.596, 267
Trd, 2591116.013, 244
Trd, 2591116.163, 243
Trd, 2591117.329, 260
Trd, 2591117.829, 264
Trd, 2591118.396, 244
Trd, 2591118.996, 244
Trd, 2591120.379, 247
Trd, 2591120.446, 245
Trd, 2591121.029, 240
Trd, 2591121.529, 252
Trd, 2591122.046, 255
Trd, 2591122.429, 256
Trd, 2591123.263, 251
Trd, 2591123.396, 256
Trd, 2591124.629, 236
Trd, 2591124.696, 235
Trd, 2591124.946, 233
Trd, 2591125.163, 233
Trd, 2591125.446, 254
Trd, 2591126.479, 239
Trd, 2591126.846, 247
Trd, 2591129.513, 244
Trd, 2591130.113, 243
Trd, 2591130.329, 242
Trd, 2591131.229, 243
Trd, 2591132.113, 244
Trd, 2591134.296, 252
Trd, 2591134.796, 253
Trd, 2591134.863, 251
Trd, 2591135.329, 250
Trd, 2591136.063, 249
Trd, 2591136.079, 256
Trd, 2591136.313, 249
Trd, 2591136.463, 240
Trd, 2591136.579, 234
Trd, 2591136.896, 256
Trd, 2591137.646, 258
Trd, 2591139.079, 253
Trd, 2591139.779, 252
Trd, 2591139.863, 248
Trd, 2591140.296, 255
Trd, 2591142.596, 236
Trd, 2591142.646, 251
Trd, 2591143.029, 226
Trd, 2591143.613, 225
Trd, 2591145.063, 236
Trd, 2591145.229, 237
Trd, 2591145.963, 234
Trd, 2591146.046, 258
Trd, 2591146.963, 241
Trd, 2591147.129, 224
Trd, 2591147.379, 256
Trd, 2591148.046, 233
Trd, 2591148.813, 231
Trd, 2591149.013, 237
Trd, 2591149.229, 248
Trd, 2591149.663, 243
Trd, 2591151.063, 249
Trd, 2591151.429, 231
Trd, 2591151.713, 231
Trd, 2591153.529, 236
Trd, 2591154.229, 244
Trd, 2591154.329, 258
Trd, 2591154.896, 258
Trd, 2591156.263, 255
Trd, 2591156.363, 251
Trd, 2591158.496, 245
Trd, 2591158.963, 243
Trd, 2591159.863, 243
Trd, 2591159.929, 244
Trd, 2591160.029, 244
Trd, 2591160.079, 239
Trd, 2591160.663, 238
Trd, 2591161.479, 241
Trd, 2591161.946, 244
Trd, 2591162.929, 240
Trd, 2591163.496, 259
Trd, 2591163.813, 261
Trd, 2591166.213, 249
Trd, 2591166.629, 245
Trd, 2591167.313, 251
Trd, 2591167.679, 249
Trd, 2591168.529, 250
Trd, 2591168.663, 249
Trd, 2591169.129, 257
Trd, 2591170.013, 248
Trd, 2591170.913, 246
Trd, 2591171.046, 245
Trd, 2591172.613, 243
Trd, 2591172.813, 251
Trd, 2591174.396, 240
Trd, 2591175.063, 234
Trd, 2591175.246, 248
Trd, 2591176.779, 244
Trd, 2591176.896, 256
Trd, 2591177.129, 258
Trd, 2591177.429, 244
Trd, 2591177.679, 251
Trd, 2591177.863, 242
Trd, 2591178.079, 238
Trd, 2591178.713, 243
Trd, 2591178.879, 247
Trd, 2591180.729, 243
Trd, 2591181.146, 237
Trd, 2591181.396, 255
Trd, 2591181.663, 241
Trd, 2591183.896, 235
Trd, 2591184.113, 252
Trd, 2591184.746, 237
Trd, 2591185.029, 258
Trd, 2591185.346, 256
Trd, 2591185.929, 236
Trd, 2591186.629, 234
Trd, 2591187.113, 221
Trd, 2591187.246, 245
Trd, 2591187.496, 248
Trd, 2591188.946, 241
Trd, 2591189.246, 242
Trd, 2591189.479, 245
Trd, 2591190.679, 253
Trd, 2591191.146, 256
Trd, 2591192.563, 223
Trd, 2591193.113, 246
Trd, 2591195.063, 244
Trd, 2591195.646, 258
Trd, 2591196.096, 242
Trd, 2591197.029, 246
Trd, 2591197.379, 244
Trd, 2591198.629, 243
Trd, 2591199.013, 252
Trd, 2591200.079, 250
Trd, 2591200.129, 246
Trd, 2591200.563, 253
Trd, 2591201.563, 251
Trd, 2591202.196, 250
Trd, 2591203.063, 241
Trd, 2591203.213, 241
Trd, 2591203.296, 258
Trd, 2591203.579, 236
Trd, 2591204.379, 258
Trd, 2591205.379, 218
Trd, 2591205.663, 220
Trd, 2591206.746, 265
Trd, 2591207.129, 222
Trd, 2591208.179, 259
Trd, 2591208.796, 260
Trd, 2591209.196, 244
Trd, 2591210.613, 234
Trd, 2591210.813, 233
Trd, 2591211.179, 225
Trd, 2591212.529, 232
Trd, 2591214.429, 240
Trd, 2591215.213, 246
Trd, 2591215.296, 239
Trd, 2591215.513, 248
Trd, 2591215.529, 252
Trd, 2591216.163, 258
Trd, 2591216.979, 239
Trd, 2591217.196, 255
Trd, 2591218.129, 252
Trd, 2591218.496, 253
Trd, 2591219.213, 254
Trd, 2591219.863, 254
Trd, 2591219.946, 250
Trd, 2591220.546, 248
Trd, 2591221.079, 224
Trd, 2591222.263, 234
Trd, 2591222.463, 225
Trd, 2591222.663, 241
Trd, 2591223.129, 266
Trd, 2591223.429, 263
Trd, 2591223.596, 220
Trd, 2591223.796, 241
Trd, 2591225.679, 252
Trd, 2591225.996, 259
Trd, 2591227.063, 263
Trd, 2591227.146, 265
Trd, 2591228.313, 259
Trd, 2591228.579, 259
Trd, 2591228.913, 268
Trd, 2591229.446, 258
Trd, 2591230.763, 256
Trd, 2591231.396, 255
Trd, 2591231.913, 250
Trd, 2591232.196, 248
Trd, 2591232.513, 234
Trd, 2591232.746, 245
Trd, 2591232.863, 227
Trd, 2591233.129, 252
Trd, 2591234.279, 252
Trd, 2591234.479, 241
Trd, 2591237.063, 253
Trd, 2591237.729, 247
Trd, 2591237.913, 248
Trd, 2591238.013, 254
Trd, 2591238.529, 239
Trd, 2591240.396, 228
Trd, 2591240.779, 226
Trd, 2591241.396, 251
Trd, 2591241.413, 253
Trd, 2591241.729, 223
Trd, 2591242.679, 224
Trd, 2591243.929, 257
Trd, 2591244.379, 254
Trd, 2591245.329, 254
Trd, 2591245.546, 254
Trd, 2591245.696, 255
Trd, 2591245.829, 258
Trd, 2591246.063, 257
Trd, 2591246.129, 232
Trd, 2591246.779, 233
Trd, 2591247.196, 249
Trd, 2591248.946, 243
Trd, 2591250.363, 248
Trd, 2591250.879, 248
Trd, 2591250.979, 247
Trd, 2591251.029, 258
Trd, 2591251.329, 242
Trd, 2591251.779, 242
Trd, 2591252.963, 253
Trd, 2591253.863, 265
Trd, 2591254.146, 237
Trd, 2591254.696, 255
Trd, 2591255.446, 255
Trd, 2591256.329, 240
Trd, 2591256.679, 263
Trd, 2591256.879, 258
Trd, 2591257.663, 256
Trd, 2591258.563, 235
Trd, 2591260.929, 255
Trd, 2591261.079, 248
Trd, 2591261.429, 250
Trd, 2591261.496, 256
Trd, 2591262.329, 254
Trd, 2591264.846, 255
Trd, 2591265.229, 247
Trd, 2591265.313, 246
Trd, 2591265.896, 246
Trd, 2591266.696, 251
Trd, 2591266.813, 255
Trd, 2591267.463, 242
Trd, 2591267.479, 255
Trd, 2591268.429, 241
Trd, 2591269.479, 233
Trd, 2591269.929, 255
Trd, 2591271.196, 236
Trd, 2591271.279, 253
Trd, 2591272.696, 241
Trd, 2591273.929, 243
Trd, 2591274.046, 246
Trd, 2591274.713, 251
Trd, 2591276.096, 257
Trd, 2591276.363, 257
Trd, 2591276.829, 247
Trd, 2591277.063, 246
Trd, 2591277.196, 232
Trd, 2591277.246, 231
Trd, 2591277.313, 253
Trd, 2591277.429, 223
Trd, 2591277.746, 221
Trd, 2591278.929, 235
Trd, 2591279.163, 227
Trd, 2591281.046, 243
Trd, 2591281.096, 247
Trd, 2591281.546, 244
Trd, 2591281.746, 243
Trd, 2591283.063, 246
Trd, 2591283.463, 228
Trd, 2591284.979, 230
Trd, 2591285.779, 230
Trd, 2591286.779, 246
Trd, 2591288.129, 252
Trd, 2591288.329, 253
Trd, 2591288.479, 257
Trd, 2591289.279, 257
Trd, 2591289.329, 256
Trd, 2591289.829, 257
Trd, 2591289.846, 256
Trd, 2591291.013, 255
Trd, 2591291.646, 242
Trd, 2591292.579, 224
Trd, 2591292.713, 217
Trd, 2591293.313, 255
Trd, 2591293.529, 258
Trd, 2591293.763, 241
Trd, 2591293.863, 265
Trd, 2591295.229, 254
Trd, 2591295.696, 245
Trd, 2591296.146, 241
Trd, 2591297.129, 216
Trd, 2591297.929, 222
Trd, 2591298.146, 231
Trd, 2591299.163, 214
Trd, 2591299.579, 237
Trd, 2591300.146, 244
Trd, 2591300.379, 248
Trd, 2591300.929, 241
Trd, 2591301.246, 240
Trd, 2591302.613, 252
Trd, 2591302.813, 256
Trd, 2591303.729, 250
Trd, 2591304.363, 234
Trd, 2591304.963, 228
Trd, 2591305.296, 237
Trd, 2591305.313, 238
Trd, 2591306.079, 224
Trd, 2591308.429, 247
Trd, 2591308.546, 245
Trd, 2591310.079, 244
Trd, 2591310.596, 250
Trd, 2591310.629, 243
Trd, 2591310.679, 255
Trd, 2591310.729, 258
Trd, 2591311.796, 245
Trd, 2591311.829, 240
Trd, 2591314.763, 257
Trd, 2591315.363, 250
Trd, 2591315.579, 259
Trd, 2591315.929, 261
Trd, 2591316.313, 249
Trd, 2591317.579, 251
Trd, 2591317.829, 254
Trd, 2591318.013, 241
Trd, 2591318.496, 243
Trd, 2591319.396, 246
Trd, 2591319.863, 234
Trd, 2591320.146, 233
Trd, 2591320.329, 245
Trd, 2591320.446, 231
Trd, 2591320.479, 256
Trd, 2591322.813, 225
Trd, 2591324.863, 250
Trd, 2591325.296, 243
Trd, 2591326.046, 245
Trd, 2591326.396, 245
Trd, 2591327.096, 254
Trd, 2591327.179, 258
Trd, 2591328.763, 247
Trd, 2591329.079, 254
Trd, 2591329.329, 242
Trd, 2591329.479, 255
Trd, 2591330.163, 239
Trd, 2591330.279, 249
Trd, 2591331.363, 238
Trd, 2591331.563, 231
Trd, 2591331.696, 255
Trd, 2591332.246, 255
Trd, 2591332.446, 256
Trd, 2591334.279, 234
Trd, 2591334.546, 222
Trd, 2591334.713, 237
Trd, 2591338.263, 245
Trd, 2591338.329, 244
Trd, 2591338.529, 247
Trd, 2591338.996, 250
Trd, 2591339.113, 245
Trd, 2591340.463, 255
Trd, 2591340.879, 253
Trd, 2591341.013, 251
Trd, 2591341.613, 254
Trd, 2591341.796, 240
Trd, 2591342.179, 258
Trd, 2591343.829, 262
Trd, 2591344.096, 263
Trd, 2591345.029, 261
Trd, 2591345.629, 251
Trd, 2591346.196, 262
Trd, 2591346.846, 254
Trd, 2591347.563, 256
Trd, 2591348.229, 254
Trd, 2591348.946, 253
Trd, 2591349.079, 252
Trd, 2591349.129, 262
Trd, 2591349.363, 248
Trd, 2591349.646, 240
Trd, 2591350.379, 234
Trd, 2591352.096, 225
Trd, 2591352.696, 230
Trd, 2591352.746, 231
Trd, 2591353.713, 243
Trd, 2591354.313, 244
Trd, 2591355.363, 239
Trd, 2591356.129, 241
Trd, 2591356.796, 242
Trd, 2591357.513, 249
Trd, 2591358.763, 230
Trd, 2591359.379, 236
Trd, 2591360.063, 241
Trd, 2591360.296, 247
Trd, 2591361.279, 248
Trd, 2591361.696, 250
Trd, 2591362.646, 255
Trd, 2591362.846, 258
Trd, 2591363.763, 256
Trd, 2591364.296, 260
Trd, 2591364.613, 257
Trd, 2591364.679, 261
Trd, 2591364.763, 255
Trd, 2591364.946, 255
Trd, 2591364.963, 248
Trd, 2591365.246, 234
Trd, 2591366.396, 251
Trd, 2591367.196, 224
Trd, 2591370.529, 241
Trd, 2591370.946, 241
Trd, 2591371.279, 236
Trd, 2591371.729, 241
Trd, 2591371.779, 242
Trd, 2591371.829, 248
Trd, 2591372.013, 234
Trd, 2591372.146, 221
Trd, 2591373.046, 255
Trd, 2591373.196, 236
Trd, 2591375.296, 256
Trd, 2591375.529, 249
Trd, 2591376.446, 244
Trd, 2591376.463, 219
Trd, 2591376.679, 259
Trd, 2591378.213, 257
Trd, 2591378.246, 239
Trd, 2591378.746, 259
Trd, 2591379.463, 259
Trd, 2591379.646, 251
Trd, 2591380.663, 252
Trd, 2591380.779, 254
Trd, 2591380.796, 240
Trd, 2591381.846, 242
Trd, 2591382.579, 251
Trd, 2591382.779, 241
Trd, 2591383.063, 255
Trd, 2591384.146, 245
Trd, 2591384.863, 243
Trd, 2591385.713, 254
Trd, 2591386.746, 236
Trd, 2591387.063, 235
Trd, 2591387.229, 252
Trd, 2591387.646, 234
Trd, 2591388.913, 224
Trd, 2591389.329, 245
Trd, 2591389.713, 220
Trd, 2591391.463, 235
Trd, 2591391.629, 234
Trd, 2591392.313, 216
Trd, 2591392.713, 215
Trd, 2591392.846, 220
Trd, 2591393.746, 243
Trd, 2591394.196, 244
Trd, 2591395.163, 224
Trd, 2591397.679, 233
Trd, 2591398.596, 241
Trd, 2591399.013, 246
Trd, 2591399.129, 246
Trd, 2591399.213, 242
Trd, 2591399.346, 246
Trd, 2591399.779, 247
Trd, 2591400.163, 248
Trd, 2591401.013, 258
Trd, 2591401.179, 242
Trd, 2591401.396, 241
Trd, 2591403.096, 258
Trd, 2591404.096, 243
Trd, 2591404.513, 248
Trd, 2591405.463, 245
Trd, 2591405.996, 252
Trd, 2591406.313, 245
Trd, 2591406.679, 244
Trd, 2591407.879, 248
Trd, 2591408.179, 250
Trd, 2591408.446, 241
Trd, 2591409.313, 245
Trd, 2591409.913, 244
Trd, 2591410.713, 255
Trd, 2591411.313, 248
Trd, 2591414.079, 241
Trd, 2591414.713, 251
Trd, 2591416.063, 247
Trd, 2591416.796, 246
Trd, 2591417.146, 247
Trd, 2591417.463, 239
Trd, 2591417.546, 248
Trd, 2591417.763, 238
Trd, 2591417.896, 251
Trd, 2591418.946, 233
Trd, 2591418.996, 258
Trd, 2591419.713, 249
Trd, 2591421.013, 263
Trd, 2591421.213, 246
Trd, 2591422.313, 264
Trd, 2591422.379, 244
Trd, 2591422.763, 225
Trd, 2591423.313, 238
Trd, 2591423.679, 234
Trd, 2591423.763, 260
Trd, 2591424.413, 261
Trd, 2591425.046, 235
Trd, 2591426.746, 227
Trd, 2591426.979, 220
Trd, 2591428.446, 232
Trd, 2591428.846, 236
Trd, 2591430.029, 237
Trd, 2591430.113, 237
Trd, 2591430.346, 236
Trd, 2591430.463, 216
Trd, 2591432.313, 245
Trd, 2591433.363, 262
Trd, 2591433.563, 248
Trd, 2591433.613, 255
Trd, 2591433.696, 254
Trd, 2591434.329, 265
Trd, 2591434.363, 249
Trd, 2591435.329, 249
Trd, 2591436.429, 253
Trd, 2591436.763, 259
Trd, 2591436.813, 250
Trd, 2591436.979, 248
Trd, 2591437.263, 255
Trd, 2591438.513, 260
Trd, 2591439.563, 250
Trd, 2591440.213, 259
Trd, 2591440.796, 234
Trd, 2591441.563, 240
Trd, 2591442.063, 228
Trd, 2591445.113, 258
Trd, 2591445.896, 253
Trd, 2591446.246, 255
Trd, 2591447.029, 255
Trd, 2591447.179, 256
Trd, 2591447.379, 249
Trd, 2591448.029, 261
Trd, 2591448.063, 264
Trd, 2591448.296, 266
Trd, 2591448.363, 254
Trd, 2591448.396, 248
Trd, 2591449.379, 258
Trd, 2591451.446, 252
Trd, 2591452.063, 251
Trd, 2591452.129, 248
Trd, 2591452.279, 241
Trd, 2591452.596, 234
Trd, 2591453.013, 221
Trd, 2591454.296, 224
Trd, 2591454.329, 220
Trd, 2591456.346, 220
Trd, 2591456.846, 227
Trd, 2591457.046, 231
Trd, 2591457.096, 237
Trd, 2591457.229, 248
Trd, 2591460.113, 251
Trd, 2591460.346, 240
Trd, 2591460.513, 245
Trd, 2591461.213, 240
Trd, 2591461.363, 240
Trd, 2591461.446, 241
Trd, 2591461.479, 234
Trd, 2591461.629, 248
Trd, 2591461.696, 234
Trd, 2591462.679, 252
Trd, 2591463.013, 251
Trd, 2591464.396, 257
Trd, 2591465.396, 241
Trd, 2591465.963, 242
Trd, 2591466.279, 251
Trd, 2591466.463, 257
Trd, 2591467.546, 249
Trd, 2591468.396, 240
Trd, 2591468.463, 258
Trd, 2591469.763, 240
Trd, 2591470.679, 240
Trd, 2591470.929, 234
Trd, 2591470.979, 254
Trd, 2591472.063, 227
Trd, 2591473.246, 253
Trd, 2591474.129, 249
Trd, 2591474.413, 249
Trd, 2591474.696, 249
Trd, 2591475.263, 248
Trd, 2591475.796, 241
Trd, 2591476.329, 256
Trd, 2591476.779, 259
Trd, 2591477.179, 253
Trd, 2591477.696, 235
Trd, 2591478.463, 232
Trd, 2591479.329, 224
Trd, 2591479.796, 261
Trd, 2591480.829, 259
Trd, 2591481.996, 254
Trd, 2591482.096, 251
Trd, 2591482.779, 260
Trd, 2591482.896, 251
Trd, 2591483.479, 249
Trd, 2591486.163, 248
Trd, 2591487.196, 243
Trd, 2591487.579, 250
Trd, 2591487.629, 252
Trd, 2591488.013, 254
Trd, 2591488.079, 243
Trd, 2591490.429, 251
Trd, 2591490.496, 246
Trd, 2591490.579, 255
Trd, 2591491.979, 253
Trd, 2591492.046, 249
Trd, 2591492.629, 248
Trd, 2591492.763, 252
Trd, 2591492.879, 241
Trd, 2591495.913, 244
Trd, 2591496.146, 248
Trd, 2591496.463, 238
Trd, 2591496.529, 235
Trd, 2591496.729, 255
Trd, 2591497.146, 218
Trd, 2591497.513, 253
Trd, 2591498.579, 256
Trd, 2591498.646, 245
Trd, 2591499.613, 257
Trd, 2591500.263, 246
Trd, 2591501.129, 249
Trd, 2591501.896, 254
Trd, 2591502.229, 246
Trd, 2591502.563, 257
Trd, 2591503.763, 255
Trd, 2591504.113, 255
Trd, 2591504.846, 256
Trd, 2591504.946, 258
Trd, 2591505.079, 255
Trd, 2591505.679, 248
Trd, 2591506.296, 266
Trd, 2591506.613, 232
Trd, 2591507.979, 245
Trd, 2591508.729, 249
Trd, 2591509.279, 238
Trd, 2591510.479, 242
Trd, 2591510.679, 243
Trd, 2591511.129, 234
Trd, 2591511.879, 226
Trd, 2591513.229, 226
Trd, 2591513.313, 227
Trd, 2591514.313, 225
Trd, 2591514.829, 233
Trd, 2591515.829, 237
Trd, 2591516.279, 228
Trd, 2591516.746, 242
Trd, 2591517.196, 228
Trd, 2591518.213, 249
Trd, 2591520.346, 245
Trd, 2591521.379, 249
Trd, 2591521.646, 245
Trd, 2591522.196, 243
Trd, 2591522.429, 238
Trd, 2591524.363, 246
Trd, 2591524.379, 245
Trd, 2591524.513, 244
Trd, 2591524.646, 246
Trd, 2591527.213, 258
Trd, 2591527.679, 238
Trd, 2591527.846, 258
Trd, 2591528.496, 234
Trd, 2591529.029, 235
Trd, 2591529.413, 245
Trd, 2591529.946, 225
Trd, 2591530.213, 260
Trd, 2591531.513, 248
Trd, 2591531.629, 247
Trd, 2591532.496, 219
Trd, 2591534.296, 224
Trd, 2591534.596, 239
Trd, 2591534.946, 239
Trd, 2591535.929, 242
Trd, 2591536.029, 240
Trd, 2591536.079, 245
Trd, 2591536.379, 248
Trd, 2591537.413, 240
Trd, 2591537.446, 235
Trd, 2591539.196, 232
Trd, 2591540.913, 224
Trd, 2591541.529, 235
Trd, 2591541.713, 224
Trd, 2591542.413, 234
Trd, 2591543.579, 237
Trd, 2591544.379, 245
Trd, 2591546.713, 253
Trd, 2591546.963, 252
Trd, 2591547.563, 248
Trd, 2591548.179, 255
Trd, 2591548.763, 237
Trd, 2591549.246, 239
Trd, 2591549.279, 255
Trd, 2591549.379, 238
Trd, 2591549.996, 242
Trd, 2591550.463, 241
Trd, 2591550.896, 246
Trd, 2591551.813, 243
Trd, 2591552.113, 257
Trd, 2591552.996, 254
Trd, 2591555.163, 239
Trd, 2591555.729, 252
Trd, 2591556.579, 248
Trd, 2591556.846, 247
Trd, 2591556.863, 241
Trd, 2591557.063, 257
Trd, 2591557.896, 248
Trd, 2591559.196, 249
Trd, 2591560.229, 244
Trd, 2591561.046, 244
Trd, 2591561.896, 249
Trd, 2591562.446, 244
Trd, 2591562.813, 240
Trd, 2591562.846, 251
Trd, 2591563.596, 247
Trd, 2591563.979, 247
Trd, 2591564.313, 246
Trd, 2591564.646, 241
Trd, 2591564.696, 233
Trd, 2591565.946, 254
Trd, 2591567.063, 252
Trd, 2591567.546, 255
Trd, 2591568.046, 252
Trd, 2591568.979, 254
Trd, 2591569.129, 255
Trd, 2591569.363, 251
Trd, 2591569.996, 244
Trd, 2591571.246, 253
Trd, 2591571.829, 254
Trd, 2591572.413, 242
Trd, 2591572.446, 257
Trd, 2591572.579, 258
Trd, 2591572.846, 240
Trd, 2591574.546, 240
Trd, 2591578.246, 244
Trd, 2591578.329, 237
Trd, 2591578.363, 236
Trd, 2591578.613, 233
Trd, 2591578.829, 244
Trd, 2591579.013, 230
Trd, 2591579.279, 247
Trd, 2591579.779, 247
Trd, 2591580.179, 248
Trd, 2591581.529, 230
Trd, 2591581.846, 228
Trd, 2591582.279, 247
Trd, 2591582.629, 255
Trd, 2591584.146, 229
Trd, 2591584.346, 250
Trd, 2591584.413, 223
Trd, 2591585.679, 224
Trd, 2591585.846, 237
Trd, 2591586.446, 242
Trd, 2591587.796, 249
Trd, 2591587.963, 239
Trd, 2591588.529, 249
Trd, 2591589.179, 229
Trd, 2591590.813, 234
Trd, 2591591.446, 236
Trd, 2591592.429, 244
Trd, 2591592.579, 245
Trd, 2591593.679, 255
Trd, 2591594.579, 251
Trd, 2591595.246, 251
Trd, 2591595.413, 256
Trd, 2591596.163, 253
Trd, 2591596.496, 252
Trd, 2591596.646, 251
Trd, 2591596.779, 257
Trd, 2591598.146, 224
Trd, 2591600.196, 247
Trd, 2591600.779, 239
Trd, 2591600.846, 238
Trd, 2591601.496, 236
Trd, 2591601.546, 235
Trd, 2591601.779, 248
Trd, 2591601.979, 255
Trd, 2591602.513, 256
Trd, 2591602.629, 231
Trd, 2591604.229, 258
Trd, 2591605.146, 244
Trd, 2591605.396, 264
Trd, 2591605.963, 261
Trd, 2591606.396, 252
Trd, 2591608.379, 251
Trd, 2591608.663, 263
Trd, 2591609.029, 252
Trd, 2591609.413, 263
Trd, 2591610.163, 251
Trd, 2591610.479, 249
Trd, 2591610.996, 237
Trd, 2591611.646, 226
Trd, 2591613.163, 250
Trd, 2591613.413, 242
Trd, 2591613.646, 240
Trd, 2591614.546, 254
Trd, 2591614.979, 238
Trd, 2591616.263, 244
Trd, 2591616.479, 244
Trd, 2591616.696, 242
Trd, 2591617.363, 256
Trd, 2591617.779, 251
Trd, 2591618.379, 266
Trd, 2591618.546, 267
Trd, 2591619.129, 268
Trd, 2591620.413, 268
Trd, 2591620.513, 264
Trd, 2591620.646, 251
Trd, 2591621.263, 234
Trd, 2591622.679, 240
Trd, 2591622.813, 239
Trd, 2591624.396, 251
Trd, 2591624.496, 241
Trd, 2591625.579, 238
Trd, 2591625.863, 241
Trd, 2591625.879, 219
Trd, 2591626.929, 222
Trd, 2591627.513, 249
Trd, 2591627.946, 233
Trd, 2591628.113, 226
Trd, 2591628.163, 248
Trd, 2591628.729, 249
Trd, 2591629.296, 253
Trd, 2591629.496, 255
Trd, 2591631.379, 237
Trd, 2591631.779, 236
Trd, 2591632.713, 250
Trd, 2591634.079, 250
Trd, 2591635.396, 251
Trd, 2591635.663, 251
Trd, 2591636.063, 240
Trd, 2591636.663, 236
Trd, 2591636.813, 223
Trd, 2591637.879, 249
Trd, 2591638.396, 225
Trd, 2591638.629, 254
Trd, 2591639.079, 226
Trd, 2591640.596, 252
Trd, 2591641.129, 254
Trd, 2591641.263, 255
Trd, 2591641.996, 252
Trd, 2591642.046, 253
Trd, 2591642.129, 254
Trd, 2591642.329, 250
Trd, 2591643.946, 252
Trd, 2591644.596, 251
Trd, 2591644.646, 248
Trd, 2591645.029, 258
Trd, 2591647.013, 234
Trd, 2591647.713, 262
Trd, 2591647.763, 242
Trd, 2591648.146, 262
Trd, 2591648.613, 255
Trd, 2591648.646, 223
Trd, 2591650.013, 227
Trd, 2591650.113, 227
Trd, 2591650.796, 240
Trd, 2591650.863, 249
Trd, 2591651.346, 245
Trd, 2591652.846, 255
Trd, 2591653.196, 242
Trd, 2591653.279, 241
Trd, 2591653.679, 256
Trd, 2591654.746, 218
Trd, 2591655.763, 225
Trd, 2591657.279, 235
Trd, 2591657.313, 229
Trd, 2591658.196, 224
Trd, 2591658.496, 247
Trd, 2591658.963, 223
Trd, 2591659.463, 224
Trd, 2591660.779, 248
Trd, 2591662.313, 243
Trd, 2591662.579, 244
Trd, 2591662.646, 255
Trd, 2591663.396, 258
Trd, 2591664.246, 255
Trd, 2591664.313, 253
Trd, 2591664.963, 261
Trd, 2591665.579, 253
Trd, 2591665.846, 265
Trd, 2591666.996, 241
Trd, 2591667.446, 252
Trd, 2591667.563, 251
Trd, 2591668.146, 249
Trd, 2591668.313, 273
Trd, 2591668.396, 249
Trd, 2591669.079, 248
Trd, 2591671.063, 243
Trd, 2591672.296, 243
Trd, 2591673.213, 247
Trd, 2591673.246, 236
Trd, 2591674.229, 235
Trd, 2591675.346, 247
Trd, 2591676.029, 248
Trd, 2591677.113, 246
Trd, 2591677.263, 246
Trd, 2591678.346, 264
Trd, 2591678.446, 254
Trd, 2591678.929, 251
Trd, 2591680.029, 250
Trd, 2591680.963, 249
Trd, 2591681.463, 248
Trd, 2591682.363, 240
Trd, 2591682.846, 248
Trd, 2591683.579, 258
Trd, 2591684.579, 251
Trd, 2591684.596, 231
Trd, 2591685.263, 251
Trd, 2591685.346, 250
Trd, 2591686.429, 246
Trd, 2591687.696, 236
Trd, 2591687.813, 253
Trd, 2591688.696, 250
Trd, 2591688.813, 255
Trd, 2591689.063, 241
Trd, 2591690.263, 241
Trd, 2591691.629, 241
Trd, 2591691.679, 243
Trd, 2591691.963, 253
Trd, 2591693.163, 233
Trd, 2591693.929, 232
Trd, 2591695.013, 235
Trd, 2591695.313, 226
Trd, 2591695.396, 225
Trd, 2591695.413, 235
Trd, 2591697.729, 230
Trd, 2591697.996, 228
Trd, 2591698.113, 237
Trd, 2591699.079, 239
Trd, 2591699.263, 257
Trd, 2591700.563, 252
Trd, 2591701.713, 238
Trd, 2591702.146, 258
Trd, 2591702.396, 251
Trd, 2591702.829, 238
Trd, 2591703.079, 254
Trd, 2591703.663, 244
Trd, 2591703.863, 238
Trd, 2591704.013, 254
Trd, 2591704.046, 262
Trd, 2591704.146, 268
Trd, 2591704.163, 232
Trd, 2591704.463, 243
Trd, 2591705.096, 239
Trd, 2591706.313, 257
Trd, 2591708.629, 265
Trd, 2591709.263, 253
Trd, 2591709.463, 253
Trd, 2591709.546, 253
Trd, 2591710.513, 252
Trd, 2591711.713, 253
Trd, 2591712.063, 254
Trd, 2591712.179, 255
Trd, 2591712.396, 248
Trd, 2591713.796, 235
Trd, 2591714.446, 262
Trd, 2591714.963, 263
Trd, 2591715.913, 247
Trd, 2591716.213, 241
Trd, 2591716.996, 240
Trd, 2591718.163, 245
Trd, 2591718.446, 232
Trd, 2591719.613, 251
Trd, 2591720.496, 254
Trd, 2591720.596, 257
Trd, 2591722.313, 257
Trd, 2591722.346, 249
Trd, 2591722.379, 248
Trd, 2591722.429, 247
Trd, 2591723.046, 258
Trd, 2591724.046, 250
Trd, 2591726.879, 227
Trd, 2591726.929, 224
Trd, 2591728.029, 224
Trd, 2591728.229, 228
Trd, 2591728.246, 223
Trd, 2591728.663, 237
Trd, 2591728.896, 248
Trd, 2591729.196, 229
Trd, 2591730.146, 252
Trd, 2591730.363, 258
Trd, 2591731.113, 243
Trd, 2591732.196, 248
Trd, 2591732.279, 248
Trd, 2591732.479, 258
Trd, 2591733.996, 248
Trd, 2591734.946, 249
Trd, 2591734.963, 250
Trd, 2591735.663, 239
Trd, 2591735.979, 224
Trd, 2591736.046, 237
Trd, 2591736.396, 220
Trd, 2591736.796, 218
Trd, 2591738.579, 226
Trd, 2591739.813, 235
Trd, 2591740.013, 257
Trd, 2591740.613, 251
Trd, 2591741.079, 247
Trd, 2591741.796, 258
Trd, 2591741.996, 267
Trd, 2591742.229, 267
Trd, 2591742.546, 266
Trd, 2591742.979, 264
Trd, 2591743.446, 238
Trd, 2591744.563, 235
Trd, 2591745.563, 253
Trd, 2591746.546, 264
Trd, 2591746.846, 233
Trd, 2591747.396, 252
Trd, 2591747.679, 265
Trd, 2591748.329, 251
Trd, 2591749.296, 245
Trd, 2591751.146, 257
Trd, 2591751.646, 257
Trd, 2591751.846, 240
Trd, 2591751.929, 241
Trd, 2591752.513, 254
Trd, 2591753.579, 255
Trd, 2591753.796, 250
Trd, 2591755.129, 250
Trd, 2591755.529, 248
Trd, 2591755.929, 255
Trd, 2591756.279, 253
Trd, 2591756.829, 244
Trd, 2591757.279, 241
Trd, 2591757.529, 238
Trd, 2591759.413, 251
Trd, 2591759.596, 243
Trd, 2591759.763, 234
Trd, 2591759.813, 252
Trd, 2591760.146, 223
Trd, 2591761.379, 246
Trd, 2591761.879, 220
Trd, 2591762.929, 221
Trd, 2591764.413, 256
Trd, 2591764.963, 255
Trd, 2591765.463, 254
Trd, 2591765.496, 258
Trd, 2591765.763, 248
Trd, 2591766.213, 265
Trd, 2591766.629, 247
Trd, 2591766.646, 246
Trd, 2591766.829, 268
Trd, 2591767.146, 267
Trd, 2591769.729, 255
Trd, 2591769.863, 253
Trd, 2591770.096, 251
Trd, 2591770.879, 249
Trd, 2591771.496, 248
Trd, 2591772.563, 246
Trd, 2591773.179, 243
Trd, 2591773.729, 247
Trd, 2591775.713, 247
Trd, 2591776.196, 240
Trd, 2591776.546, 234
Trd, 2591777.746, 248
Trd, 2591778.013, 255
Trd, 2591778.613, 266
Trd, 2591779.479, 268
Trd, 2591779.679, 255
Trd, 2591779.979, 255
Trd, 2591780.929, 254
Trd, 2591781.513, 241
Trd, 2591782.096, 249
Trd, 2591782.413, 263
Trd, 2591782.896, 243
Trd, 2591783.129, 235
Trd, 2591783.879, 234
Trd, 2591784.396, 232
Trd, 2591785.479, 262
Trd, 2591786.046, 225
Trd, 2591786.113, 257
Trd, 2591787.429, 236
Trd, 2591787.729, 256
Trd, 2591789.513, 242
Trd, 2591789.896, 243
Trd, 2591790.063, 242
Trd, 2591790.346, 241
Trd, 2591790.946, 243
Trd, 2591791.546, 231
Trd, 2591792.229, 231
Trd, 2591792.346, 241
Trd, 2591793.096, 243
Trd, 2591793.429, 247
Trd, 2591794.163, 248
Trd, 2591794.396, 236
Trd, 2591794.446, 258
Trd, 2591795.579, 256
Trd, 2591796.113, 236
Trd, 2591796.829, 231
Trd, 2591797.363, 224
Trd, 2591798.029, 256
Trd, 2591798.513, 247
Trd, 2591799.163, 247
Trd, 2591799.396, 247
Trd, 2591799.446, 257
Trd, 2591799.979, 241
Trd, 2591802.846, 256
Trd, 2591804.129, 249
Trd, 2591805.229, 238
Trd, 2591806.279, 240
Trd, 2591806.479, 244
Trd, 2591807.613, 244
Trd, 2591807.646, 245
Trd, 2591807.663, 248
Trd, 2591807.763, 243
Trd, 2591808.579, 235
Trd, 2591808.629, 234
Trd, 2591809.013, 255
Trd, 2591811.313, 235
Trd, 2591811.596, 250
Trd, 2591811.746, 254
Trd, 2591811.846, 250
Trd, 2591812.279, 233
Trd, 2591813.746, 266
Trd, 2591814.379, 265
Trd, 2591814.429, 264
Trd, 2591818.579, 244
Trd, 2591818.813, 244
Trd, 2591818.879, 243
Trd, 2591818.913, 255
Trd, 2591819.246, 243
Trd, 2591819.279, 258
Trd, 2591819.929, 255
Trd, 2591820.063, 254
Trd, 2591820.396, 241
Trd, 2591821.513, 258
Trd, 2591821.713, 250
Trd, 2591822.379, 234
Trd, 2591823.579, 243
Trd, 2591823.946, 220
Trd, 2591824.463, 248
Trd, 2591825.863, 224
Trd, 2591826.313, 225
Trd, 2591826.346, 255
Trd, 2591826.763, 225
Trd, 2591826.813, 235
Trd, 2591826.946, 226
Trd, 2591827.279, 225
Trd, 2591827.679, 254
Trd, 2591828.413, 220
Trd, 2591828.596, 254
Trd, 2591830.029, 266
Trd, 2591831.496, 262
Trd, 2591831.979, 268
Trd, 2591833.429, 269
Trd, 2591833.679, 268
Trd, 2591833.729, 269
Trd, 2591833.963, 264
Trd, 2591835.979, 268
Trd, 2591836.263, 264
Trd, 2591838.979, 255
Trd, 2591839.779, 249
Trd, 2591840.796, 248
Trd, 2591840.896, 248
Trd, 2591841.046, 258
Trd, 2591841.846, 254
Trd, 2591842.713, 255
Trd, 2591843.779, 252
Trd, 2591843.846, 251
Trd, 2591844.213, 253
Trd, 2591844.379, 254
Trd, 2591844.796, 244
Trd, 2591845.946, 242
Trd, 2591846.479, 254
Trd, 2591847.013, 248
Trd, 2591847.379, 262
Trd, 2591849.246, 248
Trd, 2591849.313, 249
Trd, 2591850.246, 265
Trd, 2591850.313, 250
Trd, 2591850.529, 249
Trd, 2591850.663, 248
Trd, 2591850.813, 238
Trd, 2591851.813, 225
Trd, 2591852.429, 234
Trd, 2591853.196, 258
Trd, 2591854.863, 258
Trd, 2591855.929, 244
Trd, 2591857.279, 243
Trd, 2591857.429, 238
Trd, 2591857.796, 248
Trd, 2591859.146, 241
Trd, 2591859.329, 244
Trd, 2591859.363, 240
Trd, 2591859.696, 244
Trd, 2591860.779, 245
Trd, 2591862.696, 249
Trd, 2591863.263, 248
Trd, 2591863.429, 251
Trd, 2591863.446, 254
Trd, 2591863.796, 249
Trd, 2591864.046, 248
Trd, 2591864.463, 241
Trd, 2591864.529, 256
Trd, 2591865.713, 233
Trd, 2591866.329, 253
Trd, 2591867.079, 242
Trd, 2591868.129, 240
Trd, 2591869.563, 245
Trd, 2591869.896, 246
Trd, 2591870.313, 242
Trd, 2591870.496, 239
Trd, 2591870.729, 246
Trd, 2591870.763, 239
Trd, 2591871.413, 248
Trd, 2591871.979, 252
Trd, 2591872.096, 231
Trd, 2591872.613, 257
Trd, 2591872.646, 258
Trd, 2591874.229, 238
Trd, 2591874.263, 237
Trd, 2591874.379, 266
Trd, 2591876.463, 246
Trd, 2591876.746, 248
Trd, 2591877.213, 232
Trd, 2591877.896, 234
Trd, 2591878.479, 256
Trd, 2591879.196, 239
Trd, 2591879.913, 240
Trd, 2591879.979, 239
Trd, 2591880.829, 240
Trd, 2591880.846, 241
Trd, 2591882.279, 243
Trd, 2591882.829, 245
Trd, 2591883.046, 250
Trd, 2591884.396, 253
Trd, 2591884.479, 258
Trd, 2591884.796, 240
Trd, 2591884.813, 238
Trd, 2591885.996, 234
Trd, 2591886.479, 233
Trd, 2591886.496, 237
Trd, 2591886.946, 234
Trd, 2591887.029, 224
Trd, 2591888.129, 257
Trd, 2591889.713, 265
Trd, 2591890.429, 224
Trd, 2591890.829, 247
Trd, 2591891.296, 248
Trd, 2591892.079, 231
Trd, 2591894.729, 238
Trd, 2591894.779, 239
Trd, 2591896.029, 250
Trd, 2591896.146, 247
Trd, 2591896.363, 239
Trd, 2591897.196, 255
Trd, 2591897.813, 240
Trd, 2591898.513, 230
Trd, 2591898.863, 236
Trd, 2591900.829, 249
Trd, 2591900.863, 250
Trd, 2591900.946, 235
Trd, 2591901.913, 250
Trd, 2591901.929, 252
Trd, 2591902.029, 251
Trd, 2591902.663, 234
Trd, 2591903.563, 233
Trd, 2591903.879, 253
Trd, 2591904.579, 255
Trd, 2591905.313, 227
Trd, 2591905.579, 226
Trd, 2591906.479, 248
Trd, 2591906.679, 223
Trd, 2591907.179, 240
Trd, 2591907.213, 255
Trd, 2591908.046, 233
Trd, 2591909.296, 233
Trd, 2591909.813, 233
Trd, 2591909.996, 236
Trd, 2591911.163, 237
Trd, 2591911.263, 243
Trd, 2591911.879, 248
Trd, 2591912.313, 230
Trd, 2591912.813, 221
Trd, 2591913.813, 256
Trd, 2591915.479, 259
Trd, 2591915.496, 257
Trd, 2591916.246, 254
Trd, 2591916.679, 252
Trd, 2591916.713, 251
Trd, 2591917.296, 258
Trd, 2591918.529, 251
Trd, 2591919.146, 256
Trd, 2591919.863, 258
Trd, 2591921.129, 264
Trd, 2591921.329, 266
Trd, 2591923.446, 252
Trd, 2591923.513, 252
Trd, 2591923.779, 251
Trd, 2591924.129, 247
Trd, 2591924.146, 264
Trd, 2591924.229, 234
Trd, 2591925.346, 265
Trd, 2591925.663, 267
Trd, 2591925.729, 264
Trd, 2591925.913, 221
Trd, 2591926.946, 243
Trd, 2591928.829, 250
Trd, 2591929.696, 256
Trd, 2591930.679, 253
Trd, 2591932.113, 255
Trd, 2591932.396, 256
Trd, 2591932.496, 254
Trd, 2591933.379, 255
Trd, 2591933.396, 253
Trd, 2591933.646, 250
Trd, 2591934.163, 240
Trd, 2591934.246, 234
Trd, 2591935.513, 256
Trd, 2591935.596, 235
Trd, 2591938.063, 246
Trd, 2591938.313, 240
Trd, 2591938.396, 249
Trd, 2591938.929, 254
Trd, 2591939.296, 250
Trd, 2591939.313, 256
Trd, 2591939.479, 243
Trd, 2591941.963, 255
Trd, 2591942.479, 249
Trd, 2591942.679, 258
Trd, 2591942.729, 248
Trd, 2591943.113, 223
Trd, 2591943.496, 251
Trd, 2591943.529, 234
Trd, 2591944.096, 217
Trd, 2591944.413, 252
Trd, 2591944.679, 240
Trd, 2591946.046, 248
Trd, 2591946.896, 258
Trd, 2591946.979, 265
Trd, 2591947.163, 266
Trd, 2591948.046, 234
Trd, 2591948.713, 255
Trd, 2591950.663, 257
Trd, 2591951.879, 250
Trd, 2591952.029, 256
Trd, 2591952.746, 258
Trd, 2591952.996, 254
Trd, 2591953.079, 252
Trd, 2591953.779, 248
Trd, 2591954.346, 253
Trd, 2591954.663, 240
Trd, 2591956.546, 245
Trd, 2591956.679, 244
Trd, 2591956.879, 241
Trd, 2591957.329, 248
Trd, 2591957.379, 232
Trd, 2591958.163, 224
Trd, 2591958.396, 255
Trd, 2591959.213, 268
Trd, 2591961.329, 263
Trd, 2591961.513, 257
Trd, 2591962.113, 255
Trd, 2591962.429, 241
Trd, 2591962.613, 231
Trd, 2591964.029, 244
Trd, 2591964.679, 248
Trd, 2591965.229, 248
Trd, 2591966.729, 250
Trd, 2591966.929, 250
Trd, 2591967.129, 246
Trd, 2591967.446, 251
Trd, 2591967.829, 250
Trd, 2591968.146, 250
Trd, 2591968.963, 255
Trd, 2591969.046, 258
Trd, 2591969.163, 238
Trd, 2591969.179, 234
Trd, 2591970.296, 235
Trd, 2591970.813, 265
Trd, 2591972.063, 220
Trd, 2591974.129, 247
Trd, 2591974.513, 265
Trd, 2591974.746, 265
Trd, 2591975.113, 240
Trd, 2591975.479, 236
Trd, 2591975.879, 236
Trd, 2591976.396, 239
Trd, 2591978.313, 240
Trd, 2591978.396, 239
Trd, 2591979.679, 241
Trd, 2591980.363, 244
Trd, 2591980.979, 248
Trd, 2591981.613, 247
Trd, 2591981.996, 247
Trd, 2591982.296, 246
Trd, 2591983.379, 248
Trd, 2591983.396, 239
Trd, 2591983.796, 252
Trd, 2591984.829, 246
Trd, 2591985.129, 238
Trd, 2591985.279, 237
Trd, 2591986.379, 234
Trd, 2591986.879, 253
Trd, 2591987.063, 235
Trd, 2591987.229, 233
Trd, 2591988.213, 249
Trd, 2591988.879, 235
Trd, 2591990.663, 238
Trd, 2591991.263, 238
Trd, 2591992.029, 253
Trd, 2591992.579, 250
Trd, 2591993.179, 232
Trd, 2591993.529, 231
Trd, 2591993.763, 224
Trd, 2591993.963, 244
Trd, 2591996.113, 251
Trd, 2591996.713, 255
Trd, 2591997.213, 257
Trd, 2591997.696, 258
Trd, 2591998.113, 255
Trd, 2591998.246, 249
Trd, 2591998.829, 251
Trd, 2591999.196, 248
Trd, 2591999.246, 249
Trd, 2591999.379, 264
