Trd, 2590664.696, 258
Trd, 2590664.813, 259
Trd, 2590664.946, 263
Trd, 2590665.146, 257
Trd, 2590665.246, 254
Trd, 2590665.629, 249
Trd, 2590665.679, 247
Trd, 2590666.079, 245
Trd, 2590667.296, 246
Trd, 2590668.363, 246
Trd, 2590668.696, 247
Trd, 2590668.729, 253
Trd, 2590670.813, 253
Trd, 2590671.613, 253
Trd, 2590671.996, 254
Trd, 2590672.363, 247
Trd, 2590672.579, 246
Trd, 2590672.646, 255
Trd, 2590673.829, 251
Trd, 2590674.296, 248
Trd, 2590674.579, 247
Trd, 2590674.613, 248
Trd, 2590675.063, 251
Trd, 2590676.763, 251
Trd, 2590676.846, 249
Trd, 2590677.763, 250
Trd, 2590680.363, 248
Trd, 2590681.246, 248
Trd, 2590681.446, 244
Trd, 2590682.463, 241
Trd, 2590683.829, 243
Trd, 2590683.946, 242
Trd, 2590683.963, 239
Trd, 2590684.079, 244
Trd, 2590684.946, 237
Trd, 2590685.096, 246
Trd, 2590685.763, 235
Trd, 2590686.313, 234
Trd, 2590687.563, 242
Trd, 2590688.996, 239
Trd, 2590689.029, 243
Trd, 2590689.346, 249
Trd, 2590689.679, 257
Trd, 2590690.379, 243
Trd, 2590691.513, 255
Trd, 2590692.696, 249
Trd, 2590692.763, 248
Trd, 2590693.379, 245
Trd, 2590693.513, 237
Trd, 2590693.696, 235
Trd, 2590693.929, 236
Trd, 2590695.179, 249
Trd, 2590695.496, 240
Trd, 2590696.563, 251
Trd, 2590697.313, 256
Trd, 2590697.529, 262
Trd, 2590699.263, 248
Trd, 2590701.796, 251
Trd, 2590702.079, 253
Trd, 2590703.713, 252
Trd, 2590704.379, 251
Trd, 2590704.863, 249
Trd, 2590705.096, 248
Trd, 2590705.446, 252
Trd, 2590706.563, 246
Trd, 2590706.663, 244
Trd, 2590706.929, 241
Trd, 2590707.813, 242
Trd, 2590708.563, 251
Trd, 2590709.329, 250
Trd, 2590709.496, 243
Trd, 2590711.179, 247
Trd, 2590711.613, 247
Trd, 2590712.546, 246
Trd, 2590712.813, 246
Trd, 2590714.513, 251
Trd, 2590716.263, 251
Trd, 2590716.413, 238
Trd, 2590716.563, 252
Trd, 2590717.246, 242
Trd, 2590718.596, 252
Trd, 2590718.646, 247
Trd, 2590719.363, 246
Trd, 2590719.579, 245
Trd, 2590720.879, 248
Trd, 2590720.929, 256
Trd, 2590721.763, 244
Trd, 2590721.813, 262
Trd, 2590722.846, 257
Trd, 2590722.979, 245
Trd, 2590723.713, 258
Trd, 2590724.679, 246
Trd, 2590724.929, 244
Trd, 2590726.196, 244
Trd, 2590726.529, 240
Trd, 2590727.563, 245
Trd, 2590728.296, 244
Trd, 2590728.396, 241
Trd, 2590729.546, 242
Trd, 2590729.679, 244
Trd, 2590730.696, 248
Trd, 2590730.829, 246
Trd, 2590733.579, 243
Trd, 2590733.879, 246
Trd, 2590733.929, 248
Trd, 2590734.713, 254
Trd, 2590735.063, 247
Trd, 2590736.096, 255
Trd, 2590736.513, 253
Trd, 2590736.529, 252
Trd, 2590736.763, 252
Trd, 2590736.996, 250
Trd, 2590738.879, 247
Trd, 2590739.296, 258
Trd, 2590739.746, 244
Trd, 2590740.096, 259
Trd, 2590740.296, 251
Trd, 2590741.013, 254
Trd, 2590741.663, 244
Trd, 2590742.879, 246
Trd, 2590744.546, 247
Trd, 2590744.829, 239
Trd, 2590745.429, 245
Trd, 2590745.463, 247
Trd, 2590746.479, 255
Trd, 2590746.546, 237
Trd, 2590748.363, 238
Trd, 2590749.763, 248
Trd, 2590750.413, 247
Trd, 2590750.513, 250
Trd, 2590750.613, 252
Trd, 2590751.179, 255
Trd, 2590751.296, 246
Trd, 2590752.096, 245
Trd, 2590752.546, 244
Trd, 2590753.146, 239
Trd, 2590753.229, 253
Trd, 2590753.413, 237
Trd, 2590754.413, 256
Trd, 2590755.279, 246
Trd, 2590755.713, 249
Trd, 2590756.596, 248
Trd, 2590757.279, 251
Trd, 2590757.496, 252
Trd, 2590759.346, 252
Trd, 2590759.996, 248
Trd, 2590761.579, 247
Trd, 2590761.779, 253
Trd, 2590762.946, 266
Trd, 2590763.729, 259
Trd, 2590764.213, 260
Trd, 2590765.179, 244
Trd, 2590765.846, 250
Trd, 2590765.979, 262
Trd, 2590766.813, 243
Trd, 2590767.913, 243
Trd, 2590768.913, 242
Trd, 2590770.296, 241
Trd, 2590770.396, 242
Trd, 2590770.946, 243
Trd, 2590770.996, 238
Trd, 2590772.763, 244
Trd, 2590772.863, 242
Trd, 2590773.013, 241
Trd, 2590773.346, 248
Trd, 2590774.579, 248
Trd, 2590774.629, 255
Trd, 2590774.929, 238
Trd, 2590776.313, 238
Trd, 2590777.846, 239
Trd, 2590778.463, 238
Trd, 2590778.546, 239
Trd, 2590779.179, 238
Trd, 2590779.229, 241
Trd, 2590779.379, 242
Trd, 2590779.513, 237
Trd, 2590780.113, 266
Trd, 2590780.679, 262
Trd, 2590782.113, 245
Trd, 2590782.129, 258
Trd, 2590783.129, 249
Trd, 2590783.696, 248
Trd, 2590784.663, 255
Trd, 2590785.013, 249
Trd, 2590785.779, 248
Trd, 2590785.913, 258
Trd, 2590786.396, 247
Trd, 2590787.596, 244
Trd, 2590787.613, 251
Trd, 2590788.129, 253
Trd, 2590788.646, 250
Trd, 2590789.779, 254
Trd, 2590790.729, 250
Trd, 2590791.446, 252
Trd, 2590791.879, 255
Trd, 2590793.546, 253
Trd, 2590794.696, 249
Trd, 2590795.346, 260
Trd, 2590796.679, 256
Trd, 2590797.246, 253
Trd, 2590797.529, 245
Trd, 2590798.463, 241
Trd, 2590799.113, 250
Trd, 2590799.646, 250
Trd, 2590799.829, 250
Trd, 2590800.046, 251
Trd, 2590800.929, 249
Trd, 2590801.029, 244
Trd, 2590801.463, 248
Trd, 2590801.613, 244
Trd, 2590802.013, 248
Trd, 2590802.663, 253
Trd, 2590803.479, 237
Trd, 2590804.779, 249
Trd, 2590806.196, 250
Trd, 2590807.129, 252
Trd, 2590808.096, 252
Trd, 2590809.429, 255
Trd, 2590809.729, 255
Trd, 2590810.196, 260
Trd, 2590810.413, 262
Trd, 2590810.496, 259
Trd, 2590811.579, 261
Trd, 2590811.629, 258
Trd, 2590813.013, 256
Trd, 2590813.379, 249
Trd, 2590813.763, 264
Trd, 2590815.163, 255
Trd, 2590815.813, 254
Trd, 2590816.679, 262
Trd, 2590817.146, 260
Trd, 2590818.013, 259
Trd, 2590818.213, 262
Trd, 2590818.946, 257
Trd, 2590819.263, 251
Trd, 2590819.629, 258
Trd, 2590819.846, 244
Trd, 2590820.046, 237
Trd, 2590820.079, 260
Trd, 2590821.063, 258
Trd, 2590821.263, 266
Trd, 2590821.513, 246
Trd, 2590821.546, 240
Trd, 2590822.263, 258
Trd, 2590822.663, 251
Trd, 2590823.579, 237
Trd, 2590824.113, 255
Trd, 2590827.029, 251
Trd, 2590827.596, 251
Trd, 2590827.696, 250
Trd, 2590828.113, 252
Trd, 2590828.179, 251
Trd, 2590828.463, 249
Trd, 2590828.563, 244
Trd, 2590829.563, 248
Trd, 2590830.063, 251
Trd, 2590830.763, 252
Trd, 2590831.529, 242
Trd, 2590831.663, 240
Trd, 2590832.929, 262
Trd, 2590834.029, 243
Trd, 2590834.896, 242
Trd, 2590835.579, 241
Trd, 2590836.179, 242
Trd, 2590836.279, 231
Trd, 2590836.363, 252
Trd, 2590836.496, 251
Trd, 2590837.279, 250
Trd, 2590839.146, 259
Trd, 2590839.679, 259
Trd, 2590840.096, 258
Trd, 2590842.396, 261
Trd, 2590842.463, 260
Trd, 2590842.796, 262
Trd, 2590843.229, 259
Trd, 2590843.729, 260
Trd, 2590843.863, 261
Trd, 2590844.279, 262
Trd, 2590846.196, 260
Trd, 2590846.746, 257
Trd, 2590847.596, 251
Trd, 2590848.346, 242
Trd, 2590848.846, 246
Trd, 2590849.813, 239
Trd, 2590850.279, 251
Trd, 2590850.713, 253
Trd, 2590850.996, 256
Trd, 2590851.529, 250
Trd, 2590854.813, 262
Trd, 2590855.796, 249
Trd, 2590855.829, 248
Trd, 2590856.029, 248
Trd, 2590857.846, 255
Trd, 2590858.213, 249
Trd, 2590858.596, 249
Trd, 2590858.846, 244
Trd, 2590859.129, 254
Trd, 2590860.746, 251
Trd, 2590861.196, 251
Trd, 2590861.563, 238
Trd, 2590861.679, 235
Trd, 2590863.079, 251
Trd, 2590863.313, 250
Trd, 2590863.479, 249
Trd, 2590863.563, 248
Trd, 2590864.246, 249
Trd, 2590864.579, 250
Trd, 2590865.763, 247
Trd, 2590867.546, 246
Trd, 2590867.763, 244
Trd, 2590867.796, 241
Trd, 2590868.546, 253
Trd, 2590869.396, 238
Trd, 2590870.229, 238
Trd, 2590870.296, 250
Trd, 2590871.179, 251
Trd, 2590872.396, 253
Trd, 2590872.429, 250
Trd, 2590873.013, 256
Trd, 2590873.613, 242
Trd, 2590873.896, 242
Trd, 2590875.679, 251
Trd, 2590876.013, 257
Trd, 2590876.179, 246
Trd, 2590876.196, 258
Trd, 2590876.513, 246
Trd, 2590877.396, 254
Trd, 2590878.863, 246
Trd, 2590879.463, 244
Trd, 2590880.413, 244
Trd, 2590880.846, 243
Trd, 2590882.379, 241
Trd, 2590883.463, 242
Trd, 2590884.696, 242
Trd, 2590884.929, 244
Trd, 2590885.796, 244
Trd, 2590886.363, 244
Trd, 2590886.479, 249
Trd, 2590886.729, 243
Trd, 2590887.563, 258
Trd, 2590887.896, 247
Trd, 2590889.529, 259
Trd, 2590891.213, 253
Trd, 2590892.163, 253
Trd, 2590892.629, 254
Trd, 2590893.096, 256
Trd, 2590894.246, 250
Trd, 2590894.963, 250
Trd, 2590896.613, 249
Trd, 2590897.213, 243
Trd, 2590897.746, 247
Trd, 2590898.779, 247
Trd, 2590899.496, 243
Trd, 2590900.113, 245
Trd, 2590900.579, 257
Trd, 2590901.079, 249
Trd, 2590901.129, 256
Trd, 2590902.379, 252
Trd, 2590903.279, 256
Trd, 2590904.363, 258
Trd, 2590904.629, 257
Trd, 2590904.713, 255
Trd, 2590905.079, 257
Trd, 2590905.413, 246
Trd, 2590905.529, 257
Trd, 2590906.046, 246
Trd, 2590906.629, 256
Trd, 2590908.446, 250
Trd, 2590908.579, 249
Trd, 2590910.213, 249
Trd, 2590910.513, 242
Trd, 2590911.563, 244
Trd, 2590912.096, 254
Trd, 2590912.246, 246
Trd, 2590913.529, 259
Trd, 2590913.646, 247
Trd, 2590915.846, 250
Trd, 2590917.429, 251
Trd, 2590917.713, 256
Trd, 2590918.196, 253
Trd, 2590918.246, 248
Trd, 2590918.796, 247
Trd, 2590918.946, 244
Trd, 2590919.013, 257
Trd, 2590919.313, 261
Trd, 2590921.046, 241
Trd, 2590922.146, 238
Trd, 2590922.379, 237
Trd, 2590922.896, 234
Trd, 2590923.496, 240
Trd, 2590923.796, 255
Trd, 2590925.796, 254
Trd, 2590926.013, 255
Trd, 2590926.063, 254
Trd, 2590926.229, 249
Trd, 2590926.279, 243
Trd, 2590927.013, 258
Trd, 2590927.246, 237
Trd, 2590928.879, 248
Trd, 2590930.296, 233
Trd, 2590931.113, 248
Trd, 2590931.529, 261
Trd, 2590931.863, 241
Trd, 2590932.629, 237
Trd, 2590932.713, 247
Trd, 2590933.329, 247
Trd, 2590933.996, 236
Trd, 2590937.079, 240
Trd, 2590938.079, 243
Trd, 2590938.279, 236
Trd, 2590938.413, 243
Trd, 2590939.313, 244
Trd, 2590939.696, 248
Trd, 2590939.979, 237
Trd, 2590940.229, 248
Trd, 2590941.879, 246
Trd, 2590941.913, 242
Trd, 2590943.596, 247
Trd, 2590944.263, 249
Trd, 2590944.496, 255
Trd, 2590944.579, 247
Trd, 2590946.146, 237
Trd, 2590947.479, 262
Trd, 2590947.496, 238
Trd, 2590949.013, 253
Trd, 2590950.413, 252
Trd, 2590951.546, 245
Trd, 2590951.946, 245
Trd, 2590952.879, 251
Trd, 2590952.896, 245
Trd, 2590953.096, 252
Trd, 2590953.696, 246
Trd, 2590954.846, 244
Trd, 2590955.896, 251
Trd, 2590957.829, 247
Trd, 2590958.029, 247
Trd, 2590958.896, 255
Trd, 2590959.213, 242
Trd, 2590960.846, 245
Trd, 2590961.096, 244
Trd, 2590961.879, 244
Trd, 2590962.546, 245
Trd, 2590963.696, 246
Trd, 2590964.746, 247
Trd, 2590965.563, 248
Trd, 2590965.963, 244
Trd, 2590966.013, 240
Trd, 2590966.046, 256
Trd, 2590967.229, 250
Trd, 2590968.029, 264
Trd, 2590968.263, 244
Trd, 2590969.146, 242
Trd, 2590969.213, 258
Trd, 2590969.396, 241
Trd, 2590969.963, 244
Trd, 2590970.579, 243
Trd, 2590970.879, 247
Trd, 2590971.229, 253
Trd, 2590971.563, 254
Trd, 2590972.963, 254
Trd, 2590973.263, 255
Trd, 2590973.796, 250
Trd, 2590974.163, 245
Trd, 2590974.313, 251
Trd, 2590975.313, 255
Trd, 2590976.046, 240
Trd, 2590978.163, 245
Trd, 2590978.263, 251
Trd, 2590979.696, 246
Trd, 2590980.579, 246
Trd, 2590981.146, 246
Trd, 2590981.579, 244
Trd, 2590982.213, 243
Trd, 2590982.496, 242
Trd, 2590982.646, 246
Trd, 2590983.063, 241
Trd, 2590984.529, 239
Trd, 2590985.546, 253
Trd, 2590986.129, 251
Trd, 2590986.696, 253
Trd, 2590987.296, 255
Trd, 2590987.613, 255
Trd, 2590988.913, 242
Trd, 2590988.929, 251
Trd, 2590989.663, 249
Trd, 2590990.313, 248
Trd, 2590990.896, 248
Trd, 2590992.479, 251
Trd, 2590993.463, 248
Trd, 2590995.079, 247
Trd, 2590996.113, 242
Trd, 2590996.179, 237
Trd, 2590996.629, 248
Trd, 2590997.363, 252
Trd, 2590997.979, 243
Trd, 2590998.346, 243
Trd, 2590999.646, 246
Trd, 2590999.946, 247
Trd, 2591000.546, 247
Trd, 2591000.563, 245
Trd, 2591001.046, 248
Trd, 2591001.063, 244
Trd, 2591001.429, 242
Trd, 2591001.546, 246
Trd, 2591001.846, 241
Trd, 2591003.346, 246
Trd, 2591003.396, 247
Trd, 2591003.463, 257
Trd, 2591004.313, 250
Trd, 2591004.413, 240
Trd, 2591005.863, 232
Trd, 2591007.479, 237
Trd, 2591008.013, 234
Trd, 2591008.529, 233
Trd, 2591008.563, 242
Trd, 2591009.479, 247
Trd, 2591010.779, 245
Trd, 2591012.529, 252
Trd, 2591013.279, 253
Trd, 2591013.496, 252
Trd, 2591014.496, 257
Trd, 2591014.979, 261
Trd, 2591016.463, 259
Trd, 2591017.663, 259
Trd, 2591018.063, 258
Trd, 2591018.479, 259
Trd, 2591020.129, 256
Trd, 2591020.313, 264
Trd, 2591020.646, 255
Trd, 2591020.879, 254
Trd, 2591021.296, 253
Trd, 2591021.363, 250
Trd, 2591021.429, 260
Trd, 2591022.179, 252
Trd, 2591023.379, 258
Trd, 2591023.646, 249
Trd, 2591024.679, 247
Trd, 2591024.746, 244
Trd, 2591025.613, 238
Trd, 2591025.913, 250
Trd, 2591026.829, 256
Trd, 2591027.596, 259
Trd, 2591027.996, 251
Trd, 2591029.479, 255
Trd, 2591030.579, 260
Trd, 2591031.363, 257
Trd, 2591032.363, 257
Trd, 2591032.413, 253
Trd, 2591032.896, 250
Trd, 2591033.896, 251
Trd, 2591034.679, 255
Trd, 2591034.879, 244
Trd, 2591035.346, 241
Trd, 2591036.179, 237
Trd, 2591036.363, 242
Trd, 2591036.696, 231
Trd, 2591037.513, 244
Trd, 2591037.879, 243
Trd, 2591038.146, 240
Trd, 2591038.213, 243
Trd, 2591039.746, 248
Trd, 2591040.563, 253
Trd, 2591041.446, 241
Trd, 2591042.246, 262
Trd, 2591042.813, 264
Trd, 2591046.213, 258
Trd, 2591046.263, 254
Trd, 2591046.296, 253
Trd, 2591046.796, 252
Trd, 2591047.713, 246
Trd, 2591047.913, 250
Trd, 2591048.513, 251
Trd, 2591048.729, 245
Trd, 2591050.413, 245
Trd, 2591050.963, 246
Trd, 2591051.329, 248
Trd, 2591051.413, 247
Trd, 2591052.496, 247
Trd, 2591052.713, 255
Trd, 2591053.279, 249
Trd, 2591053.796, 248
Trd, 2591054.279, 251
Trd, 2591054.963, 244
Trd, 2591055.363, 241
Trd, 2591056.229, 259
Trd, 2591057.629, 250
Trd, 2591058.063, 245
Trd, 2591058.796, 244
Trd, 2591059.429, 237
Trd, 2591059.813, 245
Trd, 2591060.479, 248
Trd, 2591062.446, 250
Trd, 2591062.613, 250
Trd, 2591062.896, 251
Trd, 2591063.546, 251
Trd, 2591063.746, 252
Trd, 2591063.846, 248
Trd, 2591064.296, 248
Trd, 2591064.563, 241
Trd, 2591064.913, 250
Trd, 2591067.196, 243
Trd, 2591067.279, 244
Trd, 2591067.496, 243
Trd, 2591067.863, 239
Trd, 2591068.229, 242
Trd, 2591068.513, 244
Trd, 2591069.179, 245
Trd, 2591071.146, 243
Trd, 2591071.279, 250
Trd, 2591071.779, 242
Trd, 2591072.396, 245
Trd, 2591073.429, 247
Trd, 2591073.979, 251
Trd, 2591074.513, 245
Trd, 2591075.646, 240
Trd, 2591076.346, 238
Trd, 2591076.363, 239
Trd, 2591076.546, 240
Trd, 2591079.329, 237
Trd, 2591079.579, 234
Trd, 2591079.846, 249
Trd, 2591081.313, 249
Trd, 2591081.596, 249
Trd, 2591082.796, 255
Trd, 2591085.013, 258
Trd, 2591085.063, 258
Trd, 2591085.096, 257
Trd, 2591085.579, 258
Trd, 2591086.829, 258
Trd, 2591087.313, 257
Trd, 2591088.229, 254
Trd, 2591088.679, 260
Trd, 2591089.163, 244
Trd, 2591089.596, 243
Trd, 2591089.896, 241
Trd, 2591091.396, 239
Trd, 2591091.629, 253
Trd, 2591093.479, 247
Trd, 2591093.496, 248
Trd, 2591093.529, 247
Trd, 2591094.146, 248
Trd, 2591094.179, 258
Trd, 2591094.696, 250
Trd, 2591094.946, 258
Trd, 2591096.296, 247
Trd, 2591096.329, 245
Trd, 2591096.546, 244
Trd, 2591097.146, 257
Trd, 2591097.613, 248
Trd, 2591097.646, 247
Trd, 2591100.396, 252
Trd, 2591100.413, 255
Trd, 2591100.546, 266
Trd, 2591100.946, 249
Trd, 2591101.829, 244
Trd, 2591103.396, 248
Trd, 2591103.513, 249
Trd, 2591103.979, 246
Trd, 2591104.396, 247
Trd, 2591105.079, 255
Trd, 2591105.713, 249
Trd, 2591106.379, 255
Trd, 2591106.846, 248
Trd, 2591107.429, 237
Trd, 2591107.846, 244
Trd, 2591108.213, 265
Trd, 2591108.996, 233
Trd, 2591109.396, 258
Trd, 2591112.513, 249
Trd, 2591113.079, 248
Trd, 2591113.596, 249
Trd, 2591113.929, 248
Trd, 2591113.963, 244
Trd, 2591114.596, 241
Trd, 2591115.596, 249
Trd, 2591116.096, 251
Trd, 2591117.396, 239
Trd, 2591118.263, 249
Trd, 2591118.296, 240
Trd, 2591118.879, 258
Trd, 2591119.046, 237
Trd, 2591119.996, 261
Trd, 2591120.746, 260
Trd, 2591120.913, 239
Trd, 2591122.479, 254
Trd, 2591122.746, 258
Trd, 2591122.796, 244
Trd, 2591123.829, 263
Trd, 2591125.013, 258
Trd, 2591126.029, 254
Trd, 2591126.279, 244
Trd, 2591126.963, 248
Trd, 2591127.679, 249
Trd, 2591128.279, 252
Trd, 2591128.779, 253
Trd, 2591129.946, 255
Trd, 2591130.063, 254
Trd, 2591130.713, 256
Trd, 2591130.846, 253
Trd, 2591131.629, 244
Trd, 2591131.813, 244
Trd, 2591132.813, 251
Trd, 2591133.696, 258
Trd, 2591134.346, 244
Trd, 2591134.379, 256
Trd, 2591135.196, 258
Trd, 2591135.913, 251
Trd, 2591137.063, 251
Trd, 2591138.429, 256
Trd, 2591138.529, 260
Trd, 2591138.646, 255
Trd, 2591138.763, 252
Trd, 2591139.329, 248
Trd, 2591139.429, 248
Trd, 2591141.129, 254
Trd, 2591141.796, 256
Trd, 2591143.129, 253
Trd, 2591143.246, 254
Trd, 2591143.729, 252
Trd, 2591144.246, 248
Trd, 2591144.946, 249
Trd, 2591145.879, 249
Trd, 2591147.263, 248
Trd, 2591147.513, 248
Trd, 2591148.096, 249
Trd, 2591148.713, 250
Trd, 2591149.496, 244
Trd, 2591149.763, 244
Trd, 2591151.379, 242
Trd, 2591152.329, 247
Trd, 2591152.729, 249
Trd, 2591153.179, 255
Trd, 2591153.813, 242
Trd, 2591154.096, 237
Trd, 2591154.663, 257
Trd, 2591154.863, 240
Trd, 2591156.513, 259
Trd, 2591157.029, 249
Trd, 2591159.429, 251
Trd, 2591160.046, 250
Trd, 2591160.113, 252
Trd, 2591160.529, 248
Trd, 2591162.029, 245
Trd, 2591163.079, 241
Trd, 2591163.796, 242
Trd, 2591164.046, 241
Trd, 2591164.446, 241
Trd, 2591164.679, 242
Trd, 2591165.863, 252
Trd, 2591166.029, 255
Trd, 2591166.613, 256
Trd, 2591167.046, 249
Trd, 2591168.963, 248
Trd, 2591169.263, 248
Trd, 2591169.679, 247
Trd, 2591169.996, 244
Trd, 2591170.146, 240
Trd, 2591170.846, 252
Trd, 2591171.346, 250
Trd, 2591172.229, 245
Trd, 2591174.363, 246
Trd, 2591174.496, 245
Trd, 2591174.663, 237
Trd, 2591175.063, 238
Trd, 2591177.113, 245
Trd, 2591177.213, 245
Trd, 2591177.446, 246
Trd, 2591177.879, 244
Trd, 2591178.079, 248
Trd, 2591178.129, 240
Trd, 2591178.313, 258
Trd, 2591179.213, 236
Trd, 2591179.779, 237
Trd, 2591182.029, 250
Trd, 2591183.429, 255
Trd, 2591184.213, 254
Trd, 2591184.429, 253
Trd, 2591184.496, 262
Trd, 2591184.813, 249
Trd, 2591185.563, 248
Trd, 2591186.663, 247
Trd, 2591186.963, 246
Trd, 2591187.163, 247
Trd, 2591187.513, 244
Trd, 2591190.146, 239
Trd, 2591190.329, 239
Trd, 2591190.396, 246
Trd, 2591191.013, 237
Trd, 2591191.196, 239
Trd, 2591191.429, 246
Trd, 2591192.113, 240
Trd, 2591193.446, 248
Trd, 2591193.713, 248
Trd, 2591193.896, 247
Trd, 2591194.313, 247
Trd, 2591195.379, 248
Trd, 2591197.496, 254
Trd, 2591198.329, 255
Trd, 2591198.396, 254
Trd, 2591199.463, 254
Trd, 2591200.679, 247
Trd, 2591200.879, 248
Trd, 2591201.496, 252
Trd, 2591201.796, 253
Trd, 2591203.029, 248
Trd, 2591203.379, 254
Trd, 2591204.229, 255
Trd, 2591204.263, 250
Trd, 2591205.079, 261
Trd, 2591205.363, 246
Trd, 2591205.763, 244
Trd, 2591206.563, 247
Trd, 2591206.613, 254
Trd, 2591207.696, 238
Trd, 2591210.713, 249
Trd, 2591210.913, 248
Trd, 2591211.546, 249
Trd, 2591212.263, 250
Trd, 2591212.629, 244
Trd, 2591212.713, 244
Trd, 2591213.146, 241
Trd, 2591213.729, 249
Trd, 2591214.146, 251
Trd, 2591214.463, 251
Trd, 2591214.679, 249
Trd, 2591216.129, 245
Trd, 2591216.246, 253
Trd, 2591216.613, 248
Trd, 2591217.163, 255
Trd, 2591218.679, 250
Trd, 2591218.779, 249
Trd, 2591220.196, 250
Trd, 2591222.046, 259
Trd, 2591223.346, 256
Trd, 2591223.763, 252
Trd, 2591224.129, 251
Trd, 2591225.279, 250
Trd, 2591225.796, 244
Trd, 2591226.079, 253
Trd, 2591226.213, 254
Trd, 2591227.529, 255
Trd, 2591227.663, 256
Trd, 2591228.846, 258
Trd, 2591230.113, 260
Trd, 2591230.396, 259
Trd, 2591230.446, 244
Trd, 2591230.846, 241
Trd, 2591230.946, 237
Trd, 2591231.613, 246
Trd, 2591232.463, 246
Trd, 2591232.596, 246
Trd, 2591233.596, 237
Trd, 2591233.929, 246
Trd, 2591234.796, 247
Trd, 2591236.079, 252
Trd, 2591236.246, 259
Trd, 2591236.679, 251
Trd, 2591237.263, 258
Trd, 2591237.429, 244
Trd, 2591238.613, 258
Trd, 2591238.896, 243
Trd, 2591239.046, 236
Trd, 2591240.163, 241
Trd, 2591241.563, 262
Trd, 2591242.213, 254
Trd, 2591242.996, 255
Trd, 2591243.963, 261
Trd, 2591243.979, 256
Trd, 2591245.996, 256
Trd, 2591246.163, 255
Trd, 2591246.396, 254
Trd, 2591246.813, 254
Trd, 2591247.096, 250
Trd, 2591247.196, 249
Trd, 2591247.929, 249
Trd, 2591247.946, 248
Trd, 2591248.496, 254
Trd, 2591249.363, 248
Trd, 2591249.713, 253
Trd, 2591251.496, 249
Trd, 2591251.629, 244
Trd, 2591252.529, 262
Trd, 2591253.629, 254
Trd, 2591254.746, 249
Trd, 2591256.079, 253
Trd, 2591256.196, 249
Trd, 2591256.396, 255
Trd, 2591257.429, 248
Trd, 2591258.429, 250
Trd, 2591258.896, 251
Trd, 2591258.929, 262
Trd, 2591259.213, 267
Trd, 2591259.346, 249
Trd, 2591260.029, 248
Trd, 2591261.613, 248
Trd, 2591262.096, 249
Trd, 2591263.096, 241
Trd, 2591264.379, 255
Trd, 2591265.379, 254
Trd, 2591265.663, 255
Trd, 2591265.713, 252
Trd, 2591267.196, 256
Trd, 2591267.429, 249
Trd, 2591268.113, 256
Trd, 2591268.963, 257
Trd, 2591269.729, 262
Trd, 2591269.946, 265
Trd, 2591269.963, 234
Trd, 2591271.396, 252
Trd, 2591271.613, 242
Trd, 2591271.829, 241
Trd, 2591272.663, 247
Trd, 2591273.129, 232
Trd, 2591273.263, 231
Trd, 2591274.363, 248
Trd, 2591274.379, 249
Trd, 2591275.229, 237
Trd, 2591276.313, 243
Trd, 2591277.463, 244
Trd, 2591277.913, 243
Trd, 2591278.579, 231
Trd, 2591280.563, 235
Trd, 2591281.046, 244
Trd, 2591281.596, 245
Trd, 2591282.729, 247
Trd, 2591283.746, 248
Trd, 2591284.346, 240
Trd, 2591285.379, 248
Trd, 2591285.513, 234
Trd, 2591286.713, 245
Trd, 2591287.529, 237
Trd, 2591287.996, 235
Trd, 2591288.429, 236
Trd, 2591288.846, 237
Trd, 2591289.363, 239
Trd, 2591289.463, 240
Trd, 2591289.546, 248
Trd, 2591290.313, 246
Trd, 2591291.596, 246
Trd, 2591291.663, 255
Trd, 2591293.513, 247
Trd, 2591293.663, 244
Trd, 2591293.763, 240
Trd, 2591294.179, 238
Trd, 2591294.979, 255
Trd, 2591295.479, 240
Trd, 2591297.463, 249
Trd, 2591298.063, 248
Trd, 2591299.029, 248
Trd, 2591299.229, 237
Trd, 2591300.146, 241
Trd, 2591300.263, 246
Trd, 2591301.379, 244
Trd, 2591301.429, 242
Trd, 2591301.896, 247
Trd, 2591301.963, 249
Trd, 2591303.013, 245
Trd, 2591303.296, 260
Trd, 2591303.446, 243
Trd, 2591304.746, 251
Trd, 2591305.479, 250
Trd, 2591306.313, 253
Trd, 2591307.396, 253
Trd, 2591307.713, 252
Trd, 2591307.729, 253
Trd, 2591309.446, 252
Trd, 2591309.463, 253
Trd, 2591310.129, 250
Trd, 2591310.263, 257
Trd, 2591311.163, 249
Trd, 2591312.979, 250
Trd, 2591313.013, 248
Trd, 2591313.146, 244
Trd, 2591313.396, 239
Trd, 2591313.629, 256
Trd, 2591313.863, 238
Trd, 2591314.313, 246
Trd, 2591315.446, 247
Trd, 2591316.329, 246
Trd, 2591316.346, 248
Trd, 2591316.563, 249
Trd, 2591316.979, 253
Trd, 2591319.013, 253
Trd, 2591319.563, 255
Trd, 2591319.746, 255
Trd, 2591320.596, 258
Trd, 2591321.746, 253
Trd, 2591324.379, 260
Trd, 2591325.263, 261
Trd, 2591325.363, 260
Trd, 2591325.879, 259
Trd, 2591326.479, 253
Trd, 2591326.646, 248
Trd, 2591326.963, 244
Trd, 2591327.329, 238
Trd, 2591327.596, 246
Trd, 2591328.329, 244
Trd, 2591329.496, 243
Trd, 2591329.629, 241
Trd, 2591329.946, 244
Trd, 2591330.196, 249
Trd, 2591331.763, 262
Trd, 2591331.846, 260
Trd, 2591331.913, 256
Trd, 2591333.813, 257
Trd, 2591333.896, 255
Trd, 2591334.046, 245
Trd, 2591334.779, 240
Trd, 2591335.113, 237
Trd, 2591335.446, 257
Trd, 2591335.496, 258
Trd, 2591337.763, 260
Trd, 2591338.813, 258
Trd, 2591339.879, 251
Trd, 2591340.213, 253
Trd, 2591341.846, 257
Trd, 2591343.063, 256
Trd, 2591343.563, 257
Trd, 2591343.896, 258
Trd, 2591344.196, 264
Trd, 2591344.846, 256
Trd, 2591345.196, 257
Trd, 2591345.496, 257
Trd, 2591345.946, 252
Trd, 2591346.946, 252
Trd, 2591348.229, 248
Trd, 2591348.879, 248
Trd, 2591349.863, 248
Trd, 2591349.879, 250
Trd, 2591350.113, 247
Trd, 2591351.096, 248
Trd, 2591351.679, 244
Trd, 2591352.296, 237
Trd, 2591353.596, 249
Trd, 2591355.163, 237
Trd, 2591355.646, 249
Trd, 2591355.896, 242
Trd, 2591356.496, 242
Trd, 2591357.796, 245
Trd, 2591358.396, 251
Trd, 2591358.429, 252
Trd, 2591359.213, 251
Trd, 2591360.179, 249
Trd, 2591360.346, 247
Trd, 2591361.029, 249
Trd, 2591361.813, 249
Trd, 2591362.513, 249
Trd, 2591362.996, 248
Trd, 2591363.996, 248
Trd, 2591364.096, 252
Trd, 2591364.229, 249
Trd, 2591364.463, 248
Trd, 2591365.313, 252
Trd, 2591366.346, 256
Trd, 2591366.863, 256
Trd, 2591368.363, 257
Trd, 2591368.596, 248
Trd, 2591369.996, 245
Trd, 2591370.263, 250
Trd, 2591370.429, 256
Trd, 2591370.513, 244
Trd, 2591370.563, 256
Trd, 2591370.896, 258
Trd, 2591370.979, 239
Trd, 2591372.113, 247
Trd, 2591372.146, 259
Trd, 2591372.713, 238
Trd, 2591374.029, 246
Trd, 2591374.796, 251
Trd, 2591375.313, 240
Trd, 2591376.346, 250
Trd, 2591376.879, 250
Trd, 2591377.179, 249
Trd, 2591379.646, 245
Trd, 2591380.163, 240
Trd, 2591381.079, 242
Trd, 2591381.396, 241
Trd, 2591381.829, 248
Trd, 2591382.796, 251
Trd, 2591383.079, 239
Trd, 2591384.263, 245
Trd, 2591385.313, 248
Trd, 2591385.929, 247
Trd, 2591385.996, 245
Trd, 2591387.496, 237
Trd, 2591387.679, 234
Trd, 2591388.013, 230
Trd, 2591388.396, 256
Trd, 2591389.863, 258
Trd, 2591390.879, 258
Trd, 2591392.013, 259
Trd, 2591392.629, 261
Trd, 2591392.846, 261
Trd, 2591393.229, 260
Trd, 2591393.579, 262
Trd, 2591394.696, 254
Trd, 2591394.879, 262
Trd, 2591395.196, 245
Trd, 2591396.479, 254
Trd, 2591396.779, 251
Trd, 2591398.029, 250
Trd, 2591398.863, 254
Trd, 2591398.879, 251
Trd, 2591399.663, 251
Trd, 2591400.179, 254
Trd, 2591400.396, 251
Trd, 2591401.129, 249
Trd, 2591403.296, 247
Trd, 2591404.646, 249
Trd, 2591405.046, 249
Trd, 2591405.379, 252
Trd, 2591405.529, 249
Trd, 2591406.696, 244
Trd, 2591406.846, 237
Trd, 2591407.213, 248
Trd, 2591408.829, 242
Trd, 2591409.013, 243
Trd, 2591409.346, 243
Trd, 2591409.463, 240
Trd, 2591410.946, 241
Trd, 2591411.079, 242
Trd, 2591411.579, 244
Trd, 2591412.229, 250
Trd, 2591412.479, 243
Trd, 2591412.979, 249
Trd, 2591414.629, 250
Trd, 2591415.679, 250
Trd, 2591416.413, 253
Trd, 2591416.813, 247
Trd, 2591416.929, 253
Trd, 2591417.529, 256
Trd, 2591417.796, 260
Trd, 2591417.913, 253
Trd, 2591418.863, 252
Trd, 2591419.363, 251
Trd, 2591422.463, 258
Trd, 2591422.563, 258
Trd, 2591422.779, 255
Trd, 2591423.929, 256
Trd, 2591424.013, 262
Trd, 2591424.546, 258
Trd, 2591424.613, 248
Trd, 2591425.913, 247
Trd, 2591426.396, 248
Trd, 2591426.513, 248
Trd, 2591427.996, 248
Trd, 2591428.063, 244
Trd, 2591428.913, 251
Trd, 2591430.796, 251
Trd, 2591430.846, 250
Trd, 2591431.346, 247
Trd, 2591431.896, 241
Trd, 2591432.596, 252
Trd, 2591433.629, 248
Trd, 2591433.663, 246
Trd, 2591433.713, 244
Trd, 2591433.929, 252
Trd, 2591434.663, 243
Trd, 2591436.663, 248
Trd, 2591437.713, 243
Trd, 2591438.313, 247
Trd, 2591439.029, 247
Trd, 2591439.079, 243
Trd, 2591439.279, 238
Trd, 2591440.679, 248
Trd, 2591441.496, 249
Trd, 2591442.013, 253
Trd, 2591442.379, 255
Trd, 2591444.296, 253
Trd, 2591445.463, 253
Trd, 2591445.646, 255
Trd, 2591446.296, 251
Trd, 2591446.463, 249
Trd, 2591446.496, 242
Trd, 2591447.379, 250
Trd, 2591448.113, 255
Trd, 2591448.596, 244
Trd, 2591449.246, 244
Trd, 2591449.929, 248
Trd, 2591450.546, 242
Trd, 2591450.663, 241
Trd, 2591450.779, 258
Trd, 2591451.246, 233
Trd, 2591453.563, 256
Trd, 2591455.479, 258
Trd, 2591455.663, 254
Trd, 2591457.046, 245
Trd, 2591457.463, 241
Trd, 2591457.629, 237
Trd, 2591457.979, 234
Trd, 2591458.246, 255
Trd, 2591459.313, 252
Trd, 2591460.046, 251
Trd, 2591460.813, 248
Trd, 2591461.646, 243
Trd, 2591462.113, 250
Trd, 2591462.379, 252
Trd, 2591463.096, 248
Trd, 2591463.396, 248
Trd, 2591464.896, 249
Trd, 2591465.313, 250
Trd, 2591466.429, 256
Trd, 2591466.663, 253
Trd, 2591466.829, 252
Trd, 2591467.963, 254
Trd, 2591469.029, 256
Trd, 2591469.863, 254
Trd, 2591469.963, 253
Trd, 2591471.213, 252
Trd, 2591471.629, 252
Trd, 2591471.879, 258
Trd, 2591472.113, 249
Trd, 2591472.813, 250
Trd, 2591472.846, 260
Trd, 2591473.196, 252
Trd, 2591473.429, 251
Trd, 2591474.129, 247
Trd, 2591474.796, 240
Trd, 2591475.529, 239
Trd, 2591477.379, 238
Trd, 2591477.646, 247
Trd, 2591478.563, 238
Trd, 2591478.979, 237
Trd, 2591480.079, 240
Trd, 2591480.163, 239
Trd, 2591480.179, 237
Trd, 2591480.346, 240
Trd, 2591480.429, 252
Trd, 2591481.196, 255
Trd, 2591482.613, 255
Trd, 2591482.913, 260
Trd, 2591483.629, 257
Trd, 2591484.446, 257
Trd, 2591486.129, 258
Trd, 2591486.246, 262
Trd, 2591486.796, 256
Trd, 2591487.213, 262
Trd, 2591488.096, 253
Trd, 2591488.646, 252
Trd, 2591489.246, 249
Trd, 2591491.229, 254
Trd, 2591491.446, 253
Trd, 2591493.079, 244
Trd, 2591493.146, 252
Trd, 2591493.313, 244
Trd, 2591493.363, 253
Trd, 2591493.513, 249
Trd, 2591494.013, 241
Trd, 2591494.313, 238
Trd, 2591494.413, 252
Trd, 2591494.529, 239
Trd, 2591494.713, 238
Trd, 2591495.429, 256
Trd, 2591497.846, 253
Trd, 2591498.663, 255
Trd, 2591499.179, 255
Trd, 2591499.429, 258
Trd, 2591501.896, 259
Trd, 2591502.879, 256
Trd, 2591503.029, 258
Trd, 2591503.579, 251
Trd, 2591503.696, 251
Trd, 2591503.896, 250
Trd, 2591504.579, 247
Trd, 2591505.179, 244
Trd, 2591505.713, 241
Trd, 2591506.513, 252
Trd, 2591507.729, 251
Trd, 2591507.946, 252
Trd, 2591508.246, 250
Trd, 2591508.813, 244
Trd, 2591510.263, 253
Trd, 2591510.913, 252
Trd, 2591510.929, 263
Trd, 2591511.646, 256
Trd, 2591512.113, 251
Trd, 2591513.729, 242
Trd, 2591514.663, 246
Trd, 2591514.979, 255
Trd, 2591515.946, 248
Trd, 2591517.213, 243
Trd, 2591517.579, 242
Trd, 2591517.713, 257
Trd, 2591518.129, 248
Trd, 2591518.546, 238
Trd, 2591519.329, 242
Trd, 2591522.196, 251
Trd, 2591522.329, 251
Trd, 2591522.746, 253
Trd, 2591523.363, 250
Trd, 2591523.646, 244
Trd, 2591524.463, 255
Trd, 2591524.829, 245
Trd, 2591526.046, 238
Trd, 2591526.179, 240
Trd, 2591526.263, 242
Trd, 2591526.646, 242
Trd, 2591528.079, 248
Trd, 2591528.246, 239
Trd, 2591530.246, 250
Trd, 2591530.413, 245
Trd, 2591531.746, 255
Trd, 2591532.413, 246
Trd, 2591533.029, 260
Trd, 2591533.546, 261
Trd, 2591533.679, 250
Trd, 2591533.996, 247
Trd, 2591534.579, 258
Trd, 2591534.729, 257
Trd, 2591535.613, 259
Trd, 2591535.929, 259
Trd, 2591539.313, 251
Trd, 2591539.363, 244
Trd, 2591540.779, 246
Trd, 2591540.946, 247
Trd, 2591542.846, 252
Trd, 2591543.146, 251
Trd, 2591543.696, 252
Trd, 2591544.429, 248
Trd, 2591545.513, 246
Trd, 2591546.029, 248
Trd, 2591546.313, 250
Trd, 2591546.696, 255
Trd, 2591547.579, 253
Trd, 2591548.429, 254
Trd, 2591548.613, 252
Trd, 2591548.663, 247
Trd, 2591548.863, 256
Trd, 2591551.013, 250
Trd, 2591551.146, 244
Trd, 2591551.379, 240
Trd, 2591552.379, 249
Trd, 2591552.913, 256
Trd, 2591553.479, 258
Trd, 2591554.196, 256
Trd, 2591554.846, 256
Trd, 2591555.546, 256
Trd, 2591555.579, 246
Trd, 2591558.396, 239
Trd, 2591558.929, 246
Trd, 2591561.863, 247
Trd, 2591562.146, 246
Trd, 2591562.629, 249
Trd, 2591562.663, 244
Trd, 2591563.596, 249
Trd, 2591563.729, 240
Trd, 2591564.379, 255
Trd, 2591564.529, 255
Trd, 2591564.729, 262
Trd, 2591565.379, 252
Trd, 2591565.946, 249
Trd, 2591568.229, 252
Trd, 2591569.163, 259
Trd, 2591569.613, 258
Trd, 2591570.513, 247
Trd, 2591571.496, 244
Trd, 2591572.046, 237
Trd, 2591574.696, 253
Trd, 2591575.829, 254
Trd, 2591575.979, 256
Trd, 2591577.663, 261
Trd, 2591577.713, 261
Trd, 2591578.229, 262
Trd, 2591578.496, 265
Trd, 2591579.413, 262
Trd, 2591579.446, 268
Trd, 2591579.863, 262
Trd, 2591580.213, 261
Trd, 2591580.813, 258
Trd, 2591580.829, 249
Trd, 2591581.379, 256
Trd, 2591581.579, 255
Trd, 2591582.063, 261
Trd, 2591582.546, 248
Trd, 2591584.013, 245
Trd, 2591584.163, 247
Trd, 2591584.563, 244
Trd, 2591584.996, 238
Trd, 2591585.929, 248
Trd, 2591586.496, 249
Trd, 2591586.763, 253
Trd, 2591586.879, 254
Trd, 2591586.963, 241
Trd, 2591588.396, 244
Trd, 2591588.446, 241
Trd, 2591588.629, 237
Trd, 2591589.163, 255
Trd, 2591590.163, 236
Trd, 2591591.463, 253
Trd, 2591591.996, 239
Trd, 2591592.363, 252
Trd, 2591592.663, 255
Trd, 2591594.063, 244
Trd, 2591594.529, 244
Trd, 2591594.596, 255
Trd, 2591595.579, 238
Trd, 2591596.996, 247
Trd, 2591597.663, 244
Trd, 2591597.813, 245
Trd, 2591598.579, 248
Trd, 2591599.379, 245
Trd, 2591599.679, 244
Trd, 2591600.346, 245
Trd, 2591600.413, 241
Trd, 2591601.063, 239
Trd, 2591602.329, 251
Trd, 2591603.896, 244
Trd, 2591604.229, 245
Trd, 2591604.713, 244
Trd, 2591604.929, 241
Trd, 2591605.013, 246
Trd, 2591605.413, 238
Trd, 2591606.163, 237
Trd, 2591606.529, 248
Trd, 2591606.679, 229
Trd, 2591607.029, 227
Trd, 2591607.196, 228
Trd, 2591608.029, 249
Trd, 2591610.346, 255
Trd, 2591611.496, 255
Trd, 2591611.779, 256
Trd, 2591612.679, 258
Trd, 2591613.813, 262
Trd, 2591614.046, 259
Trd, 2591614.663, 264
Trd, 2591615.729, 260
Trd, 2591615.746, 268
Trd, 2591616.863, 258
Trd, 2591616.929, 270
Trd, 2591617.446, 245
Trd, 2591617.996, 251
Trd, 2591619.496, 251
Trd, 2591621.379, 250
Trd, 2591621.646, 247
Trd, 2591621.713, 244
Trd, 2591621.846, 252
Trd, 2591621.863, 244
Trd, 2591622.363, 252
Trd, 2591623.746, 247
Trd, 2591624.379, 246
Trd, 2591624.429, 246
Trd, 2591624.829, 249
Trd, 2591624.946, 243
Trd, 2591625.329, 241
Trd, 2591625.979, 238
Trd, 2591626.096, 255
Trd, 2591627.529, 254
Trd, 2591629.646, 241
Trd, 2591630.413, 240
Trd, 2591631.296, 237
Trd, 2591631.429, 232
Trd, 2591632.696, 245
Trd, 2591633.279, 252
Trd, 2591634.796, 253
Trd, 2591634.929, 245
Trd, 2591635.746, 253
Trd, 2591635.779, 252
Trd, 2591636.213, 253
Trd, 2591636.613, 244
Trd, 2591637.096, 243
Trd, 2591637.896, 240
Trd, 2591638.429, 255
Trd, 2591639.929, 263
Trd, 2591640.779, 256
Trd, 2591641.613, 258
Trd, 2591641.813, 249
Trd, 2591642.763, 251
Trd, 2591642.963, 239
Trd, 2591643.596, 238
Trd, 2591643.629, 256
Trd, 2591643.679, 257
Trd, 2591643.763, 241
Trd, 2591644.079, 258
Trd, 2591645.763, 244
Trd, 2591647.629, 245
Trd, 2591648.346, 256
Trd, 2591648.913, 251
Trd, 2591649.546, 254
Trd, 2591649.796, 253
Trd, 2591650.713, 254
Trd, 2591651.179, 248
Trd, 2591651.396, 248
Trd, 2591651.713, 243
Trd, 2591652.846, 246
Trd, 2591652.879, 249
Trd, 2591652.896, 263
Trd, 2591653.763, 246
Trd, 2591654.913, 249
Trd, 2591655.229, 245
Trd, 2591656.546, 237
Trd, 2591656.929, 238
Trd, 2591657.296, 239
Trd, 2591658.079, 243
Trd, 2591658.829, 242
Trd, 2591659.796, 252
Trd, 2591660.613, 252
Trd, 2591661.329, 253
Trd, 2591662.196, 260
Trd, 2591663.063, 259
Trd, 2591663.929, 255
Trd, 2591664.096, 254
Trd, 2591667.263, 250
Trd, 2591667.296, 248
Trd, 2591667.796, 244
Trd, 2591667.913, 243
Trd, 2591668.663, 255
Trd, 2591669.663, 246
Trd, 2591670.113, 238
Trd, 2591670.546, 238
Trd, 2591670.796, 252
Trd, 2591671.179, 237
Trd, 2591671.613, 252
Trd, 2591671.646, 232
Trd, 2591672.713, 254
Trd, 2591673.563, 242
Trd, 2591674.846, 244
Trd, 2591675.163, 255
Trd, 2591675.979, 255
Trd, 2591677.096, 256
Trd, 2591677.813, 253
Trd, 2591677.846, 256
Trd, 2591678.879, 257
Trd, 2591679.246, 249
Trd, 2591680.029, 251
Trd, 2591681.763, 251
Trd, 2591681.929, 252
Trd, 2591683.196, 250
Trd, 2591683.779, 249
Trd, 2591684.213, 251
Trd, 2591685.129, 252
Trd, 2591685.646, 253
Trd, 2591686.829, 250
Trd, 2591687.079, 245
Trd, 2591688.463, 249
Trd, 2591689.396, 249
Trd, 2591689.429, 251
Trd, 2591689.796, 244
Trd, 2591690.496, 253
Trd, 2591690.779, 255
Trd, 2591691.313, 253
Trd, 2591692.213, 258
Trd, 2591692.529, 259
Trd, 2591694.563, 249
Trd, 2591694.579, 247
Trd, 2591695.029, 237
Trd, 2591695.213, 262
Trd, 2591695.963, 262
Trd, 2591696.763, 241
Trd, 2591697.729, 255
Trd, 2591698.779, 251
Trd, 2591699.329, 252
Trd, 2591699.763, 242
Trd, 2591700.563, 236
Trd, 2591702.579, 243
Trd, 2591702.946, 254
Trd, 2591703.729, 251
Trd, 2591703.896, 254
Trd, 2591703.979, 250
Trd, 2591705.929, 255
Trd, 2591706.396, 259
Trd, 2591706.763, 255
Trd, 2591707.296, 262
Trd, 2591707.413, 255
Trd, 2591708.346, 252
Trd, 2591708.779, 255
Trd, 2591708.979, 241
Trd, 2591709.246, 256
Trd, 2591709.663, 246
Trd, 2591712.846, 253
Trd, 2591713.563, 252
Trd, 2591713.613, 251
Trd, 2591713.663, 250
Trd, 2591714.613, 248
Trd, 2591715.029, 242
Trd, 2591716.079, 244
Trd, 2591716.379, 251
Trd, 2591716.879, 251
Trd, 2591718.513, 252
Trd, 2591719.329, 251
Trd, 2591719.363, 255
Trd, 2591720.779, 251
Trd, 2591721.646, 244
Trd, 2591722.846, 249
Trd, 2591723.446, 253
Trd, 2591724.863, 254
Trd, 2591725.046, 251
Trd, 2591725.079, 256
Trd, 2591725.246, 250
Trd, 2591726.079, 259
Trd, 2591727.063, 251
Trd, 2591727.696, 252
Trd, 2591727.779, 252
Trd, 2591729.163, 251
Trd, 2591729.563, 251
Trd, 2591731.496, 248
Trd, 2591731.579, 244
Trd, 2591732.096, 241
Trd, 2591732.379, 237
Trd, 2591732.646, 246
Trd, 2591732.896, 247
Trd, 2591733.129, 247
Trd, 2591733.896, 243
Trd, 2591734.429, 240
Trd, 2591734.863, 247
Trd, 2591735.013, 256
Trd, 2591735.729, 241
Trd, 2591736.513, 244
Trd, 2591736.663, 246
Trd, 2591737.796, 246
Trd, 2591737.913, 245
Trd, 2591739.329, 264
Trd, 2591740.629, 256
Trd, 2591740.929, 262
Trd, 2591741.196, 255
Trd, 2591742.779, 256
Trd, 2591743.096, 255
Trd, 2591743.329, 248
Trd, 2591743.863, 255
Trd, 2591744.379, 244
Trd, 2591746.063, 244
Trd, 2591746.546, 250
Trd, 2591746.679, 250
Trd, 2591747.346, 247
Trd, 2591748.679, 249
Trd, 2591748.713, 248
Trd, 2591749.263, 250
Trd, 2591749.863, 251
Trd, 2591750.613, 252
Trd, 2591751.479, 254
Trd, 2591751.779, 255
Trd, 2591752.313, 262
Trd, 2591752.363, 255
Trd, 2591753.313, 237
Trd, 2591753.696, 258
Trd, 2591753.829, 250
Trd, 2591754.096, 244
Trd, 2591755.496, 256
Trd, 2591755.929, 248
Trd, 2591756.113, 238
Trd, 2591756.129, 238
Trd, 2591756.329, 237
Trd, 2591758.696, 246
Trd, 2591759.313, 244
Trd, 2591760.463, 255
Trd, 2591761.113, 254
Trd, 2591761.346, 255
Trd, 2591762.113, 256
Trd, 2591762.463, 257
Trd, 2591763.046, 255
Trd, 2591764.213, 262
Trd, 2591764.413, 251
Trd, 2591765.313, 249
Trd, 2591765.479, 248
Trd, 2591767.163, 237
Trd, 2591767.696, 251
Trd, 2591768.679, 245
Trd, 2591768.963, 244
Trd, 2591769.596, 242
Trd, 2591769.879, 243
Trd, 2591770.696, 240
Trd, 2591770.763, 243
Trd, 2591772.063, 248
Trd, 2591773.229, 253
Trd, 2591773.246, 242
Trd, 2591773.279, 255
Trd, 2591774.563, 255
Trd, 2591774.963, 253
Trd, 2591774.996, 241
Trd, 2591775.446, 262
Trd, 2591775.563, 261
Trd, 2591775.946, 248
Trd, 2591776.713, 246
Trd, 2591776.946, 263
Trd, 2591777.696, 246
Trd, 2591778.363, 247
Trd, 2591778.729, 246
Trd, 2591779.463, 244
Trd, 2591779.679, 242
Trd, 2591780.513, 238
Trd, 2591782.329, 245
Trd, 2591782.663, 246
Trd, 2591782.746, 234
Trd, 2591783.379, 231
Trd, 2591784.729, 246
Trd, 2591785.613, 246
Trd, 2591785.646, 245
Trd, 2591787.596, 242
Trd, 2591787.846, 247
Trd, 2591788.296, 255
Trd, 2591788.513, 235
Trd, 2591790.879, 247
Trd, 2591791.213, 233
Trd, 2591791.396, 249
Trd, 2591791.546, 231
Trd, 2591792.263, 254
Trd, 2591793.113, 246
Trd, 2591793.513, 255
Trd, 2591794.646, 251
Trd, 2591794.846, 250
Trd, 2591795.963, 246
Trd, 2591796.096, 246
Trd, 2591796.629, 245
Trd, 2591796.779, 247
Trd, 2591799.646, 255
Trd, 2591799.763, 256
Trd, 2591800.213, 255
Trd, 2591800.296, 247
Trd, 2591801.113, 261
Trd, 2591801.496, 262
Trd, 2591802.296, 245
Trd, 2591802.463, 244
Trd, 2591802.713, 239
Trd, 2591802.796, 262
Trd, 2591803.646, 256
Trd, 2591804.146, 266
Trd, 2591805.579, 256
Trd, 2591805.696, 255
Trd, 2591806.113, 251
Trd, 2591806.479, 249
Trd, 2591807.096, 241
Trd, 2591808.713, 242
Trd, 2591810.396, 243
Trd, 2591810.879, 244
Trd, 2591811.379, 245
Trd, 2591811.596, 245
Trd, 2591811.613, 254
Trd, 2591812.629, 254
Trd, 2591813.496, 252
Trd, 2591813.696, 251
Trd, 2591813.729, 254
Trd, 2591814.329, 256
Trd, 2591814.629, 258
Trd, 2591815.046, 248
Trd, 2591815.279, 248
Trd, 2591816.596, 262
Trd, 2591817.646, 256
Trd, 2591818.863, 258
Trd, 2591819.079, 259
Trd, 2591819.129, 256
Trd, 2591821.163, 254
Trd, 2591822.296, 253
Trd, 2591823.063, 245
Trd, 2591823.546, 245
Trd, 2591823.863, 244
Trd, 2591823.963, 240
Trd, 2591824.763, 241
Trd, 2591825.913, 244
Trd, 2591826.063, 245
Trd, 2591826.996, 246
Trd, 2591827.079, 245
Trd, 2591828.779, 247
Trd, 2591829.163, 248
Trd, 2591829.713, 245
Trd, 2591830.979, 247
Trd, 2591831.129, 248
Trd, 2591831.796, 244
Trd, 2591832.646, 241
Trd, 2591833.363, 243
Trd, 2591834.363, 255
Trd, 2591835.179, 245
Trd, 2591835.363, 250
Trd, 2591836.163, 251
Trd, 2591837.179, 248
Trd, 2591837.346, 250
Trd, 2591838.596, 248
Trd, 2591839.696, 246
Trd, 2591840.346, 253
Trd, 2591840.529, 245
Trd, 2591840.963, 244
Trd, 2591841.996, 254
Trd, 2591843.046, 254
Trd, 2591843.479, 251
Trd, 2591844.363, 250
Trd, 2591844.879, 249
Trd, 2591845.446, 245
Trd, 2591846.063, 246
Trd, 2591847.446, 244
Trd, 2591847.879, 243
Trd, 2591848.413, 245
Trd, 2591849.179, 243
Trd, 2591850.079, 244
Trd, 2591850.163, 247
Trd, 2591850.213, 242
Trd, 2591850.979, 248
Trd, 2591852.129, 258
Trd, 2591853.263, 258
Trd, 2591854.179, 262
Trd, 2591854.646, 260
Trd, 2591854.779, 257
Trd, 2591855.196, 244
Trd, 2591856.713, 248
Trd, 2591856.879, 251
Trd, 2591858.129, 249
Trd, 2591858.313, 248
Trd, 2591858.413, 247
Trd, 2591858.713, 245
Trd, 2591858.796, 250
Trd, 2591861.446, 238
Trd, 2591862.213, 253
Trd, 2591862.246, 253
Trd, 2591862.329, 252
Trd, 2591862.663, 256
Trd, 2591863.763, 244
Trd, 2591863.913, 237
Trd, 2591864.746, 231
Trd, 2591865.013, 262
Trd, 2591868.013, 254
Trd, 2591868.463, 255
Trd, 2591868.613, 253
Trd, 2591869.629, 252
Trd, 2591870.613, 260
Trd, 2591870.729, 256
Trd, 2591870.929, 254
Trd, 2591871.729, 251
Trd, 2591872.263, 261
Trd, 2591873.046, 262
Trd, 2591873.063, 251
Trd, 2591874.763, 246
Trd, 2591875.063, 248
Trd, 2591875.179, 249
Trd, 2591875.213, 244
Trd, 2591875.596, 240
Trd, 2591875.729, 237
Trd, 2591875.863, 249
Trd, 2591876.846, 263
Trd, 2591879.763, 248
Trd, 2591879.829, 248
Trd, 2591879.913, 249
Trd, 2591880.313, 243
Trd, 2591880.429, 254
Trd, 2591880.446, 238
Trd, 2591880.546, 254
Trd, 2591880.913, 255
Trd, 2591881.946, 252
Trd, 2591884.246, 244
Trd, 2591884.413, 256
Trd, 2591885.429, 241
Trd, 2591885.963, 244
Trd, 2591887.013, 260
Trd, 2591888.113, 258
Trd, 2591888.563, 259
Trd, 2591889.813, 258
Trd, 2591890.146, 259
Trd, 2591890.746, 258
Trd, 2591891.963, 258
Trd, 2591892.013, 251
Trd, 2591893.446, 244
Trd, 2591894.129, 245
Trd, 2591894.279, 244
Trd, 2591894.613, 244
Trd, 2591895.129, 245
Trd, 2591895.896, 246
Trd, 2591896.229, 244
Trd, 2591896.763, 246
Trd, 2591897.246, 246
Trd, 2591898.279, 247
Trd, 2591898.413, 248
Trd, 2591899.646, 255
Trd, 2591899.913, 241
Trd, 2591900.863, 237
Trd, 2591901.646, 253
Trd, 2591901.679, 237
Trd, 2591902.629, 241
Trd, 2591904.613, 246
Trd, 2591905.646, 246
Trd, 2591905.696, 247
Trd, 2591905.946, 244
Trd, 2591906.613, 234
Trd, 2591907.729, 234
Trd, 2591907.779, 235
Trd, 2591907.963, 248
Trd, 2591908.546, 231
Trd, 2591909.996, 252
Trd, 2591911.496, 255
Trd, 2591911.763, 254
Trd, 2591911.946, 248
Trd, 2591912.146, 265
Trd, 2591912.763, 248
Trd, 2591912.863, 247
Trd, 2591913.246, 259
Trd, 2591915.346, 255
Trd, 2591915.613, 255
Trd, 2591915.696, 255
Trd, 2591916.213, 249
Trd, 2591917.046, 245
Trd, 2591917.979, 241
Trd, 2591919.829, 249
Trd, 2591919.846, 262
Trd, 2591920.579, 244
Trd, 2591920.696, 247
Trd, 2591920.879, 240
Trd, 2591921.046, 250
Trd, 2591922.129, 248
Trd, 2591924.796, 245
Trd, 2591924.963, 245
Trd, 2591925.229, 246
Trd, 2591925.496, 250
Trd, 2591926.579, 252
Trd, 2591927.129, 251
Trd, 2591927.579, 251
Trd, 2591928.279, 254
Trd, 2591928.496, 246
Trd, 2591929.429, 246
Trd, 2591929.713, 250
Trd, 2591929.813, 244
Trd, 2591930.696, 250
Trd, 2591930.746, 251
Trd, 2591931.579, 256
Trd, 2591932.746, 252
Trd, 2591932.929, 253
Trd, 2591934.346, 262
Trd, 2591934.629, 250
Trd, 2591935.196, 261
Trd, 2591936.063, 250
Trd, 2591936.296, 248
Trd, 2591937.263, 253
Trd, 2591938.279, 255
Trd, 2591939.146, 256
Trd, 2591940.829, 255
Trd, 2591941.829, 258
Trd, 2591942.646, 259
Trd, 2591942.763, 258
Trd, 2591943.946, 257
Trd, 2591944.213, 257
Trd, 2591944.279, 251
Trd, 2591945.446, 246
Trd, 2591945.579, 245
Trd, 2591945.713, 255
Trd, 2591945.763, 244
Trd, 2591946.396, 239
Trd, 2591947.146, 250
Trd, 2591948.379, 253
Trd, 2591948.979, 255
Trd, 2591949.279, 263
Trd, 2591949.929, 264
Trd, 2591950.929, 262
Trd, 2591951.463, 265
Trd, 2591952.146, 263
Trd, 2591953.379, 247
Trd, 2591954.829, 264
Trd, 2591955.463, 259
Trd, 2591956.379, 257
Trd, 2591957.863, 257
Trd, 2591957.963, 258
Trd, 2591958.429, 259
Trd, 2591959.163, 265
Trd, 2591959.196, 258
Trd, 2591959.246, 257
Trd, 2591959.813, 257
Trd, 2591960.479, 253
Trd, 2591960.513, 244
Trd, 2591963.863, 251
Trd, 2591964.913, 252
Trd, 2591966.663, 251
Trd, 2591968.179, 251
Trd, 2591968.313, 247
Trd, 2591968.329, 252
Trd, 2591968.413, 255
Trd, 2591969.429, 244
Trd, 2591969.646, 238
Trd, 2591970.096, 255
Trd, 2591970.729, 238
Trd, 2591971.179, 239
Trd, 2591971.429, 237
Trd, 2591972.229, 238
Trd, 2591972.329, 248
Trd, 2591972.546, 256
Trd, 2591973.146, 262
Trd, 2591973.446, 265
Trd, 2591975.813, 254
Trd, 2591976.296, 253
Trd, 2591976.396, 254
Trd, 2591976.813, 254
Trd, 2591977.163, 265
Trd, 2591977.796, 257
Trd, 2591977.929, 256
Trd, 2591977.963, 254
Trd, 2591978.296, 244
Trd, 2591980.296, 254
Trd, 2591981.479, 251
Trd, 2591982.329, 252
Trd, 2591983.646, 254
Trd, 2591984.129, 250
Trd, 2591985.479, 249
Trd, 2591987.413, 255
Trd, 2591987.529, 253
Trd, 2591988.213, 256
Trd, 2591988.329, 256
Trd, 2591988.763, 253
Trd, 2591989.246, 262
Trd, 2591989.696, 254
Trd, 2591990.096, 248
Trd, 2591990.263, 244
Trd, 2591990.779, 238
Trd, 2591990.896, 247
Trd, 2591992.729, 244
Trd, 2591992.746, 243
Trd, 2591993.446, 249
Trd, 2591994.413, 248
Trd, 2591994.896, 252
Trd, 2591995.379, 237
Trd, 2591997.046, 257
Trd, 2591997.479, 253
Trd, 2591998.179, 256
Trd, 2591998.296, 248
Trd, 2591998.629, 247
