Trd, 2590686.563, 230
Trd, 2590686.613, 228
Trd, 2590687.563, 232
Trd, 2590687.713, 239
Trd, 2590687.996, 241
Trd, 2590688.046, 244
Trd, 2590688.863, 247
Trd, 2590690.296, 235
Trd, 2590690.746, 245
Trd, 2590691.296, 246
Trd, 2590692.729, 244
Trd, 2590693.013, 246
Trd, 2590693.963, 244
Trd, 2590694.079, 241
Trd, 2590694.463, 245
Trd, 2590694.679, 246
Trd, 2590694.829, 248
Trd, 2590696.263, 251
Trd, 2590696.546, 255
Trd, 2590697.763, 253
Trd, 2590698.529, 260
Trd, 2590698.763, 255
Trd, 2590699.313, 257
Trd, 2590699.429, 255
Trd, 2590700.229, 248
Trd, 2590701.763, 239
Trd, 2590702.346, 237
Trd, 2590702.796, 239
Trd, 2590702.813, 246
Trd, 2590703.296, 245
Trd, 2590703.546, 247
Trd, 2590705.179, 248
Trd, 2590706.029, 246
Trd, 2590706.763, 248
Trd, 2590706.896, 247
Trd, 2590707.713, 249
Trd, 2590707.929, 249
Trd, 2590708.296, 248
Trd, 2590708.913, 242
Trd, 2590709.163, 259
Trd, 2590709.596, 261
Trd, 2590710.913, 245
Trd, 2590710.979, 260
Trd, 2590711.046, 244
Trd, 2590712.446, 257
Trd, 2590712.763, 241
Trd, 2590713.179, 262
Trd, 2590713.363, 266
Trd, 2590714.196, 268
Trd, 2590715.429, 268
Trd, 2590715.879, 240
Trd, 2590716.496, 244
Trd, 2590716.646, 268
Trd, 2590718.046, 244
Trd, 2590718.763, 244
Trd, 2590719.279, 243
Trd, 2590720.096, 238
Trd, 2590720.579, 239
Trd, 2590720.779, 238
Trd, 2590721.646, 237
Trd, 2590721.829, 238
Trd, 2590722.529, 235
Trd, 2590722.563, 234
Trd, 2590723.196, 238
Trd, 2590723.496, 248
Trd, 2590723.629, 234
Trd, 2590724.179, 251
Trd, 2590724.779, 239
Trd, 2590726.079, 249
Trd, 2590726.229, 257
Trd, 2590726.263, 241
Trd, 2590726.996, 258
Trd, 2590727.096, 260
Trd, 2590728.096, 256
Trd, 2590728.313, 255
Trd, 2590729.096, 246
Trd, 2590730.213, 252
Trd, 2590731.146, 237
Trd, 2590732.229, 246
Trd, 2590732.329, 231
Trd, 2590734.079, 235
Trd, 2590734.563, 240
Trd, 2590736.163, 238
Trd, 2590737.113, 240
Trd, 2590737.329, 241
Trd, 2590737.346, 242
Trd, 2590738.413, 242
Trd, 2590739.196, 242
Trd, 2590739.313, 241
Trd, 2590739.346, 244
Trd, 2590739.463, 245
Trd, 2590739.963, 248
Trd, 2590740.796, 258
Trd, 2590742.213, 244
Trd, 2590743.363, 251
Trd, 2590744.279, 251
Trd, 2590744.629, 251
Trd, 2590744.663, 250
Trd, 2590745.246, 250
Trd, 2590746.746, 246
Trd, 2590747.363, 248
Trd, 2590747.546, 250
Trd, 2590747.996, 247
Trd, 2590748.096, 246
Trd, 2590748.696, 245
Trd, 2590748.979, 243
Trd, 2590749.296, 246
Trd, 2590749.979, 251
Trd, 2590750.146, 243
Trd, 2590750.896, 241
Trd, 2590751.863, 251
Trd, 2590752.213, 237
Trd, 2590752.579, 250
Trd, 2590752.929, 237
Trd, 2590753.429, 245
Trd, 2590754.196, 239
Trd, 2590755.179, 247
Trd, 2590755.413, 247
Trd, 2590756.813, 247
Trd, 2590756.879, 257
Trd, 2590757.679, 248
Trd, 2590758.963, 255
Trd, 2590759.479, 247
Trd, 2590759.696, 254
Trd, 2590760.713, 243
Trd, 2590761.263, 245
Trd, 2590761.763, 251
Trd, 2590761.929, 246
Trd, 2590762.479, 252
Trd, 2590763.413, 253
Trd, 2590763.563, 251
Trd, 2590764.163, 245
Trd, 2590764.329, 250
Trd, 2590767.279, 246
Trd, 2590767.679, 245
Trd, 2590767.696, 246
Trd, 2590768.546, 244
Trd, 2590768.996, 250
Trd, 2590769.713, 248
Trd, 2590769.996, 251
Trd, 2590770.179, 259
Trd, 2590770.996, 260
Trd, 2590772.179, 248
Trd, 2590772.729, 246
Trd, 2590773.563, 253
Trd, 2590773.863, 241
Trd, 2590773.929, 255
Trd, 2590774.396, 259
Trd, 2590774.963, 238
Trd, 2590776.013, 244
Trd, 2590776.179, 237
Trd, 2590776.313, 260
Trd, 2590777.163, 262
Trd, 2590778.879, 243
Trd, 2590779.246, 242
Trd, 2590779.529, 241
Trd, 2590780.179, 239
Trd, 2590780.429, 240
Trd, 2590780.829, 242
Trd, 2590781.179, 244
Trd, 2590781.746, 241
Trd, 2590783.063, 238
Trd, 2590783.996, 258
Trd, 2590785.129, 256
Trd, 2590785.229, 253
Trd, 2590785.496, 251
Trd, 2590786.113, 244
Trd, 2590786.146, 237
Trd, 2590786.413, 245
Trd, 2590787.263, 234
Trd, 2590788.779, 243
Trd, 2590788.913, 244
Trd, 2590789.713, 245
Trd, 2590789.746, 248
Trd, 2590792.096, 250
Trd, 2590793.946, 248
Trd, 2590794.129, 248
Trd, 2590794.813, 245
Trd, 2590795.529, 250
Trd, 2590795.863, 242
Trd, 2590796.179, 251
Trd, 2590796.463, 256
Trd, 2590797.263, 262
Trd, 2590797.279, 241
Trd, 2590798.146, 248
Trd, 2590798.179, 240
Trd, 2590798.563, 263
Trd, 2590798.829, 261
Trd, 2590799.513, 263
Trd, 2590799.796, 267
Trd, 2590800.663, 243
Trd, 2590802.546, 248
Trd, 2590802.613, 247
Trd, 2590803.046, 246
Trd, 2590803.746, 246
Trd, 2590804.363, 246
Trd, 2590804.813, 244
Trd, 2590805.763, 246
Trd, 2590805.813, 248
Trd, 2590808.163, 254
Trd, 2590808.429, 247
Trd, 2590808.496, 246
Trd, 2590808.963, 246
Trd, 2590809.713, 243
Trd, 2590809.929, 241
Trd, 2590809.963, 255
Trd, 2590810.079, 262
Trd, 2590810.229, 237
Trd, 2590810.779, 265
Trd, 2590811.029, 265
Trd, 2590811.229, 264
Trd, 2590812.113, 266
Trd, 2590813.029, 244
Trd, 2590813.446, 244
Trd, 2590813.663, 241
Trd, 2590814.263, 233
Trd, 2590814.646, 265
Trd, 2590815.063, 268
Trd, 2590815.713, 272
Trd, 2590816.196, 256
Trd, 2590818.163, 251
Trd, 2590818.263, 249
Trd, 2590818.663, 250
Trd, 2590820.113, 248
Trd, 2590820.279, 245
Trd, 2590820.763, 243
Trd, 2590820.996, 248
Trd, 2590821.696, 242
Trd, 2590821.729, 248
Trd, 2590822.379, 242
Trd, 2590822.629, 241
Trd, 2590822.946, 241
Trd, 2590823.513, 240
Trd, 2590823.563, 241
Trd, 2590824.663, 250
Trd, 2590825.163, 249
Trd, 2590826.363, 247
Trd, 2590827.913, 248
Trd, 2590828.113, 249
Trd, 2590829.229, 249
Trd, 2590829.596, 251
Trd, 2590829.829, 237
Trd, 2590830.429, 230
Trd, 2590830.896, 255
Trd, 2590831.113, 258
Trd, 2590831.429, 241
Trd, 2590832.263, 265
Trd, 2590833.513, 247
Trd, 2590834.196, 261
Trd, 2590834.629, 250
Trd, 2590836.279, 250
Trd, 2590836.446, 259
Trd, 2590836.996, 249
Trd, 2590837.463, 256
Trd, 2590838.463, 240
Trd, 2590840.296, 240
Trd, 2590840.829, 250
Trd, 2590841.813, 240
Trd, 2590841.846, 250
Trd, 2590842.229, 240
Trd, 2590842.396, 239
Trd, 2590842.413, 251
Trd, 2590842.896, 249
Trd, 2590843.279, 250
Trd, 2590843.313, 257
Trd, 2590844.729, 261
Trd, 2590845.163, 232
Trd, 2590845.196, 227
Trd, 2590846.729, 234
Trd, 2590846.796, 231
Trd, 2590848.546, 235
Trd, 2590848.813, 237
Trd, 2590849.296, 239
Trd, 2590849.329, 241
Trd, 2590850.913, 245
Trd, 2590851.079, 248
Trd, 2590851.679, 245
Trd, 2590852.879, 248
Trd, 2590853.513, 251
Trd, 2590853.596, 262
Trd, 2590853.629, 251
Trd, 2590853.863, 251
Trd, 2590854.213, 265
Trd, 2590855.129, 266
Trd, 2590856.763, 268
Trd, 2590857.146, 253
Trd, 2590857.563, 249
Trd, 2590858.113, 249
Trd, 2590859.129, 248
Trd, 2590859.263, 244
Trd, 2590859.529, 265
Trd, 2590860.913, 252
Trd, 2590862.796, 237
Trd, 2590863.246, 238
Trd, 2590863.296, 242
Trd, 2590863.713, 242
Trd, 2590863.746, 243
Trd, 2590864.213, 238
Trd, 2590865.029, 234
Trd, 2590866.279, 246
Trd, 2590868.446, 241
Trd, 2590868.496, 242
Trd, 2590868.629, 248
Trd, 2590869.596, 250
Trd, 2590870.396, 248
Trd, 2590870.529, 248
Trd, 2590870.796, 248
Trd, 2590870.863, 251
Trd, 2590871.446, 248
Trd, 2590871.929, 247
Trd, 2590872.546, 252
Trd, 2590872.679, 255
Trd, 2590873.713, 242
Trd, 2590874.029, 241
Trd, 2590874.313, 258
Trd, 2590874.646, 238
Trd, 2590874.779, 259
Trd, 2590875.879, 238
Trd, 2590876.113, 259
Trd, 2590877.813, 245
Trd, 2590878.046, 255
Trd, 2590878.779, 244
Trd, 2590879.013, 241
Trd, 2590881.579, 239
Trd, 2590882.979, 238
Trd, 2590883.263, 239
Trd, 2590883.329, 239
Trd, 2590883.696, 238
Trd, 2590884.196, 240
Trd, 2590884.629, 241
Trd, 2590885.096, 231
Trd, 2590885.179, 230
Trd, 2590885.496, 241
Trd, 2590886.796, 234
Trd, 2590888.479, 231
Trd, 2590889.029, 234
Trd, 2590889.879, 245
Trd, 2590890.479, 246
Trd, 2590891.079, 248
Trd, 2590891.146, 246
Trd, 2590891.329, 241
Trd, 2590891.796, 255
Trd, 2590893.079, 253
Trd, 2590893.263, 250
Trd, 2590893.479, 247
Trd, 2590894.313, 254
Trd, 2590894.546, 257
Trd, 2590896.329, 253
Trd, 2590896.429, 259
Trd, 2590896.529, 267
Trd, 2590897.563, 252
Trd, 2590897.713, 251
Trd, 2590898.046, 260
Trd, 2590899.263, 249
Trd, 2590900.913, 248
Trd, 2590901.296, 248
Trd, 2590902.196, 246
Trd, 2590902.863, 247
Trd, 2590902.896, 250
Trd, 2590904.813, 246
Trd, 2590904.979, 245
Trd, 2590905.996, 247
Trd, 2590906.129, 250
Trd, 2590906.646, 250
Trd, 2590907.913, 248
Trd, 2590908.379, 243
Trd, 2590908.429, 241
Trd, 2590908.996, 244
Trd, 2590909.129, 231
Trd, 2590910.363, 237
Trd, 2590911.296, 240
Trd, 2590911.696, 245
Trd, 2590912.596, 243
Trd, 2590913.446, 244
Trd, 2590913.979, 244
Trd, 2590915.396, 243
Trd, 2590915.446, 248
Trd, 2590915.963, 248
Trd, 2590916.163, 241
Trd, 2590917.379, 234
Trd, 2590917.546, 256
Trd, 2590918.913, 261
Trd, 2590919.779, 261
Trd, 2590920.179, 261
Trd, 2590920.529, 245
Trd, 2590920.596, 245
Trd, 2590920.846, 262
Trd, 2590921.013, 244
Trd, 2590921.796, 237
Trd, 2590922.396, 263
Trd, 2590923.746, 265
Trd, 2590924.146, 264
Trd, 2590925.496, 248
Trd, 2590925.679, 259
Trd, 2590925.713, 260
Trd, 2590926.746, 244
Trd, 2590926.946, 241
Trd, 2590927.413, 233
Trd, 2590927.696, 247
Trd, 2590928.046, 248
Trd, 2590928.129, 240
Trd, 2590928.813, 262
Trd, 2590928.829, 241
Trd, 2590930.529, 243
Trd, 2590931.429, 261
Trd, 2590932.413, 237
Trd, 2590932.479, 232
Trd, 2590933.063, 234
Trd, 2590933.113, 236
Trd, 2590933.363, 237
Trd, 2590933.896, 262
Trd, 2590935.346, 264
Trd, 2590936.413, 259
Trd, 2590936.663, 261
Trd, 2590936.746, 257
Trd, 2590938.279, 253
Trd, 2590939.263, 252
Trd, 2590939.413, 251
Trd, 2590940.346, 248
Trd, 2590940.429, 251
Trd, 2590941.079, 250
Trd, 2590941.096, 252
Trd, 2590942.096, 256
Trd, 2590943.513, 253
Trd, 2590943.663, 252
Trd, 2590943.929, 258
Trd, 2590945.463, 257
Trd, 2590945.679, 254
Trd, 2590946.779, 254
Trd, 2590947.596, 254
Trd, 2590947.679, 251
Trd, 2590949.313, 247
Trd, 2590949.796, 246
Trd, 2590950.063, 247
Trd, 2590950.129, 248
Trd, 2590951.363, 242
Trd, 2590951.379, 241
Trd, 2590951.463, 258
Trd, 2590951.863, 262
Trd, 2590953.296, 245
Trd, 2590953.429, 245
Trd, 2590953.629, 244
Trd, 2590954.063, 245
Trd, 2590954.346, 245
Trd, 2590954.463, 231
Trd, 2590954.696, 232
Trd, 2590956.679, 244
Trd, 2590956.996, 243
Trd, 2590957.029, 248
Trd, 2590957.379, 236
Trd, 2590958.346, 237
Trd, 2590959.029, 237
Trd, 2590959.879, 238
Trd, 2590962.213, 246
Trd, 2590963.396, 247
Trd, 2590963.963, 250
Trd, 2590964.346, 237
Trd, 2590964.513, 250
Trd, 2590964.529, 237
Trd, 2590965.513, 249
Trd, 2590966.696, 256
Trd, 2590967.263, 239
Trd, 2590968.279, 239
Trd, 2590968.329, 253
Trd, 2590968.463, 238
Trd, 2590969.629, 251
Trd, 2590969.979, 242
Trd, 2590970.579, 241
Trd, 2590971.096, 251
Trd, 2590971.463, 251
Trd, 2590972.229, 258
Trd, 2590973.346, 257
Trd, 2590973.563, 257
Trd, 2590973.646, 252
Trd, 2590973.929, 253
Trd, 2590974.196, 251
Trd, 2590974.996, 256
Trd, 2590975.329, 261
Trd, 2590975.613, 250
Trd, 2590977.096, 262
Trd, 2590978.963, 249
Trd, 2590980.179, 249
Trd, 2590980.363, 249
Trd, 2590980.479, 248
Trd, 2590980.629, 241
Trd, 2590981.046, 243
Trd, 2590983.196, 241
Trd, 2590984.013, 238
Trd, 2590984.346, 237
Trd, 2590984.396, 234
Trd, 2590984.913, 238
Trd, 2590985.313, 239
Trd, 2590985.429, 241
Trd, 2590985.563, 248
Trd, 2590986.646, 249
Trd, 2590987.463, 251
Trd, 2590987.713, 234
Trd, 2590990.746, 245
Trd, 2590990.929, 238
Trd, 2590991.063, 236
Trd, 2590992.329, 244
Trd, 2590993.329, 243
Trd, 2590993.729, 243
Trd, 2590993.813, 244
Trd, 2590993.996, 251
Trd, 2590994.329, 255
Trd, 2590995.313, 246
Trd, 2590995.896, 257
Trd, 2590996.246, 257
Trd, 2590997.463, 253
Trd, 2590997.746, 252
Trd, 2590997.863, 251
Trd, 2590997.879, 260
Trd, 2590999.679, 260
Trd, 2591000.613, 257
Trd, 2591002.013, 254
Trd, 2591002.113, 255
Trd, 2591002.629, 248
Trd, 2591004.496, 250
Trd, 2591004.813, 247
Trd, 2591005.129, 242
Trd, 2591005.563, 241
Trd, 2591006.996, 248
Trd, 2591007.163, 243
Trd, 2591007.529, 249
Trd, 2591008.129, 251
Trd, 2591008.863, 246
Trd, 2591009.413, 249
Trd, 2591009.496, 249
Trd, 2591010.179, 250
Trd, 2591010.763, 248
Trd, 2591011.129, 241
Trd, 2591012.613, 249
Trd, 2591013.029, 243
Trd, 2591013.363, 251
Trd, 2591014.579, 254
Trd, 2591014.646, 242
Trd, 2591014.679, 241
Trd, 2591015.313, 239
Trd, 2591016.763, 243
Trd, 2591017.046, 241
Trd, 2591017.663, 239
Trd, 2591017.846, 237
Trd, 2591018.079, 241
Trd, 2591018.296, 243
Trd, 2591018.463, 230
Trd, 2591018.979, 248
Trd, 2591020.129, 244
Trd, 2591020.746, 251
Trd, 2591023.079, 253
Trd, 2591023.563, 254
Trd, 2591023.679, 256
Trd, 2591024.296, 256
Trd, 2591024.413, 262
Trd, 2591024.563, 255
Trd, 2591025.646, 264
Trd, 2591025.746, 262
Trd, 2591025.846, 265
Trd, 2591025.963, 261
Trd, 2591026.896, 258
Trd, 2591028.179, 252
Trd, 2591029.879, 255
Trd, 2591030.379, 255
Trd, 2591030.496, 255
Trd, 2591031.379, 251
Trd, 2591031.679, 248
Trd, 2591031.996, 241
Trd, 2591032.146, 252
Trd, 2591034.596, 243
Trd, 2591034.879, 243
Trd, 2591035.696, 243
Trd, 2591035.929, 244
Trd, 2591035.946, 245
Trd, 2591036.729, 249
Trd, 2591037.113, 242
Trd, 2591037.163, 241
Trd, 2591039.363, 244
Trd, 2591039.563, 243
Trd, 2591039.663, 243
Trd, 2591040.063, 251
Trd, 2591040.913, 253
Trd, 2591040.996, 254
Trd, 2591042.113, 246
Trd, 2591042.296, 258
Trd, 2591042.346, 262
Trd, 2591043.646, 244
Trd, 2591044.363, 242
Trd, 2591045.329, 263
Trd, 2591046.379, 257
Trd, 2591046.529, 243
Trd, 2591047.846, 241
Trd, 2591048.046, 259
Trd, 2591049.946, 246
Trd, 2591050.063, 246
Trd, 2591050.379, 251
Trd, 2591050.463, 252
Trd, 2591050.929, 248
Trd, 2591051.646, 251
Trd, 2591051.946, 248
Trd, 2591052.529, 247
Trd, 2591052.913, 243
Trd, 2591053.579, 245
Trd, 2591053.813, 246
Trd, 2591055.029, 255
Trd, 2591055.613, 255
Trd, 2591056.213, 264
Trd, 2591057.796, 269
Trd, 2591058.329, 272
Trd, 2591058.579, 270
Trd, 2591058.646, 272
Trd, 2591058.796, 256
Trd, 2591058.913, 254
Trd, 2591059.213, 264
Trd, 2591061.563, 261
Trd, 2591061.846, 262
Trd, 2591061.929, 259
Trd, 2591062.379, 258
Trd, 2591063.979, 256
Trd, 2591064.329, 255
Trd, 2591064.596, 254
Trd, 2591064.729, 256
Trd, 2591064.779, 251
Trd, 2591065.013, 248
Trd, 2591066.279, 244
Trd, 2591066.329, 241
Trd, 2591066.996, 243
Trd, 2591067.413, 244
Trd, 2591067.429, 234
Trd, 2591068.129, 256
Trd, 2591068.596, 237
Trd, 2591069.663, 254
Trd, 2591071.129, 257
Trd, 2591071.946, 256
Trd, 2591072.046, 250
Trd, 2591072.613, 254
Trd, 2591073.163, 250
Trd, 2591073.479, 248
Trd, 2591074.546, 252
Trd, 2591074.979, 248
Trd, 2591075.513, 247
Trd, 2591075.913, 244
Trd, 2591077.179, 241
Trd, 2591077.396, 248
Trd, 2591077.613, 248
Trd, 2591077.679, 237
Trd, 2591078.429, 255
Trd, 2591078.579, 231
Trd, 2591078.613, 262
Trd, 2591080.046, 262
Trd, 2591081.463, 263
Trd, 2591081.896, 262
Trd, 2591083.063, 249
Trd, 2591083.513, 254
Trd, 2591084.529, 253
Trd, 2591085.296, 254
Trd, 2591085.463, 253
Trd, 2591085.563, 251
Trd, 2591085.779, 256
Trd, 2591085.879, 251
Trd, 2591087.396, 249
Trd, 2591087.546, 262
Trd, 2591087.796, 263
Trd, 2591088.279, 268
Trd, 2591089.363, 249
Trd, 2591089.696, 256
Trd, 2591091.096, 249
Trd, 2591092.196, 262
Trd, 2591092.229, 249
Trd, 2591092.563, 263
Trd, 2591092.763, 248
Trd, 2591092.996, 243
Trd, 2591093.163, 255
Trd, 2591093.596, 241
Trd, 2591094.263, 237
Trd, 2591095.896, 243
Trd, 2591096.013, 238
Trd, 2591098.513, 244
Trd, 2591099.563, 245
Trd, 2591100.113, 247
Trd, 2591100.696, 246
Trd, 2591100.946, 248
Trd, 2591101.163, 249
Trd, 2591101.313, 245
Trd, 2591103.196, 248
Trd, 2591103.679, 249
Trd, 2591104.296, 249
Trd, 2591104.829, 246
Trd, 2591105.079, 244
Trd, 2591106.063, 248
Trd, 2591106.546, 250
Trd, 2591106.596, 251
Trd, 2591106.696, 245
Trd, 2591108.013, 255
Trd, 2591109.063, 255
Trd, 2591109.579, 262
Trd, 2591109.713, 266
Trd, 2591109.896, 257
Trd, 2591110.096, 257
Trd, 2591110.663, 265
Trd, 2591111.879, 266
Trd, 2591112.279, 265
Trd, 2591112.396, 274
Trd, 2591113.113, 278
Trd, 2591113.879, 241
Trd, 2591115.363, 244
Trd, 2591116.363, 242
Trd, 2591116.679, 252
Trd, 2591117.213, 256
Trd, 2591117.746, 241
Trd, 2591119.046, 244
Trd, 2591119.063, 243
Trd, 2591119.079, 241
Trd, 2591120.563, 238
Trd, 2591121.029, 238
Trd, 2591121.346, 239
Trd, 2591121.746, 241
Trd, 2591122.096, 246
Trd, 2591122.363, 245
Trd, 2591123.313, 239
Trd, 2591123.746, 251
Trd, 2591123.829, 251
Trd, 2591123.996, 237
Trd, 2591125.679, 247
Trd, 2591126.496, 247
Trd, 2591126.979, 248
Trd, 2591127.579, 238
Trd, 2591127.929, 237
Trd, 2591128.096, 244
Trd, 2591128.263, 247
Trd, 2591128.763, 247
Trd, 2591129.196, 239
Trd, 2591131.879, 244
Trd, 2591132.146, 242
Trd, 2591132.379, 242
Trd, 2591132.479, 241
Trd, 2591133.546, 241
Trd, 2591134.579, 242
Trd, 2591134.913, 251
Trd, 2591135.013, 255
Trd, 2591135.179, 232
Trd, 2591137.046, 253
Trd, 2591137.196, 237
Trd, 2591139.213, 244
Trd, 2591139.279, 244
Trd, 2591139.413, 245
Trd, 2591140.513, 248
Trd, 2591140.746, 247
Trd, 2591140.879, 246
Trd, 2591141.396, 247
Trd, 2591141.913, 249
Trd, 2591143.063, 247
Trd, 2591143.163, 253
Trd, 2591144.013, 254
Trd, 2591144.713, 241
Trd, 2591145.163, 244
Trd, 2591146.813, 243
Trd, 2591146.929, 237
Trd, 2591148.246, 239
Trd, 2591149.229, 238
Trd, 2591150.029, 237
Trd, 2591150.279, 239
Trd, 2591150.679, 240
Trd, 2591151.279, 240
Trd, 2591151.446, 241
Trd, 2591151.546, 240
Trd, 2591151.713, 246
Trd, 2591151.729, 248
Trd, 2591152.263, 255
Trd, 2591152.363, 256
Trd, 2591152.379, 262
Trd, 2591152.713, 268
Trd, 2591152.946, 235
Trd, 2591152.979, 266
Trd, 2591153.579, 236
Trd, 2591156.346, 244
Trd, 2591156.579, 243
Trd, 2591157.279, 247
Trd, 2591158.129, 242
Trd, 2591158.613, 241
Trd, 2591158.863, 235
Trd, 2591159.479, 242
Trd, 2591159.529, 243
Trd, 2591160.263, 244
Trd, 2591162.296, 244
Trd, 2591162.579, 241
Trd, 2591162.663, 244
Trd, 2591163.129, 241
Trd, 2591163.346, 242
Trd, 2591165.479, 247
Trd, 2591165.679, 248
Trd, 2591166.213, 249
Trd, 2591166.379, 247
Trd, 2591166.746, 251
Trd, 2591169.046, 253
Trd, 2591169.146, 250
Trd, 2591170.729, 245
Trd, 2591170.946, 251
Trd, 2591171.363, 257
Trd, 2591173.646, 261
Trd, 2591174.029, 258
Trd, 2591174.113, 242
Trd, 2591174.896, 238
Trd, 2591175.063, 259
Trd, 2591175.679, 237
Trd, 2591176.329, 243
Trd, 2591176.946, 234
Trd, 2591177.546, 243
Trd, 2591178.796, 244
Trd, 2591179.029, 248
Trd, 2591179.579, 247
Trd, 2591179.879, 246
Trd, 2591180.146, 250
Trd, 2591181.146, 250
Trd, 2591181.296, 251
Trd, 2591181.779, 254
Trd, 2591183.546, 256
Trd, 2591183.713, 256
Trd, 2591183.729, 252
Trd, 2591184.413, 252
Trd, 2591184.863, 251
Trd, 2591185.446, 255
Trd, 2591186.146, 254
Trd, 2591187.213, 255
Trd, 2591188.263, 253
Trd, 2591188.996, 249
Trd, 2591189.479, 243
Trd, 2591189.646, 242
Trd, 2591190.713, 246
Trd, 2591191.713, 244
Trd, 2591192.763, 242
Trd, 2591193.329, 251
Trd, 2591193.463, 244
Trd, 2591194.396, 251
Trd, 2591194.446, 252
Trd, 2591194.579, 256
Trd, 2591194.596, 242
Trd, 2591194.713, 257
Trd, 2591194.946, 262
Trd, 2591197.113, 261
Trd, 2591197.446, 262
Trd, 2591198.096, 250
Trd, 2591198.513, 249
Trd, 2591200.146, 246
Trd, 2591201.313, 248
Trd, 2591201.713, 244
Trd, 2591202.463, 242
Trd, 2591202.896, 242
Trd, 2591203.696, 244
Trd, 2591204.163, 242
Trd, 2591204.746, 242
Trd, 2591204.996, 241
Trd, 2591205.179, 243
Trd, 2591205.796, 243
Trd, 2591205.863, 237
Trd, 2591207.113, 243
Trd, 2591207.529, 247
Trd, 2591208.446, 248
Trd, 2591210.496, 248
Trd, 2591210.663, 251
Trd, 2591211.363, 243
Trd, 2591211.746, 255
Trd, 2591212.363, 255
Trd, 2591212.746, 250
Trd, 2591214.113, 254
Trd, 2591214.346, 253
Trd, 2591214.913, 264
Trd, 2591215.029, 267
Trd, 2591216.079, 248
Trd, 2591217.113, 241
Trd, 2591217.513, 242
Trd, 2591218.379, 254
Trd, 2591218.696, 255
Trd, 2591219.279, 255
Trd, 2591219.396, 244
Trd, 2591221.346, 252
Trd, 2591221.913, 251
Trd, 2591221.929, 252
Trd, 2591222.779, 251
Trd, 2591222.796, 250
Trd, 2591223.163, 237
Trd, 2591223.229, 230
Trd, 2591223.279, 230
Trd, 2591223.629, 247
Trd, 2591224.629, 248
Trd, 2591224.879, 256
Trd, 2591225.246, 228
Trd, 2591225.979, 255
Trd, 2591226.263, 262
Trd, 2591226.996, 234
Trd, 2591229.463, 248
Trd, 2591229.879, 248
Trd, 2591230.963, 247
Trd, 2591231.013, 249
Trd, 2591231.896, 248
Trd, 2591232.429, 249
Trd, 2591232.779, 249
Trd, 2591233.513, 247
Trd, 2591233.929, 247
Trd, 2591234.079, 248
Trd, 2591234.563, 249
Trd, 2591234.663, 251
Trd, 2591235.179, 241
Trd, 2591238.063, 253
Trd, 2591238.196, 254
Trd, 2591239.063, 254
Trd, 2591239.746, 252
Trd, 2591240.329, 248
Trd, 2591241.096, 243
Trd, 2591241.763, 242
Trd, 2591242.213, 241
Trd, 2591242.896, 248
Trd, 2591243.146, 238
Trd, 2591243.929, 241
Trd, 2591244.579, 240
Trd, 2591245.779, 257
Trd, 2591245.829, 257
Trd, 2591245.863, 244
Trd, 2591246.113, 232
Trd, 2591246.163, 229
Trd, 2591246.429, 234
Trd, 2591247.096, 248
Trd, 2591250.579, 243
Trd, 2591250.663, 241
Trd, 2591251.079, 248
Trd, 2591251.213, 251
Trd, 2591252.029, 244
Trd, 2591252.129, 257
Trd, 2591252.579, 257
Trd, 2591252.613, 244
Trd, 2591252.679, 258
Trd, 2591253.063, 245
Trd, 2591253.296, 244
Trd, 2591253.513, 260
Trd, 2591255.113, 244
Trd, 2591256.563, 255
Trd, 2591257.546, 244
Trd, 2591257.713, 243
Trd, 2591258.129, 237
Trd, 2591259.279, 244
Trd, 2591259.829, 248
Trd, 2591260.013, 235
Trd, 2591261.263, 250
Trd, 2591263.079, 251
Trd, 2591263.279, 255
Trd, 2591263.679, 262
Trd, 2591263.796, 250
Trd, 2591264.329, 248
Trd, 2591265.263, 259
Trd, 2591265.846, 256
Trd, 2591266.346, 245
Trd, 2591267.263, 249
Trd, 2591267.546, 244
Trd, 2591268.196, 246
Trd, 2591268.446, 246
Trd, 2591269.863, 245
Trd, 2591270.346, 248
Trd, 2591270.413, 246
Trd, 2591270.929, 244
Trd, 2591271.613, 256
Trd, 2591271.629, 244
Trd, 2591272.279, 238
Trd, 2591273.346, 237
Trd, 2591274.296, 256
Trd, 2591274.496, 240
Trd, 2591275.113, 254
Trd, 2591275.163, 237
Trd, 2591275.246, 257
Trd, 2591275.329, 262
Trd, 2591275.346, 230
Trd, 2591275.879, 240
Trd, 2591277.013, 243
Trd, 2591277.313, 236
Trd, 2591278.263, 238
Trd, 2591278.763, 240
Trd, 2591281.079, 247
Trd, 2591281.163, 248
Trd, 2591282.046, 248
Trd, 2591282.879, 248
Trd, 2591283.313, 235
Trd, 2591283.513, 234
Trd, 2591286.029, 245
Trd, 2591286.213, 246
Trd, 2591286.329, 255
Trd, 2591286.413, 255
Trd, 2591286.963, 248
Trd, 2591287.463, 248
Trd, 2591288.146, 246
Trd, 2591288.313, 254
Trd, 2591289.813, 251
Trd, 2591290.463, 250
Trd, 2591291.013, 251
Trd, 2591291.213, 247
Trd, 2591291.629, 249
Trd, 2591292.396, 251
Trd, 2591293.379, 248
Trd, 2591295.896, 247
Trd, 2591295.996, 246
Trd, 2591296.129, 248
Trd, 2591296.329, 251
Trd, 2591297.279, 256
Trd, 2591297.796, 255
Trd, 2591298.396, 258
Trd, 2591298.663, 250
Trd, 2591298.763, 248
Trd, 2591299.013, 243
Trd, 2591301.129, 258
Trd, 2591301.896, 246
Trd, 2591301.979, 245
Trd, 2591302.146, 260
Trd, 2591302.696, 245
Trd, 2591302.929, 261
Trd, 2591303.663, 262
Trd, 2591305.629, 266
Trd, 2591305.829, 265
Trd, 2591305.913, 261
Trd, 2591306.713, 259
Trd, 2591306.846, 258
Trd, 2591307.213, 251
Trd, 2591307.663, 263
Trd, 2591308.263, 265
Trd, 2591310.446, 248
Trd, 2591310.579, 248
Trd, 2591311.096, 246
Trd, 2591311.546, 242
Trd, 2591312.046, 245
Trd, 2591312.729, 242
Trd, 2591313.029, 247
Trd, 2591313.663, 241
Trd, 2591314.979, 241
Trd, 2591315.013, 237
Trd, 2591315.113, 242
Trd, 2591316.146, 242
Trd, 2591316.179, 238
Trd, 2591316.196, 237
Trd, 2591316.996, 243
Trd, 2591318.129, 248
Trd, 2591318.163, 249
Trd, 2591318.929, 251
Trd, 2591318.946, 245
Trd, 2591320.279, 256
Trd, 2591321.396, 248
Trd, 2591321.929, 246
Trd, 2591322.079, 245
Trd, 2591322.829, 260
Trd, 2591324.429, 255
Trd, 2591324.546, 253
Trd, 2591325.563, 255
Trd, 2591325.713, 244
Trd, 2591326.379, 243
Trd, 2591326.596, 241
Trd, 2591327.279, 248
Trd, 2591328.696, 244
Trd, 2591328.796, 235
Trd, 2591330.546, 246
Trd, 2591330.596, 247
Trd, 2591330.896, 251
Trd, 2591330.996, 255
Trd, 2591331.129, 237
Trd, 2591331.613, 262
Trd, 2591334.046, 246
Trd, 2591334.229, 245
Trd, 2591335.113, 253
Trd, 2591335.129, 243
Trd, 2591335.413, 241
Trd, 2591335.779, 237
Trd, 2591336.446, 245
Trd, 2591337.046, 235
Trd, 2591337.413, 234
Trd, 2591338.096, 243
Trd, 2591339.313, 241
Trd, 2591340.113, 240
Trd, 2591340.129, 241
Trd, 2591340.513, 240
Trd, 2591340.696, 239
Trd, 2591341.396, 241
Trd, 2591341.513, 245
Trd, 2591342.596, 251
Trd, 2591343.113, 238
Trd, 2591343.129, 237
Trd, 2591343.946, 257
Trd, 2591344.513, 248
Trd, 2591344.696, 246
Trd, 2591345.146, 261
Trd, 2591345.413, 243
Trd, 2591345.979, 261
Trd, 2591346.396, 244
Trd, 2591347.413, 258
Trd, 2591347.529, 262
Trd, 2591348.479, 255
Trd, 2591349.579, 263
Trd, 2591350.479, 263
Trd, 2591350.663, 262
Trd, 2591351.379, 257
Trd, 2591351.963, 260
Trd, 2591352.163, 248
Trd, 2591352.679, 260
Trd, 2591354.313, 249
Trd, 2591354.579, 247
Trd, 2591354.813, 259
Trd, 2591355.213, 262
Trd, 2591356.113, 251
Trd, 2591358.413, 258
Trd, 2591358.663, 252
Trd, 2591359.529, 251
Trd, 2591361.113, 248
Trd, 2591361.296, 244
Trd, 2591361.846, 251
Trd, 2591361.996, 243
Trd, 2591362.196, 247
Trd, 2591363.096, 247
Trd, 2591363.863, 244
Trd, 2591364.796, 248
Trd, 2591365.113, 250
Trd, 2591365.713, 248
Trd, 2591366.146, 246
Trd, 2591366.263, 256
Trd, 2591366.696, 254
Trd, 2591366.929, 241
Trd, 2591367.413, 244
Trd, 2591367.529, 255
Trd, 2591368.329, 238
Trd, 2591369.213, 256
Trd, 2591370.129, 241
Trd, 2591371.046, 238
Trd, 2591372.646, 232
Trd, 2591372.896, 234
Trd, 2591373.046, 237
Trd, 2591373.629, 248
Trd, 2591374.396, 234
Trd, 2591375.229, 251
Trd, 2591376.829, 252
Trd, 2591377.079, 251
Trd, 2591377.496, 252
Trd, 2591378.263, 250
Trd, 2591378.646, 241
Trd, 2591378.863, 243
Trd, 2591381.079, 240
Trd, 2591381.229, 241
Trd, 2591381.363, 244
Trd, 2591381.663, 250
Trd, 2591381.696, 251
Trd, 2591382.046, 238
Trd, 2591382.163, 237
Trd, 2591382.896, 254
Trd, 2591384.913, 238
Trd, 2591386.146, 239
Trd, 2591386.563, 241
Trd, 2591386.863, 241
Trd, 2591387.529, 246
Trd, 2591387.713, 240
Trd, 2591388.096, 247
Trd, 2591388.746, 247
Trd, 2591388.896, 239
Trd, 2591389.596, 248
Trd, 2591389.829, 232
Trd, 2591390.779, 251
Trd, 2591391.096, 255
Trd, 2591391.779, 263
Trd, 2591392.196, 247
Trd, 2591392.246, 242
Trd, 2591393.979, 243
Trd, 2591394.629, 241
Trd, 2591395.063, 238
Trd, 2591395.663, 237
Trd, 2591396.663, 251
Trd, 2591396.896, 241
Trd, 2591397.813, 249
Trd, 2591397.979, 252
Trd, 2591398.163, 257
Trd, 2591399.063, 239
Trd, 2591399.179, 261
Trd, 2591402.063, 257
Trd, 2591402.163, 258
Trd, 2591402.313, 247
Trd, 2591402.379, 246
Trd, 2591403.446, 253
Trd, 2591404.179, 248
Trd, 2591405.163, 248
Trd, 2591405.996, 251
Trd, 2591406.279, 251
Trd, 2591406.646, 234
Trd, 2591407.946, 248
Trd, 2591408.979, 243
Trd, 2591409.463, 245
Trd, 2591409.479, 246
Trd, 2591409.679, 249
Trd, 2591410.179, 237
Trd, 2591410.213, 259
Trd, 2591412.413, 236
Trd, 2591414.463, 254
Trd, 2591415.396, 250
Trd, 2591415.429, 249
Trd, 2591415.563, 250
Trd, 2591415.763, 250
Trd, 2591415.879, 249
Trd, 2591416.013, 249
Trd, 2591416.429, 248
Trd, 2591417.596, 246
Trd, 2591417.796, 251
Trd, 2591418.996, 258
Trd, 2591419.829, 245
Trd, 2591420.396, 256
Trd, 2591421.313, 245
Trd, 2591421.996, 247
Trd, 2591422.129, 255
Trd, 2591422.163, 256
Trd, 2591423.829, 241
Trd, 2591424.379, 243
Trd, 2591424.713, 245
Trd, 2591426.113, 255
Trd, 2591426.346, 255
Trd, 2591427.213, 242
Trd, 2591427.229, 241
Trd, 2591427.429, 255
Trd, 2591428.663, 249
Trd, 2591430.096, 262
Trd, 2591431.046, 245
Trd, 2591431.229, 265
Trd, 2591431.396, 245
Trd, 2591431.729, 244
Trd, 2591432.279, 262
Trd, 2591434.179, 255
Trd, 2591434.579, 252
Trd, 2591434.829, 251
Trd, 2591435.029, 248
Trd, 2591435.096, 252
Trd, 2591435.696, 241
Trd, 2591435.929, 252
Trd, 2591436.096, 237
Trd, 2591436.529, 232
Trd, 2591436.996, 233
Trd, 2591437.096, 233
Trd, 2591437.346, 233
Trd, 2591438.296, 236
Trd, 2591438.996, 262
Trd, 2591439.529, 263
Trd, 2591440.779, 272
Trd, 2591441.129, 269
Trd, 2591441.529, 268
Trd, 2591442.096, 265
Trd, 2591442.213, 262
Trd, 2591443.379, 251
Trd, 2591444.079, 251
Trd, 2591444.429, 252
Trd, 2591444.629, 246
Trd, 2591444.713, 245
Trd, 2591445.246, 242
Trd, 2591445.879, 232
Trd, 2591447.229, 244
Trd, 2591448.479, 237
Trd, 2591448.613, 245
Trd, 2591449.296, 237
Trd, 2591450.129, 241
Trd, 2591450.896, 240
Trd, 2591450.963, 241
Trd, 2591451.213, 241
Trd, 2591453.296, 243
Trd, 2591453.463, 245
Trd, 2591453.546, 248
Trd, 2591454.713, 247
Trd, 2591455.129, 246
Trd, 2591455.179, 248
Trd, 2591455.513, 245
Trd, 2591455.996, 251
Trd, 2591457.229, 244
Trd, 2591457.413, 251
Trd, 2591458.279, 243
Trd, 2591458.679, 260
Trd, 2591461.713, 248
Trd, 2591461.879, 252
Trd, 2591463.513, 248
Trd, 2591463.563, 245
Trd, 2591464.029, 241
Trd, 2591464.463, 238
Trd, 2591464.746, 245
Trd, 2591465.613, 243
Trd, 2591465.779, 239
Trd, 2591465.996, 245
Trd, 2591466.329, 241
Trd, 2591466.463, 246
Trd, 2591466.479, 251
Trd, 2591468.079, 244
Trd, 2591468.479, 248
Trd, 2591468.896, 247
Trd, 2591468.963, 245
Trd, 2591470.196, 242
Trd, 2591472.113, 251
Trd, 2591473.763, 249
Trd, 2591473.979, 250
Trd, 2591474.163, 247
Trd, 2591474.829, 237
Trd, 2591476.479, 247
Trd, 2591476.929, 244
Trd, 2591476.946, 241
Trd, 2591477.579, 252
Trd, 2591478.479, 251
Trd, 2591478.513, 246
Trd, 2591479.729, 249
Trd, 2591480.496, 249
Trd, 2591480.679, 249
Trd, 2591481.613, 249
Trd, 2591482.479, 249
Trd, 2591483.046, 249
Trd, 2591483.463, 251
Trd, 2591483.579, 251
Trd, 2591483.613, 249
Trd, 2591484.696, 248
Trd, 2591484.879, 256
Trd, 2591487.346, 250
Trd, 2591487.829, 251
Trd, 2591488.829, 253
Trd, 2591489.096, 253
Trd, 2591489.446, 254
Trd, 2591489.796, 252
Trd, 2591490.429, 243
Trd, 2591491.046, 243
Trd, 2591491.496, 243
Trd, 2591491.613, 244
Trd, 2591491.879, 244
Trd, 2591492.396, 244
Trd, 2591492.646, 255
Trd, 2591493.346, 256
Trd, 2591495.063, 259
Trd, 2591495.979, 260
Trd, 2591497.013, 257
Trd, 2591497.096, 252
Trd, 2591497.563, 255
Trd, 2591498.463, 252
Trd, 2591499.046, 262
Trd, 2591499.596, 254
Trd, 2591499.779, 258
Trd, 2591500.396, 253
Trd, 2591502.679, 253
Trd, 2591502.879, 251
Trd, 2591502.979, 248
Trd, 2591503.229, 251
Trd, 2591503.396, 251
Trd, 2591503.963, 244
Trd, 2591504.179, 251
Trd, 2591504.229, 241
Trd, 2591505.046, 237
Trd, 2591505.329, 233
Trd, 2591505.363, 255
Trd, 2591506.063, 245
Trd, 2591506.679, 251
Trd, 2591507.196, 244
Trd, 2591508.129, 253
Trd, 2591510.329, 244
Trd, 2591510.779, 245
Trd, 2591511.229, 245
Trd, 2591511.513, 248
Trd, 2591512.396, 246
Trd, 2591513.263, 246
Trd, 2591513.379, 248
Trd, 2591515.296, 250
Trd, 2591515.763, 244
Trd, 2591515.829, 241
Trd, 2591516.563, 237
Trd, 2591517.529, 252
Trd, 2591517.896, 254
Trd, 2591518.113, 255
Trd, 2591518.479, 260
Trd, 2591519.479, 245
Trd, 2591519.729, 249
Trd, 2591519.896, 259
Trd, 2591520.363, 260
Trd, 2591521.963, 255
Trd, 2591522.429, 255
Trd, 2591522.763, 254
Trd, 2591522.863, 255
Trd, 2591522.879, 252
Trd, 2591523.596, 258
Trd, 2591523.746, 262
Trd, 2591524.613, 262
Trd, 2591525.113, 252
Trd, 2591525.529, 252
Trd, 2591527.213, 253
Trd, 2591527.979, 253
Trd, 2591528.213, 251
Trd, 2591529.713, 248
Trd, 2591530.263, 242
Trd, 2591531.013, 243
Trd, 2591531.696, 242
Trd, 2591532.329, 242
Trd, 2591532.446, 241
Trd, 2591533.146, 244
Trd, 2591533.213, 247
Trd, 2591533.363, 255
Trd, 2591533.763, 262
Trd, 2591535.113, 238
Trd, 2591535.313, 264
Trd, 2591535.329, 265
Trd, 2591535.446, 237
Trd, 2591536.163, 232
Trd, 2591538.229, 263
Trd, 2591538.246, 262
Trd, 2591539.563, 265
Trd, 2591540.413, 251
Trd, 2591540.463, 264
Trd, 2591541.163, 261
Trd, 2591542.063, 256
Trd, 2591542.313, 257
Trd, 2591543.646, 234
Trd, 2591544.663, 241
Trd, 2591544.729, 243
Trd, 2591544.863, 233
Trd, 2591545.179, 244
Trd, 2591545.629, 243
Trd, 2591545.979, 236
Trd, 2591546.829, 243
Trd, 2591546.996, 244
Trd, 2591548.879, 250
Trd, 2591549.146, 251
Trd, 2591550.113, 261
Trd, 2591550.496, 253
Trd, 2591551.296, 252
Trd, 2591551.613, 251
Trd, 2591551.779, 262
Trd, 2591552.679, 266
Trd, 2591553.163, 265
Trd, 2591553.263, 257
Trd, 2591553.413, 255
Trd, 2591554.663, 251
Trd, 2591554.863, 241
Trd, 2591555.813, 260
Trd, 2591555.829, 227
Trd, 2591557.346, 235
Trd, 2591557.546, 234
Trd, 2591558.013, 236
Trd, 2591558.413, 234
Trd, 2591559.063, 262
Trd, 2591560.179, 264
Trd, 2591560.713, 264
Trd, 2591561.229, 264
Trd, 2591562.079, 265
Trd, 2591562.396, 259
Trd, 2591562.846, 262
Trd, 2591563.013, 263
Trd, 2591563.113, 258
Trd, 2591563.446, 264
Trd, 2591564.279, 244
Trd, 2591564.913, 232
Trd, 2591565.179, 234
Trd, 2591566.696, 232
Trd, 2591566.779, 231
Trd, 2591566.896, 235
Trd, 2591569.613, 246
Trd, 2591570.246, 247
Trd, 2591570.879, 248
Trd, 2591571.679, 249
Trd, 2591572.413, 254
Trd, 2591572.696, 258
Trd, 2591573.296, 254
Trd, 2591573.463, 253
Trd, 2591573.796, 251
Trd, 2591575.629, 251
Trd, 2591575.713, 250
Trd, 2591575.779, 253
Trd, 2591575.913, 248
Trd, 2591579.163, 247
Trd, 2591579.529, 247
Trd, 2591579.796, 244
Trd, 2591579.996, 246
Trd, 2591580.196, 245
Trd, 2591580.263, 244
Trd, 2591581.246, 246
Trd, 2591581.396, 248
Trd, 2591581.413, 243
Trd, 2591582.513, 245
Trd, 2591583.113, 255
Trd, 2591583.146, 262
Trd, 2591583.713, 243
Trd, 2591585.763, 246
Trd, 2591586.179, 246
Trd, 2591586.379, 259
Trd, 2591586.429, 261
Trd, 2591587.729, 253
Trd, 2591588.546, 266
Trd, 2591589.779, 258
Trd, 2591589.829, 264
Trd, 2591590.496, 263
Trd, 2591590.713, 258
Trd, 2591591.563, 258
Trd, 2591592.113, 259
Trd, 2591592.513, 260
Trd, 2591593.829, 260
Trd, 2591595.529, 262
Trd, 2591596.063, 251
Trd, 2591596.396, 248
Trd, 2591597.096, 244
Trd, 2591597.963, 244
Trd, 2591598.079, 246
Trd, 2591598.679, 243
Trd, 2591598.746, 241
Trd, 2591599.063, 233
Trd, 2591600.763, 237
Trd, 2591600.779, 238
Trd, 2591601.146, 237
Trd, 2591601.213, 238
Trd, 2591601.713, 250
Trd, 2591603.813, 257
Trd, 2591604.163, 255
Trd, 2591604.329, 253
Trd, 2591605.029, 258
Trd, 2591605.729, 259
Trd, 2591607.746, 259
Trd, 2591608.396, 258
Trd, 2591608.446, 256
Trd, 2591608.779, 259
Trd, 2591609.646, 251
Trd, 2591609.846, 262
Trd, 2591610.279, 241
Trd, 2591610.446, 258
Trd, 2591611.329, 262
Trd, 2591612.879, 261
Trd, 2591613.663, 260
Trd, 2591613.896, 250
Trd, 2591614.396, 248
Trd, 2591615.279, 255
Trd, 2591616.379, 255
Trd, 2591616.679, 253
Trd, 2591617.663, 255
Trd, 2591617.796, 251
Trd, 2591620.029, 251
Trd, 2591620.246, 252
Trd, 2591620.813, 252
Trd, 2591621.229, 253
Trd, 2591621.546, 253
Trd, 2591621.613, 248
Trd, 2591622.179, 243
Trd, 2591622.829, 243
Trd, 2591622.863, 241
Trd, 2591623.046, 249
Trd, 2591623.363, 250
Trd, 2591623.846, 239
Trd, 2591625.146, 237
Trd, 2591626.129, 244
Trd, 2591626.279, 246
Trd, 2591626.746, 238
Trd, 2591627.729, 244
Trd, 2591627.946, 245
Trd, 2591628.246, 256
Trd, 2591629.913, 243
Trd, 2591629.963, 252
Trd, 2591630.296, 241
Trd, 2591631.029, 242
Trd, 2591631.096, 244
Trd, 2591632.913, 248
Trd, 2591633.279, 249
Trd, 2591633.463, 248
Trd, 2591634.213, 251
Trd, 2591636.113, 252
Trd, 2591636.529, 253
Trd, 2591636.713, 254
Trd, 2591638.963, 255
Trd, 2591638.979, 253
Trd, 2591639.029, 258
Trd, 2591639.529, 254
Trd, 2591639.879, 262
Trd, 2591639.946, 254
Trd, 2591640.413, 248
Trd, 2591640.779, 241
Trd, 2591640.813, 242
Trd, 2591640.963, 244
Trd, 2591640.996, 237
Trd, 2591641.379, 247
Trd, 2591641.746, 247
Trd, 2591642.246, 235
Trd, 2591642.946, 248
Trd, 2591645.213, 238
Trd, 2591645.296, 256
Trd, 2591646.329, 238
Trd, 2591646.979, 241
Trd, 2591647.046, 240
Trd, 2591647.213, 239
Trd, 2591647.663, 243
Trd, 2591648.463, 245
Trd, 2591648.546, 257
Trd, 2591649.646, 238
Trd, 2591650.396, 247
Trd, 2591650.596, 246
Trd, 2591651.263, 244
Trd, 2591652.679, 235
Trd, 2591653.513, 253
Trd, 2591653.746, 256
Trd, 2591654.113, 265
Trd, 2591655.463, 236
Trd, 2591655.496, 262
Trd, 2591656.013, 261
Trd, 2591657.263, 263
Trd, 2591657.346, 237
Trd, 2591658.296, 246
Trd, 2591659.129, 237
Trd, 2591660.963, 251
Trd, 2591660.979, 241
Trd, 2591661.696, 248
Trd, 2591662.179, 246
Trd, 2591662.779, 248
Trd, 2591663.213, 247
Trd, 2591663.313, 246
Trd, 2591663.813, 248
Trd, 2591663.929, 247
Trd, 2591664.246, 246
Trd, 2591666.346, 247
Trd, 2591666.679, 248
Trd, 2591667.279, 246
Trd, 2591667.413, 242
Trd, 2591667.896, 243
Trd, 2591667.929, 244
Trd, 2591668.996, 243
Trd, 2591669.129, 244
Trd, 2591670.046, 254
Trd, 2591670.579, 246
Trd, 2591671.796, 252
Trd, 2591671.929, 256
Trd, 2591672.079, 252
Trd, 2591673.363, 251
Trd, 2591673.496, 242
Trd, 2591673.929, 241
Trd, 2591674.429, 248
Trd, 2591676.113, 247
Trd, 2591677.163, 257
Trd, 2591677.579, 254
Trd, 2591677.929, 243
Trd, 2591678.013, 242
Trd, 2591680.213, 248
Trd, 2591681.146, 246
Trd, 2591681.346, 242
Trd, 2591681.679, 245
Trd, 2591681.779, 247
Trd, 2591682.046, 257
Trd, 2591682.746, 243
Trd, 2591684.213, 256
Trd, 2591684.846, 241
Trd, 2591686.379, 247
Trd, 2591686.446, 246
Trd, 2591686.546, 245
Trd, 2591687.713, 248
Trd, 2591687.863, 242
Trd, 2591688.329, 243
Trd, 2591690.079, 245
Trd, 2591690.113, 245
Trd, 2591690.813, 244
Trd, 2591690.879, 245
Trd, 2591691.529, 243
Trd, 2591693.546, 245
Trd, 2591694.146, 241
Trd, 2591694.379, 242
Trd, 2591694.729, 244
Trd, 2591695.146, 243
Trd, 2591695.613, 245
Trd, 2591696.213, 245
Trd, 2591697.396, 245
Trd, 2591697.413, 243
Trd, 2591698.179, 243
Trd, 2591699.796, 245
Trd, 2591701.546, 243
Trd, 2591701.629, 246
Trd, 2591701.846, 248
Trd, 2591702.063, 251
Trd, 2591702.129, 245
Trd, 2591702.529, 257
Trd, 2591702.896, 262
Trd, 2591702.963, 247
Trd, 2591703.379, 262
Trd, 2591704.096, 268
Trd, 2591706.279, 252
Trd, 2591706.946, 264
Trd, 2591707.246, 254
Trd, 2591708.246, 260
Trd, 2591708.579, 251
Trd, 2591709.329, 255
Trd, 2591709.379, 256
Trd, 2591709.513, 251
Trd, 2591710.579, 245
Trd, 2591710.963, 242
Trd, 2591711.779, 250
Trd, 2591711.879, 241
Trd, 2591712.446, 239
Trd, 2591713.179, 248
Trd, 2591713.613, 248
Trd, 2591714.196, 251
Trd, 2591717.196, 243
Trd, 2591717.346, 244
Trd, 2591717.996, 244
Trd, 2591718.746, 249
Trd, 2591718.929, 249
Trd, 2591719.063, 250
Trd, 2591719.146, 249
Trd, 2591719.213, 242
Trd, 2591719.229, 241
Trd, 2591719.979, 250
Trd, 2591720.179, 251
Trd, 2591721.146, 252
Trd, 2591722.246, 256
Trd, 2591722.779, 232
Trd, 2591723.946, 250
Trd, 2591724.796, 234
Trd, 2591725.763, 242
Trd, 2591725.879, 244
Trd, 2591728.146, 246
Trd, 2591728.429, 237
Trd, 2591728.963, 236
Trd, 2591729.229, 233
Trd, 2591730.146, 250
Trd, 2591730.396, 250
Trd, 2591730.563, 247
Trd, 2591731.146, 245
Trd, 2591732.829, 251
Trd, 2591732.929, 248
Trd, 2591733.096, 247
Trd, 2591734.746, 248
Trd, 2591734.846, 249
Trd, 2591735.013, 247
Trd, 2591737.379, 249
Trd, 2591738.229, 251
Trd, 2591738.596, 254
Trd, 2591739.196, 255
Trd, 2591739.629, 262
Trd, 2591739.779, 255
Trd, 2591740.029, 268
Trd, 2591740.079, 275
Trd, 2591741.096, 265
Trd, 2591741.529, 264
Trd, 2591741.663, 264
Trd, 2591741.829, 262
Trd, 2591742.079, 261
Trd, 2591742.229, 255
Trd, 2591743.563, 248
Trd, 2591743.596, 241
Trd, 2591744.829, 256
Trd, 2591744.846, 257
Trd, 2591745.979, 247
Trd, 2591746.746, 246
Trd, 2591747.013, 243
Trd, 2591747.279, 252
Trd, 2591748.379, 237
Trd, 2591750.863, 245
Trd, 2591751.729, 247
Trd, 2591752.063, 246
Trd, 2591752.279, 245
Trd, 2591753.029, 246
Trd, 2591753.146, 248
Trd, 2591753.413, 242
Trd, 2591754.129, 246
Trd, 2591754.279, 247
Trd, 2591754.413, 248
Trd, 2591755.913, 239
Trd, 2591756.429, 239
Trd, 2591756.996, 251
Trd, 2591758.846, 249
Trd, 2591759.346, 253
Trd, 2591759.796, 249
Trd, 2591759.946, 254
Trd, 2591760.679, 244
Trd, 2591761.429, 252
Trd, 2591761.563, 252
Trd, 2591762.146, 252
Trd, 2591762.196, 251
Trd, 2591762.346, 243
Trd, 2591763.379, 250
Trd, 2591763.729, 237
Trd, 2591764.379, 250
Trd, 2591765.946, 245
Trd, 2591766.396, 245
Trd, 2591767.146, 250
Trd, 2591767.579, 242
Trd, 2591767.946, 242
Trd, 2591768.446, 250
Trd, 2591768.613, 251
Trd, 2591768.979, 235
Trd, 2591770.079, 242
Trd, 2591770.646, 243
Trd, 2591770.946, 235
Trd, 2591772.846, 241
Trd, 2591772.963, 236
Trd, 2591773.696, 242
Trd, 2591774.929, 241
Trd, 2591775.396, 244
Trd, 2591775.496, 248
Trd, 2591776.579, 244
Trd, 2591777.863, 243
Trd, 2591778.396, 244
Trd, 2591779.379, 249
Trd, 2591779.529, 250
Trd, 2591780.196, 251
Trd, 2591780.829, 256
Trd, 2591780.996, 246
Trd, 2591781.513, 259
Trd, 2591781.846, 259
Trd, 2591782.313, 244
Trd, 2591782.629, 244
Trd, 2591782.996, 244
Trd, 2591784.229, 245
Trd, 2591784.463, 242
Trd, 2591784.596, 247
Trd, 2591785.696, 241
Trd, 2591786.129, 237
Trd, 2591786.396, 253
Trd, 2591786.729, 236
Trd, 2591789.596, 249
Trd, 2591789.746, 249
Trd, 2591789.863, 243
Trd, 2591790.229, 250
Trd, 2591791.246, 249
Trd, 2591792.063, 250
Trd, 2591793.129, 250
Trd, 2591793.246, 251
Trd, 2591794.779, 252
Trd, 2591795.346, 253
Trd, 2591796.113, 252
Trd, 2591796.579, 252
Trd, 2591796.629, 248
Trd, 2591797.163, 255
Trd, 2591797.546, 245
Trd, 2591797.779, 256
Trd, 2591798.746, 259
Trd, 2591798.796, 261
Trd, 2591799.129, 253
Trd, 2591800.746, 261
Trd, 2591801.563, 254
Trd, 2591802.813, 258
Trd, 2591802.946, 258
Trd, 2591803.129, 248
Trd, 2591803.429, 258
Trd, 2591804.579, 249
Trd, 2591805.479, 249
Trd, 2591805.613, 248
Trd, 2591806.146, 243
Trd, 2591806.363, 241
Trd, 2591806.713, 253
Trd, 2591807.846, 238
Trd, 2591808.479, 248
Trd, 2591808.629, 248
Trd, 2591809.279, 237
Trd, 2591810.479, 244
Trd, 2591811.379, 245
Trd, 2591811.513, 245
Trd, 2591811.913, 262
Trd, 2591812.179, 267
Trd, 2591813.196, 246
Trd, 2591813.379, 245
Trd, 2591814.079, 253
Trd, 2591816.096, 246
Trd, 2591816.396, 247
Trd, 2591816.613, 245
Trd, 2591816.963, 244
Trd, 2591817.329, 244
Trd, 2591818.146, 247
Trd, 2591818.463, 248
Trd, 2591819.196, 253
Trd, 2591820.879, 247
Trd, 2591820.946, 246
Trd, 2591821.529, 256
Trd, 2591822.296, 260
Trd, 2591823.329, 245
Trd, 2591823.463, 241
Trd, 2591824.096, 255
Trd, 2591824.163, 256
Trd, 2591824.629, 256
Trd, 2591824.979, 234
Trd, 2591825.713, 234
Trd, 2591826.029, 246
Trd, 2591826.546, 254
Trd, 2591827.213, 254
Trd, 2591828.596, 252
Trd, 2591829.013, 234
Trd, 2591829.246, 235
Trd, 2591829.363, 254
Trd, 2591832.113, 248
Trd, 2591832.329, 249
Trd, 2591832.646, 246
Trd, 2591833.679, 243
Trd, 2591834.646, 244
Trd, 2591835.196, 246
Trd, 2591835.929, 244
Trd, 2591836.013, 241
Trd, 2591837.246, 239
Trd, 2591838.129, 239
Trd, 2591838.779, 248
Trd, 2591838.979, 251
Trd, 2591839.313, 243
Trd, 2591839.946, 254
Trd, 2591842.179, 250
Trd, 2591842.679, 250
Trd, 2591842.979, 250
Trd, 2591843.046, 249
Trd, 2591843.563, 249
Trd, 2591843.613, 249
Trd, 2591843.663, 251
Trd, 2591843.796, 262
Trd, 2591844.579, 248
Trd, 2591844.979, 266
Trd, 2591845.129, 244
Trd, 2591845.246, 241
Trd, 2591846.846, 253
Trd, 2591846.996, 255
Trd, 2591847.946, 231
Trd, 2591849.346, 261
Trd, 2591850.046, 238
Trd, 2591850.446, 262
Trd, 2591850.813, 265
Trd, 2591851.779, 250
Trd, 2591851.813, 249
Trd, 2591852.613, 248
Trd, 2591854.379, 250
Trd, 2591855.379, 254
Trd, 2591855.396, 255
Trd, 2591856.146, 249
Trd, 2591856.313, 248
Trd, 2591857.679, 250
Trd, 2591857.879, 249
Trd, 2591858.796, 251
Trd, 2591859.096, 251
Trd, 2591859.229, 249
Trd, 2591859.729, 250
Trd, 2591859.779, 244
Trd, 2591861.813, 252
Trd, 2591861.896, 262
Trd, 2591862.746, 246
Trd, 2591863.463, 247
Trd, 2591863.496, 245
Trd, 2591864.896, 246
Trd, 2591865.313, 243
Trd, 2591865.396, 237
Trd, 2591866.396, 235
Trd, 2591866.546, 246
Trd, 2591868.279, 244
Trd, 2591869.546, 244
Trd, 2591870.146, 245
Trd, 2591870.513, 248
Trd, 2591871.213, 250
Trd, 2591871.329, 245
Trd, 2591872.529, 246
Trd, 2591872.946, 247
Trd, 2591873.346, 247
Trd, 2591873.396, 248
Trd, 2591873.429, 245
Trd, 2591873.613, 249
Trd, 2591874.063, 242
Trd, 2591874.313, 246
Trd, 2591875.713, 246
Trd, 2591876.696, 244
Trd, 2591878.946, 244
Trd, 2591879.629, 245
Trd, 2591880.579, 245
Trd, 2591880.713, 244
Trd, 2591881.113, 245
Trd, 2591882.063, 245
Trd, 2591882.479, 242
Trd, 2591882.663, 248
Trd, 2591883.413, 243
Trd, 2591883.596, 253
Trd, 2591883.629, 242
Trd, 2591884.513, 243
Trd, 2591885.463, 253
Trd, 2591885.763, 245
Trd, 2591885.779, 255
Trd, 2591888.296, 244
Trd, 2591889.213, 242
Trd, 2591889.563, 242
Trd, 2591889.846, 246
Trd, 2591890.046, 241
Trd, 2591890.163, 240
Trd, 2591890.546, 240
Trd, 2591890.596, 237
Trd, 2591892.296, 250
Trd, 2591892.463, 248
Trd, 2591894.713, 247
Trd, 2591895.113, 248
Trd, 2591895.213, 251
Trd, 2591895.696, 238
Trd, 2591895.746, 237
Trd, 2591896.196, 248
Trd, 2591897.046, 256
Trd, 2591897.596, 247
Trd, 2591898.746, 258
Trd, 2591899.129, 252
Trd, 2591899.229, 251
Trd, 2591900.313, 244
Trd, 2591900.796, 246
Trd, 2591901.529, 262
Trd, 2591902.563, 253
Trd, 2591903.346, 245
Trd, 2591905.129, 242
Trd, 2591905.846, 250
Trd, 2591906.013, 242
Trd, 2591906.046, 237
Trd, 2591906.296, 250
Trd, 2591906.329, 248
Trd, 2591908.029, 243
Trd, 2591908.729, 239
Trd, 2591908.763, 234
Trd, 2591909.679, 239
Trd, 2591911.296, 236
Trd, 2591912.196, 235
Trd, 2591912.746, 235
Trd, 2591912.913, 237
Trd, 2591913.013, 241
Trd, 2591913.979, 246
Trd, 2591914.146, 241
Trd, 2591914.696, 248
Trd, 2591914.846, 247
Trd, 2591915.013, 251
Trd, 2591917.313, 265
Trd, 2591917.479, 266
Trd, 2591917.779, 262
Trd, 2591919.429, 257
Trd, 2591919.696, 245
Trd, 2591919.979, 256
Trd, 2591920.179, 262
Trd, 2591921.446, 246
Trd, 2591921.679, 262
Trd, 2591922.013, 245
Trd, 2591922.029, 244
Trd, 2591922.679, 263
Trd, 2591923.196, 259
Trd, 2591923.829, 248
Trd, 2591925.663, 242
Trd, 2591925.696, 253
Trd, 2591926.479, 244
Trd, 2591926.929, 243
Trd, 2591927.629, 243
Trd, 2591927.696, 244
Trd, 2591928.446, 244
Trd, 2591928.646, 243
Trd, 2591928.946, 237
Trd, 2591929.363, 233
Trd, 2591930.063, 234
Trd, 2591931.029, 236
Trd, 2591932.329, 244
Trd, 2591933.896, 240
Trd, 2591934.096, 242
Trd, 2591934.729, 245
Trd, 2591934.813, 244
Trd, 2591934.829, 243
Trd, 2591935.113, 241
Trd, 2591936.079, 248
Trd, 2591936.596, 248
Trd, 2591936.613, 248
Trd, 2591936.896, 251
Trd, 2591938.663, 250
Trd, 2591939.746, 248
Trd, 2591940.263, 249
Trd, 2591940.479, 258
Trd, 2591942.196, 262
Trd, 2591942.746, 253
Trd, 2591942.763, 241
Trd, 2591943.029, 255
Trd, 2591943.096, 237
Trd, 2591943.879, 236
Trd, 2591944.179, 261
Trd, 2591944.546, 262
Trd, 2591946.263, 259
Trd, 2591946.963, 257
Trd, 2591947.196, 243
Trd, 2591948.446, 242
Trd, 2591949.246, 242
Trd, 2591949.896, 244
Trd, 2591950.763, 241
Trd, 2591951.413, 234
Trd, 2591951.446, 244
Trd, 2591952.313, 244
Trd, 2591952.629, 244
Trd, 2591953.379, 239
Trd, 2591953.563, 245
Trd, 2591954.063, 244
Trd, 2591954.663, 243
Trd, 2591955.313, 244
Trd, 2591955.963, 247
Trd, 2591956.929, 247
Trd, 2591957.229, 246
Trd, 2591957.529, 248
Trd, 2591957.863, 239
Trd, 2591957.996, 251
Trd, 2591958.396, 238
Trd, 2591959.046, 256
Trd, 2591959.346, 244
Trd, 2591959.763, 262
Trd, 2591960.129, 239
Trd, 2591960.313, 237
Trd, 2591961.979, 253
Trd, 2591963.279, 257
Trd, 2591964.346, 250
Trd, 2591964.796, 248
Trd, 2591966.063, 247
Trd, 2591966.229, 246
Trd, 2591966.346, 249
Trd, 2591966.429, 250
Trd, 2591967.029, 246
Trd, 2591967.913, 246
Trd, 2591969.129, 245
Trd, 2591969.929, 244
Trd, 2591970.813, 244
Trd, 2591971.346, 244
Trd, 2591971.496, 242
Trd, 2591971.679, 245
Trd, 2591971.896, 249
Trd, 2591972.263, 251
Trd, 2591972.896, 241
Trd, 2591974.463, 254
Trd, 2591975.929, 244
Trd, 2591976.029, 238
Trd, 2591977.613, 243
Trd, 2591978.013, 244
Trd, 2591978.596, 254
Trd, 2591979.663, 254
Trd, 2591979.846, 247
Trd, 2591980.346, 261
Trd, 2591980.379, 251
Trd, 2591980.496, 262
Trd, 2591980.863, 250
Trd, 2591982.046, 241
Trd, 2591983.196, 249
Trd, 2591985.013, 249
Trd, 2591985.079, 248
Trd, 2591985.379, 248
Trd, 2591985.829, 248
Trd, 2591985.863, 247
Trd, 2591986.163, 248
Trd, 2591986.229, 251
Trd, 2591988.329, 254
Trd, 2591989.446, 252
Trd, 2591990.146, 249
Trd, 2591990.179, 259
Trd, 2591990.246, 241
Trd, 2591991.713, 249
Trd, 2591992.129, 248
Trd, 2591992.463, 243
Trd, 2591992.763, 240
Trd, 2591993.096, 237
Trd, 2591994.146, 232
Trd, 2591994.596, 228
Trd, 2591995.779, 244
Trd, 2591995.796, 228
Trd, 2591996.429, 248
Trd, 2591996.813, 248
Trd, 2591997.013, 232
Trd, 2591998.263, 251
Trd, 2591999.813, 238
