Trd, 2590659.296, 230
Trd, 2590659.579, 231
Trd, 2590660.929, 248
Trd, 2590661.579, 251
Trd, 2590661.863, 244
Trd, 2590662.263, 257
Trd, 2590662.279, 243
Trd, 2590662.646, 258
Trd, 2590664.646, 246
Trd, 2590665.979, 237
Trd, 2590666.046, 241
Trd, 2590666.363, 245
Trd, 2590666.663, 244
Trd, 2590667.779, 249
Trd, 2590668.396, 244
Trd, 2590668.413, 251
Trd, 2590669.096, 257
Trd, 2590669.613, 257
Trd, 2590671.113, 255
Trd, 2590671.979, 249
Trd, 2590672.146, 248
Trd, 2590672.279, 242
Trd, 2590672.713, 255
Trd, 2590673.246, 255
Trd, 2590673.263, 256
Trd, 2590673.396, 257
Trd, 2590673.496, 233
Trd, 2590673.629, 257
Trd, 2590677.446, 253
Trd, 2590677.513, 252
Trd, 2590677.746, 253
Trd, 2590679.013, 253
Trd, 2590679.696, 255
Trd, 2590680.979, 257
Trd, 2590681.246, 251
Trd, 2590681.363, 257
Trd, 2590681.446, 258
Trd, 2590682.846, 260
Trd, 2590683.396, 261
Trd, 2590683.779, 248
Trd, 2590684.396, 248
Trd, 2590684.463, 261
Trd, 2590685.346, 249
Trd, 2590686.379, 253
Trd, 2590686.996, 255
Trd, 2590688.229, 253
Trd, 2590688.896, 254
Trd, 2590688.963, 244
Trd, 2590690.429, 258
Trd, 2590691.379, 244
Trd, 2590692.046, 258
Trd, 2590693.346, 256
Trd, 2590695.029, 247
Trd, 2590695.579, 245
Trd, 2590695.713, 246
Trd, 2590695.813, 245
Trd, 2590696.496, 246
Trd, 2590696.946, 244
Trd, 2590697.013, 246
Trd, 2590697.313, 240
Trd, 2590697.363, 248
Trd, 2590698.196, 256
Trd, 2590699.663, 245
Trd, 2590699.713, 257
Trd, 2590701.146, 257
Trd, 2590701.463, 257
Trd, 2590701.479, 258
Trd, 2590702.596, 242
Trd, 2590703.413, 241
Trd, 2590704.346, 237
Trd, 2590706.679, 235
Trd, 2590707.296, 234
Trd, 2590708.813, 237
Trd, 2590709.163, 247
Trd, 2590709.329, 248
Trd, 2590709.513, 256
Trd, 2590709.846, 255
Trd, 2590709.929, 256
Trd, 2590710.346, 255
Trd, 2590710.479, 244
Trd, 2590710.496, 242
Trd, 2590710.563, 255
Trd, 2590710.796, 258
Trd, 2590711.696, 260
Trd, 2590712.329, 259
Trd, 2590713.713, 257
Trd, 2590714.413, 257
Trd, 2590714.696, 252
Trd, 2590716.113, 254
Trd, 2590717.646, 255
Trd, 2590717.896, 241
Trd, 2590719.096, 255
Trd, 2590719.796, 247
Trd, 2590720.213, 254
Trd, 2590721.313, 258
Trd, 2590721.763, 251
Trd, 2590721.829, 245
Trd, 2590722.396, 256
Trd, 2590722.479, 241
Trd, 2590722.796, 253
Trd, 2590723.579, 254
Trd, 2590723.596, 255
Trd, 2590725.013, 253
Trd, 2590725.163, 243
Trd, 2590725.746, 253
Trd, 2590725.829, 256
Trd, 2590726.946, 259
Trd, 2590727.196, 261
Trd, 2590728.846, 250
Trd, 2590729.629, 248
Trd, 2590729.846, 248
Trd, 2590730.413, 245
Trd, 2590730.829, 247
Trd, 2590731.796, 246
Trd, 2590731.946, 237
Trd, 2590732.929, 234
Trd, 2590733.863, 263
Trd, 2590734.163, 264
Trd, 2590735.629, 264
Trd, 2590735.679, 265
Trd, 2590736.113, 254
Trd, 2590737.613, 256
Trd, 2590739.479, 255
Trd, 2590740.296, 251
Trd, 2590741.096, 244
Trd, 2590741.696, 246
Trd, 2590741.896, 245
Trd, 2590742.796, 243
Trd, 2590743.563, 239
Trd, 2590743.813, 237
Trd, 2590744.596, 237
Trd, 2590744.679, 249
Trd, 2590745.213, 257
Trd, 2590745.246, 265
Trd, 2590745.629, 233
Trd, 2590746.029, 230
Trd, 2590746.246, 246
Trd, 2590748.879, 248
Trd, 2590749.446, 247
Trd, 2590749.579, 248
Trd, 2590749.713, 249
Trd, 2590750.479, 251
Trd, 2590751.063, 246
Trd, 2590751.596, 245
Trd, 2590751.796, 251
Trd, 2590752.429, 250
Trd, 2590753.179, 250
Trd, 2590753.313, 251
Trd, 2590753.396, 251
Trd, 2590753.779, 255
Trd, 2590755.013, 258
Trd, 2590755.079, 256
Trd, 2590755.313, 245
Trd, 2590755.996, 244
Trd, 2590756.513, 246
Trd, 2590758.346, 262
Trd, 2590758.446, 261
Trd, 2590760.679, 260
Trd, 2590761.313, 242
Trd, 2590763.579, 246
Trd, 2590763.713, 245
Trd, 2590764.279, 246
Trd, 2590764.413, 248
Trd, 2590764.546, 251
Trd, 2590765.213, 260
Trd, 2590766.196, 247
Trd, 2590767.429, 247
Trd, 2590767.479, 244
Trd, 2590767.529, 249
Trd, 2590767.979, 241
Trd, 2590768.379, 241
Trd, 2590769.779, 246
Trd, 2590771.029, 245
Trd, 2590771.196, 247
Trd, 2590771.479, 255
Trd, 2590773.229, 258
Trd, 2590773.796, 253
Trd, 2590774.413, 267
Trd, 2590774.496, 245
Trd, 2590775.146, 268
Trd, 2590776.429, 250
Trd, 2590776.446, 261
Trd, 2590776.529, 249
Trd, 2590776.579, 262
Trd, 2590777.646, 260
Trd, 2590779.379, 252
Trd, 2590779.646, 251
Trd, 2590780.813, 244
Trd, 2590781.329, 248
Trd, 2590783.213, 246
Trd, 2590783.263, 247
Trd, 2590786.729, 240
Trd, 2590787.629, 241
Trd, 2590788.346, 240
Trd, 2590788.429, 245
Trd, 2590788.563, 246
Trd, 2590788.996, 242
Trd, 2590790.296, 245
Trd, 2590790.446, 246
Trd, 2590790.713, 246
Trd, 2590790.963, 248
Trd, 2590791.063, 242
Trd, 2590791.429, 251
Trd, 2590792.413, 246
Trd, 2590793.196, 245
Trd, 2590793.729, 255
Trd, 2590794.346, 256
Trd, 2590794.829, 244
Trd, 2590795.879, 241
Trd, 2590796.013, 246
Trd, 2590796.413, 246
Trd, 2590796.746, 247
Trd, 2590797.129, 256
Trd, 2590797.563, 258
Trd, 2590798.163, 266
Trd, 2590798.446, 269
Trd, 2590801.313, 247
Trd, 2590802.779, 251
Trd, 2590804.096, 250
Trd, 2590804.196, 252
Trd, 2590804.513, 262
Trd, 2590804.929, 266
Trd, 2590805.063, 254
Trd, 2590806.079, 266
Trd, 2590807.313, 254
Trd, 2590807.413, 245
Trd, 2590808.329, 244
Trd, 2590809.146, 244
Trd, 2590810.079, 242
Trd, 2590810.146, 242
Trd, 2590810.379, 247
Trd, 2590811.179, 246
Trd, 2590812.563, 243
Trd, 2590813.163, 244
Trd, 2590813.746, 246
Trd, 2590813.913, 251
Trd, 2590814.363, 253
Trd, 2590815.213, 237
Trd, 2590815.646, 236
Trd, 2590815.663, 240
Trd, 2590816.663, 249
Trd, 2590817.063, 251
Trd, 2590817.513, 257
Trd, 2590817.546, 258
Trd, 2590817.746, 260
Trd, 2590818.846, 258
Trd, 2590819.113, 257
Trd, 2590820.146, 249
Trd, 2590820.946, 240
Trd, 2590822.396, 247
Trd, 2590823.263, 245
Trd, 2590823.713, 246
Trd, 2590824.379, 249
Trd, 2590825.329, 246
Trd, 2590826.629, 248
Trd, 2590826.779, 248
Trd, 2590826.913, 250
Trd, 2590827.146, 249
Trd, 2590827.179, 254
Trd, 2590828.313, 253
Trd, 2590828.379, 252
Trd, 2590830.329, 252
Trd, 2590830.379, 255
Trd, 2590830.596, 258
Trd, 2590830.663, 252
Trd, 2590830.863, 251
Trd, 2590830.913, 261
Trd, 2590831.379, 262
Trd, 2590832.229, 266
Trd, 2590832.713, 268
Trd, 2590833.413, 243
Trd, 2590833.979, 249
Trd, 2590834.279, 271
Trd, 2590835.346, 243
Trd, 2590835.846, 256
Trd, 2590836.296, 256
Trd, 2590836.763, 241
Trd, 2590837.296, 254
Trd, 2590839.513, 251
Trd, 2590840.063, 237
Trd, 2590840.596, 253
Trd, 2590840.879, 253
Trd, 2590842.913, 253
Trd, 2590843.529, 254
Trd, 2590844.696, 252
Trd, 2590844.829, 255
Trd, 2590845.463, 256
Trd, 2590846.579, 253
Trd, 2590847.179, 252
Trd, 2590847.913, 251
Trd, 2590848.113, 250
Trd, 2590848.129, 253
Trd, 2590848.279, 255
Trd, 2590849.463, 254
Trd, 2590851.246, 253
Trd, 2590851.529, 255
Trd, 2590853.113, 255
Trd, 2590853.313, 257
Trd, 2590853.813, 254
Trd, 2590854.129, 257
Trd, 2590854.313, 251
Trd, 2590854.429, 257
Trd, 2590855.863, 244
Trd, 2590856.279, 257
Trd, 2590856.696, 256
Trd, 2590857.096, 241
Trd, 2590858.979, 247
Trd, 2590859.446, 246
Trd, 2590860.063, 246
Trd, 2590860.963, 247
Trd, 2590861.863, 248
Trd, 2590862.213, 252
Trd, 2590862.246, 243
Trd, 2590862.513, 255
Trd, 2590862.796, 258
Trd, 2590863.029, 262
Trd, 2590864.946, 237
Trd, 2590865.346, 242
Trd, 2590865.929, 265
Trd, 2590868.513, 255
Trd, 2590868.763, 255
Trd, 2590868.846, 248
Trd, 2590869.179, 255
Trd, 2590869.879, 256
Trd, 2590870.513, 256
Trd, 2590871.696, 255
Trd, 2590872.413, 256
Trd, 2590872.846, 253
Trd, 2590873.279, 247
Trd, 2590874.229, 251
Trd, 2590874.629, 252
Trd, 2590876.763, 245
Trd, 2590877.929, 244
Trd, 2590878.213, 245
Trd, 2590879.096, 244
Trd, 2590879.846, 250
Trd, 2590880.446, 249
Trd, 2590880.879, 249
Trd, 2590881.079, 251
Trd, 2590881.213, 248
Trd, 2590881.429, 258
Trd, 2590882.096, 256
Trd, 2590883.796, 248
Trd, 2590884.563, 250
Trd, 2590885.046, 248
Trd, 2590885.429, 248
Trd, 2590886.029, 248
Trd, 2590886.879, 250
Trd, 2590887.496, 246
Trd, 2590887.513, 254
Trd, 2590887.896, 255
Trd, 2590889.129, 250
Trd, 2590890.663, 252
Trd, 2590890.929, 255
Trd, 2590890.979, 258
Trd, 2590892.346, 254
Trd, 2590893.596, 255
Trd, 2590894.896, 253
Trd, 2590895.279, 253
Trd, 2590895.913, 251
Trd, 2590896.096, 255
Trd, 2590896.563, 256
Trd, 2590897.813, 251
Trd, 2590897.979, 251
Trd, 2590898.896, 258
Trd, 2590901.146, 260
Trd, 2590901.863, 262
Trd, 2590902.379, 256
Trd, 2590902.663, 261
Trd, 2590904.246, 249
Trd, 2590905.013, 245
Trd, 2590905.663, 248
Trd, 2590905.829, 247
Trd, 2590905.913, 242
Trd, 2590906.229, 253
Trd, 2590907.429, 244
Trd, 2590909.446, 242
Trd, 2590909.963, 241
Trd, 2590910.263, 239
Trd, 2590910.646, 242
Trd, 2590912.413, 243
Trd, 2590912.646, 243
Trd, 2590912.863, 237
Trd, 2590913.446, 245
Trd, 2590914.729, 241
Trd, 2590915.646, 243
Trd, 2590916.146, 242
Trd, 2590916.963, 243
Trd, 2590917.229, 242
Trd, 2590919.763, 246
Trd, 2590919.829, 248
Trd, 2590920.046, 251
Trd, 2590920.213, 255
Trd, 2590920.429, 257
Trd, 2590920.446, 249
Trd, 2590920.796, 249
Trd, 2590921.029, 252
Trd, 2590921.079, 258
Trd, 2590922.896, 263
Trd, 2590923.096, 243
Trd, 2590923.779, 242
Trd, 2590925.063, 254
Trd, 2590926.113, 262
Trd, 2590927.379, 247
Trd, 2590928.779, 242
Trd, 2590928.863, 243
Trd, 2590929.446, 245
Trd, 2590930.013, 244
Trd, 2590930.446, 242
Trd, 2590930.513, 247
Trd, 2590931.963, 245
Trd, 2590933.013, 246
Trd, 2590933.779, 244
Trd, 2590934.813, 245
Trd, 2590935.013, 251
Trd, 2590935.196, 258
Trd, 2590935.346, 244
Trd, 2590935.763, 237
Trd, 2590936.479, 256
Trd, 2590936.663, 248
Trd, 2590937.646, 253
Trd, 2590937.813, 235
Trd, 2590938.746, 253
Trd, 2590939.346, 254
Trd, 2590940.229, 239
Trd, 2590940.746, 239
Trd, 2590941.063, 241
Trd, 2590941.429, 242
Trd, 2590942.329, 252
Trd, 2590943.063, 257
Trd, 2590943.563, 262
Trd, 2590943.763, 246
Trd, 2590944.579, 243
Trd, 2590944.629, 262
Trd, 2590945.063, 259
Trd, 2590945.596, 263
Trd, 2590945.979, 262
Trd, 2590946.296, 237
Trd, 2590948.996, 250
Trd, 2590949.563, 248
Trd, 2590950.379, 247
Trd, 2590950.496, 250
Trd, 2590950.613, 250
Trd, 2590950.796, 251
Trd, 2590950.929, 259
Trd, 2590953.129, 248
Trd, 2590953.379, 249
Trd, 2590954.279, 258
Trd, 2590954.946, 262
Trd, 2590955.196, 257
Trd, 2590955.846, 260
Trd, 2590956.396, 250
Trd, 2590956.479, 249
Trd, 2590956.763, 255
Trd, 2590959.146, 246
Trd, 2590960.413, 243
Trd, 2590960.663, 243
Trd, 2590960.963, 244
Trd, 2590961.696, 244
Trd, 2590962.079, 244
Trd, 2590962.446, 245
Trd, 2590962.813, 248
Trd, 2590963.163, 249
Trd, 2590964.996, 249
Trd, 2590967.563, 250
Trd, 2590968.179, 252
Trd, 2590970.129, 253
Trd, 2590970.179, 252
Trd, 2590970.279, 251
Trd, 2590970.663, 248
Trd, 2590971.346, 249
Trd, 2590971.529, 251
Trd, 2590972.196, 253
Trd, 2590973.746, 245
Trd, 2590973.896, 243
Trd, 2590975.329, 248
Trd, 2590975.429, 248
Trd, 2590975.563, 246
Trd, 2590976.746, 250
Trd, 2590977.746, 246
Trd, 2590979.613, 243
Trd, 2590979.946, 244
Trd, 2590980.413, 243
Trd, 2590980.579, 246
Trd, 2590982.263, 241
Trd, 2590982.296, 244
Trd, 2590983.863, 238
Trd, 2590984.163, 237
Trd, 2590984.496, 238
Trd, 2590984.613, 240
Trd, 2590985.279, 249
Trd, 2590986.913, 249
Trd, 2590987.279, 250
Trd, 2590987.329, 245
Trd, 2590987.829, 250
Trd, 2590988.046, 251
Trd, 2590989.979, 243
Trd, 2590991.213, 250
Trd, 2590991.813, 248
Trd, 2590992.329, 247
Trd, 2590992.429, 249
Trd, 2590992.446, 246
Trd, 2590993.063, 246
Trd, 2590993.179, 246
Trd, 2590994.063, 245
Trd, 2590994.229, 246
Trd, 2590994.829, 251
Trd, 2590995.946, 250
Trd, 2590996.379, 248
Trd, 2590996.413, 246
Trd, 2590997.013, 245
Trd, 2590997.429, 257
Trd, 2590999.396, 254
Trd, 2591000.679, 252
Trd, 2591000.729, 258
Trd, 2591001.696, 258
Trd, 2591002.213, 256
Trd, 2591002.713, 257
Trd, 2591002.746, 262
Trd, 2591003.196, 255
Trd, 2591005.213, 255
Trd, 2591005.529, 260
Trd, 2591005.629, 261
Trd, 2591007.146, 261
Trd, 2591008.229, 245
Trd, 2591010.763, 247
Trd, 2591010.929, 244
Trd, 2591011.629, 246
Trd, 2591011.979, 245
Trd, 2591012.396, 245
Trd, 2591013.013, 245
Trd, 2591013.346, 251
Trd, 2591013.413, 255
Trd, 2591015.646, 247
Trd, 2591015.913, 249
Trd, 2591016.763, 258
Trd, 2591017.246, 262
Trd, 2591019.013, 260
Trd, 2591019.146, 261
Trd, 2591019.613, 255
Trd, 2591020.546, 253
Trd, 2591020.713, 262
Trd, 2591021.063, 267
Trd, 2591021.296, 251
Trd, 2591021.779, 245
Trd, 2591022.413, 263
Trd, 2591024.613, 257
Trd, 2591024.713, 245
Trd, 2591024.796, 244
Trd, 2591026.579, 237
Trd, 2591027.679, 255
Trd, 2591029.446, 248
Trd, 2591029.946, 247
Trd, 2591030.029, 248
Trd, 2591030.696, 248
Trd, 2591031.146, 247
Trd, 2591031.863, 247
Trd, 2591032.529, 247
Trd, 2591032.913, 248
Trd, 2591033.546, 246
Trd, 2591034.913, 241
Trd, 2591035.313, 246
Trd, 2591035.446, 240
Trd, 2591037.096, 241
Trd, 2591037.163, 243
Trd, 2591038.346, 242
Trd, 2591038.729, 243
Trd, 2591039.596, 243
Trd, 2591039.779, 250
Trd, 2591039.829, 240
Trd, 2591040.079, 251
Trd, 2591040.179, 253
Trd, 2591040.879, 257
Trd, 2591041.879, 258
Trd, 2591042.629, 257
Trd, 2591043.196, 259
Trd, 2591043.329, 241
Trd, 2591045.663, 258
Trd, 2591047.913, 250
Trd, 2591048.196, 250
Trd, 2591048.446, 250
Trd, 2591048.579, 248
Trd, 2591048.996, 251
Trd, 2591049.379, 250
Trd, 2591049.396, 244
Trd, 2591050.646, 250
Trd, 2591051.046, 249
Trd, 2591051.979, 247
Trd, 2591052.246, 248
Trd, 2591053.113, 248
Trd, 2591053.646, 251
Trd, 2591053.946, 253
Trd, 2591053.963, 248
Trd, 2591055.746, 242
Trd, 2591055.913, 247
Trd, 2591056.846, 250
Trd, 2591058.363, 250
Trd, 2591058.429, 251
Trd, 2591058.763, 257
Trd, 2591059.129, 258
Trd, 2591060.196, 254
Trd, 2591061.046, 253
Trd, 2591061.429, 252
Trd, 2591061.529, 253
Trd, 2591062.579, 258
Trd, 2591063.213, 248
Trd, 2591063.329, 257
Trd, 2591065.429, 244
Trd, 2591066.129, 243
Trd, 2591066.379, 254
Trd, 2591066.946, 256
Trd, 2591068.129, 261
Trd, 2591068.529, 256
Trd, 2591068.696, 262
Trd, 2591070.363, 255
Trd, 2591071.079, 256
Trd, 2591071.563, 258
Trd, 2591072.579, 254
Trd, 2591073.496, 251
Trd, 2591073.913, 235
Trd, 2591074.146, 234
Trd, 2591074.596, 251
Trd, 2591075.729, 248
Trd, 2591076.029, 236
Trd, 2591076.546, 252
Trd, 2591076.579, 253
Trd, 2591076.846, 254
Trd, 2591077.463, 254
Trd, 2591077.879, 255
Trd, 2591078.929, 247
Trd, 2591079.813, 246
Trd, 2591080.113, 247
Trd, 2591080.746, 247
Trd, 2591080.963, 257
Trd, 2591081.879, 258
Trd, 2591081.929, 247
Trd, 2591081.963, 259
Trd, 2591083.029, 257
Trd, 2591084.013, 265
Trd, 2591085.963, 252
Trd, 2591086.579, 250
Trd, 2591086.796, 248
Trd, 2591087.096, 248
Trd, 2591087.546, 251
Trd, 2591088.646, 244
Trd, 2591088.779, 244
Trd, 2591089.829, 243
Trd, 2591090.413, 237
Trd, 2591091.296, 241
Trd, 2591091.913, 250
Trd, 2591092.279, 257
Trd, 2591092.513, 260
Trd, 2591095.296, 254
Trd, 2591095.713, 251
Trd, 2591096.313, 251
Trd, 2591096.879, 244
Trd, 2591097.763, 251
Trd, 2591098.113, 251
Trd, 2591098.563, 250
Trd, 2591098.646, 253
Trd, 2591098.696, 228
Trd, 2591099.263, 252
Trd, 2591100.763, 257
Trd, 2591100.946, 258
Trd, 2591102.163, 251
Trd, 2591103.246, 250
Trd, 2591103.263, 257
Trd, 2591103.746, 256
Trd, 2591103.863, 243
Trd, 2591104.846, 241
Trd, 2591105.313, 250
Trd, 2591105.696, 250
Trd, 2591107.096, 258
Trd, 2591107.863, 249
Trd, 2591110.479, 254
Trd, 2591110.863, 255
Trd, 2591110.946, 254
Trd, 2591112.596, 246
Trd, 2591112.629, 247
Trd, 2591112.746, 246
Trd, 2591112.846, 244
Trd, 2591112.946, 242
Trd, 2591113.496, 246
Trd, 2591113.863, 247
Trd, 2591116.896, 242
Trd, 2591117.079, 244
Trd, 2591117.263, 248
Trd, 2591118.479, 255
Trd, 2591118.979, 256
Trd, 2591119.079, 249
Trd, 2591119.846, 257
Trd, 2591120.913, 250
Trd, 2591121.413, 249
Trd, 2591122.596, 248
Trd, 2591122.913, 253
Trd, 2591123.196, 258
Trd, 2591124.563, 250
Trd, 2591124.946, 250
Trd, 2591125.096, 257
Trd, 2591125.113, 243
Trd, 2591126.146, 248
Trd, 2591126.163, 256
Trd, 2591127.263, 244
Trd, 2591127.563, 254
Trd, 2591127.613, 255
Trd, 2591127.963, 256
Trd, 2591129.646, 250
Trd, 2591130.546, 256
Trd, 2591130.813, 241
Trd, 2591131.063, 258
Trd, 2591132.413, 257
Trd, 2591132.613, 261
Trd, 2591133.279, 261
Trd, 2591133.363, 264
Trd, 2591134.079, 265
Trd, 2591135.113, 267
Trd, 2591135.146, 247
Trd, 2591135.646, 267
Trd, 2591136.146, 242
Trd, 2591136.163, 270
Trd, 2591136.379, 245
Trd, 2591136.446, 243
Trd, 2591137.713, 270
Trd, 2591139.946, 245
Trd, 2591140.663, 243
Trd, 2591141.113, 243
Trd, 2591141.846, 239
Trd, 2591143.429, 238
Trd, 2591144.396, 238
Trd, 2591144.496, 239
Trd, 2591146.679, 255
Trd, 2591146.729, 256
Trd, 2591146.796, 243
Trd, 2591147.413, 258
Trd, 2591148.646, 259
Trd, 2591149.263, 259
Trd, 2591149.646, 259
Trd, 2591150.879, 252
Trd, 2591152.846, 251
Trd, 2591153.279, 237
Trd, 2591153.646, 250
Trd, 2591153.846, 249
Trd, 2591154.079, 248
Trd, 2591154.546, 247
Trd, 2591154.863, 248
Trd, 2591155.463, 249
Trd, 2591155.763, 256
Trd, 2591156.246, 262
Trd, 2591157.013, 258
Trd, 2591157.263, 258
Trd, 2591157.313, 259
Trd, 2591157.946, 246
Trd, 2591157.963, 245
Trd, 2591160.146, 251
Trd, 2591161.513, 251
Trd, 2591161.613, 254
Trd, 2591163.046, 250
Trd, 2591165.596, 250
Trd, 2591165.779, 249
Trd, 2591166.313, 250
Trd, 2591166.979, 251
Trd, 2591167.146, 240
Trd, 2591168.279, 249
Trd, 2591168.346, 250
Trd, 2591169.279, 250
Trd, 2591170.446, 249
Trd, 2591170.563, 251
Trd, 2591171.546, 255
Trd, 2591171.913, 258
Trd, 2591173.163, 252
Trd, 2591173.463, 252
Trd, 2591173.713, 250
Trd, 2591174.313, 252
Trd, 2591174.963, 261
Trd, 2591178.063, 249
Trd, 2591178.413, 252
Trd, 2591178.513, 257
Trd, 2591179.296, 250
Trd, 2591179.713, 256
Trd, 2591181.463, 256
Trd, 2591181.629, 257
Trd, 2591182.146, 258
Trd, 2591182.613, 252
Trd, 2591182.846, 244
Trd, 2591183.079, 261
Trd, 2591184.096, 247
Trd, 2591185.579, 255
Trd, 2591187.796, 246
Trd, 2591188.079, 249
Trd, 2591188.596, 242
Trd, 2591188.646, 249
Trd, 2591189.679, 257
Trd, 2591189.946, 238
Trd, 2591191.079, 241
Trd, 2591191.396, 244
Trd, 2591191.463, 248
Trd, 2591191.613, 256
Trd, 2591193.079, 258
Trd, 2591194.446, 251
Trd, 2591194.913, 248
Trd, 2591195.563, 248
Trd, 2591195.579, 249
Trd, 2591195.963, 246
Trd, 2591196.096, 249
Trd, 2591198.179, 248
Trd, 2591198.579, 250
Trd, 2591199.746, 251
Trd, 2591200.329, 252
Trd, 2591201.246, 251
Trd, 2591201.446, 251
Trd, 2591201.613, 252
Trd, 2591201.713, 255
Trd, 2591202.279, 258
Trd, 2591203.313, 260
Trd, 2591204.496, 250
Trd, 2591205.046, 257
Trd, 2591205.213, 259
Trd, 2591205.679, 258
Trd, 2591206.163, 255
Trd, 2591206.963, 258
Trd, 2591207.546, 251
Trd, 2591209.546, 243
Trd, 2591211.496, 246
Trd, 2591211.629, 245
Trd, 2591211.963, 242
Trd, 2591212.413, 246
Trd, 2591212.929, 240
Trd, 2591213.263, 247
Trd, 2591214.246, 244
Trd, 2591214.413, 237
Trd, 2591214.546, 244
Trd, 2591215.696, 248
Trd, 2591217.479, 251
Trd, 2591218.063, 256
Trd, 2591219.129, 244
Trd, 2591219.963, 253
Trd, 2591221.663, 251
Trd, 2591222.013, 252
Trd, 2591222.479, 249
Trd, 2591222.563, 249
Trd, 2591222.613, 249
Trd, 2591223.663, 248
Trd, 2591225.096, 241
Trd, 2591225.613, 248
Trd, 2591225.913, 249
Trd, 2591227.096, 237
Trd, 2591227.829, 247
Trd, 2591227.879, 248
Trd, 2591228.146, 248
Trd, 2591228.846, 244
Trd, 2591229.063, 241
Trd, 2591229.129, 251
Trd, 2591229.296, 256
Trd, 2591229.396, 258
Trd, 2591232.363, 248
Trd, 2591232.463, 248
Trd, 2591233.163, 248
Trd, 2591233.863, 249
Trd, 2591235.379, 249
Trd, 2591236.263, 244
Trd, 2591237.679, 258
Trd, 2591237.829, 247
Trd, 2591237.929, 259
Trd, 2591239.296, 263
Trd, 2591239.679, 261
Trd, 2591240.029, 263
Trd, 2591240.196, 263
Trd, 2591240.396, 262
Trd, 2591240.446, 264
Trd, 2591241.763, 255
Trd, 2591241.879, 249
Trd, 2591241.963, 257
Trd, 2591243.646, 250
Trd, 2591243.763, 250
Trd, 2591243.813, 251
Trd, 2591244.963, 246
Trd, 2591245.313, 249
Trd, 2591245.429, 250
Trd, 2591245.579, 251
Trd, 2591245.679, 242
Trd, 2591245.863, 240
Trd, 2591246.246, 254
Trd, 2591246.879, 255
Trd, 2591247.579, 254
Trd, 2591248.563, 247
Trd, 2591249.513, 254
Trd, 2591250.013, 255
Trd, 2591253.446, 255
Trd, 2591253.813, 245
Trd, 2591254.063, 255
Trd, 2591254.529, 258
Trd, 2591254.679, 264
Trd, 2591254.846, 242
Trd, 2591255.863, 244
Trd, 2591257.813, 238
Trd, 2591258.029, 261
Trd, 2591259.563, 252
Trd, 2591259.996, 249
Trd, 2591261.063, 247
Trd, 2591261.246, 248
Trd, 2591261.479, 247
Trd, 2591262.129, 248
Trd, 2591262.496, 251
Trd, 2591264.529, 254
Trd, 2591264.546, 256
Trd, 2591266.346, 253
Trd, 2591266.513, 238
Trd, 2591266.663, 237
Trd, 2591267.329, 254
Trd, 2591267.729, 238
Trd, 2591269.696, 249
Trd, 2591269.813, 249
Trd, 2591270.813, 250
Trd, 2591271.229, 243
Trd, 2591271.246, 251
Trd, 2591272.079, 248
Trd, 2591272.146, 258
Trd, 2591272.396, 258
Trd, 2591272.963, 260
Trd, 2591276.446, 252
Trd, 2591276.496, 253
Trd, 2591276.996, 257
Trd, 2591277.279, 262
Trd, 2591277.846, 249
Trd, 2591278.613, 249
Trd, 2591279.796, 248
Trd, 2591281.063, 261
Trd, 2591281.496, 245
Trd, 2591281.663, 248
Trd, 2591281.879, 258
Trd, 2591282.429, 258
Trd, 2591283.446, 253
Trd, 2591283.863, 251
Trd, 2591283.929, 252
Trd, 2591285.396, 246
Trd, 2591286.496, 243
Trd, 2591286.596, 242
Trd, 2591286.779, 244
Trd, 2591287.446, 237
Trd, 2591288.396, 235
Trd, 2591288.563, 234
Trd, 2591288.613, 237
Trd, 2591290.263, 248
Trd, 2591290.279, 253
Trd, 2591291.479, 250
Trd, 2591292.013, 250
Trd, 2591292.313, 252
Trd, 2591293.079, 244
Trd, 2591293.229, 246
Trd, 2591293.246, 243
Trd, 2591293.579, 258
Trd, 2591293.796, 258
Trd, 2591296.346, 250
Trd, 2591296.663, 253
Trd, 2591297.729, 250
Trd, 2591298.463, 250
Trd, 2591298.596, 251
Trd, 2591298.779, 258
Trd, 2591299.479, 248
Trd, 2591300.179, 254
Trd, 2591300.896, 253
Trd, 2591301.846, 242
Trd, 2591302.079, 249
Trd, 2591302.513, 251
Trd, 2591303.713, 254
Trd, 2591305.246, 250
Trd, 2591305.429, 250
Trd, 2591305.713, 250
Trd, 2591306.196, 251
Trd, 2591306.496, 252
Trd, 2591306.563, 255
Trd, 2591307.979, 245
Trd, 2591309.329, 251
Trd, 2591309.913, 241
Trd, 2591310.029, 237
Trd, 2591311.463, 242
Trd, 2591311.596, 248
Trd, 2591311.729, 251
Trd, 2591311.746, 258
Trd, 2591312.563, 261
Trd, 2591313.396, 253
Trd, 2591314.196, 250
Trd, 2591315.129, 250
Trd, 2591315.246, 251
Trd, 2591315.913, 250
Trd, 2591316.263, 250
Trd, 2591316.846, 250
Trd, 2591316.913, 259
Trd, 2591317.029, 264
Trd, 2591317.996, 257
Trd, 2591319.213, 254
Trd, 2591320.863, 251
Trd, 2591320.979, 257
Trd, 2591323.063, 246
Trd, 2591323.363, 248
Trd, 2591325.229, 253
Trd, 2591325.863, 258
Trd, 2591327.296, 255
Trd, 2591328.029, 253
Trd, 2591328.079, 252
Trd, 2591328.896, 252
Trd, 2591330.129, 251
Trd, 2591330.463, 251
Trd, 2591330.663, 252
Trd, 2591331.113, 253
Trd, 2591331.813, 252
Trd, 2591332.596, 243
Trd, 2591332.779, 244
Trd, 2591333.213, 250
Trd, 2591333.346, 251
Trd, 2591333.879, 252
Trd, 2591334.163, 247
Trd, 2591334.946, 257
Trd, 2591335.979, 258
Trd, 2591337.363, 244
Trd, 2591337.796, 245
Trd, 2591338.196, 248
Trd, 2591338.846, 255
Trd, 2591339.113, 255
Trd, 2591341.246, 249
Trd, 2591341.279, 247
Trd, 2591342.579, 249
Trd, 2591343.163, 249
Trd, 2591343.963, 249
Trd, 2591344.546, 247
Trd, 2591344.563, 240
Trd, 2591346.079, 243
Trd, 2591346.163, 244
Trd, 2591346.713, 239
Trd, 2591347.929, 246
Trd, 2591348.513, 237
Trd, 2591348.729, 248
Trd, 2591348.946, 239
Trd, 2591349.813, 244
Trd, 2591351.113, 249
Trd, 2591352.913, 248
Trd, 2591353.113, 251
Trd, 2591354.379, 251
Trd, 2591354.913, 255
Trd, 2591355.096, 256
Trd, 2591355.679, 256
Trd, 2591356.579, 257
Trd, 2591357.463, 256
Trd, 2591358.979, 255
Trd, 2591359.579, 251
Trd, 2591359.763, 255
Trd, 2591360.596, 240
Trd, 2591360.896, 254
Trd, 2591361.663, 239
Trd, 2591361.713, 252
Trd, 2591362.063, 236
Trd, 2591362.596, 252
Trd, 2591364.013, 244
Trd, 2591365.463, 245
Trd, 2591365.713, 245
Trd, 2591366.163, 246
Trd, 2591366.829, 252
Trd, 2591368.646, 241
Trd, 2591369.963, 248
Trd, 2591370.179, 248
Trd, 2591370.629, 248
Trd, 2591370.746, 250
Trd, 2591370.846, 237
Trd, 2591371.063, 250
Trd, 2591371.329, 251
Trd, 2591372.379, 255
Trd, 2591373.363, 256
Trd, 2591373.613, 258
Trd, 2591375.346, 257
Trd, 2591376.179, 262
Trd, 2591377.046, 259
Trd, 2591377.313, 265
Trd, 2591377.796, 251
Trd, 2591379.063, 255
Trd, 2591381.046, 245
Trd, 2591381.296, 241
Trd, 2591381.713, 244
Trd, 2591382.196, 244
Trd, 2591382.329, 246
Trd, 2591382.513, 247
Trd, 2591383.596, 243
Trd, 2591384.296, 243
Trd, 2591385.396, 241
Trd, 2591385.679, 246
Trd, 2591385.896, 247
Trd, 2591386.996, 248
Trd, 2591387.046, 248
Trd, 2591387.363, 248
Trd, 2591388.313, 251
Trd, 2591388.713, 255
Trd, 2591389.546, 253
Trd, 2591390.213, 258
Trd, 2591391.213, 254
Trd, 2591392.313, 262
Trd, 2591392.579, 262
Trd, 2591392.896, 266
Trd, 2591393.746, 262
Trd, 2591394.146, 263
Trd, 2591394.529, 262
Trd, 2591395.196, 247
Trd, 2591395.796, 245
Trd, 2591396.663, 271
Trd, 2591397.046, 268
Trd, 2591398.629, 245
Trd, 2591399.763, 254
Trd, 2591400.513, 246
Trd, 2591400.979, 248
Trd, 2591401.279, 245
Trd, 2591401.713, 244
Trd, 2591403.863, 244
Trd, 2591404.013, 247
Trd, 2591404.663, 251
Trd, 2591404.679, 258
Trd, 2591405.229, 256
Trd, 2591405.329, 258
Trd, 2591405.546, 263
Trd, 2591405.963, 248
Trd, 2591406.896, 266
Trd, 2591406.929, 264
Trd, 2591408.779, 253
Trd, 2591409.929, 253
Trd, 2591409.946, 254
Trd, 2591410.713, 249
Trd, 2591411.946, 255
Trd, 2591413.279, 253
Trd, 2591414.529, 250
Trd, 2591414.929, 255
Trd, 2591414.963, 256
Trd, 2591416.129, 246
Trd, 2591416.313, 257
Trd, 2591416.746, 258
Trd, 2591417.529, 244
Trd, 2591417.796, 265
Trd, 2591417.813, 244
Trd, 2591419.863, 250
Trd, 2591420.979, 249
Trd, 2591421.729, 244
Trd, 2591422.046, 249
Trd, 2591424.129, 237
Trd, 2591424.846, 242
Trd, 2591425.179, 242
Trd, 2591426.046, 246
Trd, 2591426.096, 240
Trd, 2591426.146, 248
Trd, 2591426.496, 244
Trd, 2591426.763, 241
Trd, 2591426.863, 251
Trd, 2591428.496, 252
Trd, 2591428.746, 253
Trd, 2591429.129, 253
Trd, 2591430.329, 258
Trd, 2591430.346, 251
Trd, 2591430.963, 256
Trd, 2591431.396, 256
Trd, 2591432.079, 251
Trd, 2591433.079, 254
Trd, 2591433.913, 254
Trd, 2591434.363, 248
Trd, 2591434.896, 257
Trd, 2591435.146, 238
Trd, 2591437.463, 246
Trd, 2591438.329, 247
Trd, 2591439.013, 247
Trd, 2591439.079, 247
Trd, 2591439.246, 248
Trd, 2591440.229, 254
Trd, 2591442.129, 254
Trd, 2591444.096, 247
Trd, 2591444.563, 254
Trd, 2591444.713, 255
Trd, 2591444.796, 254
Trd, 2591445.446, 249
Trd, 2591446.146, 255
Trd, 2591446.463, 250
Trd, 2591446.646, 255
Trd, 2591447.963, 250
Trd, 2591448.596, 249
Trd, 2591449.146, 249
Trd, 2591449.646, 249
Trd, 2591451.246, 244
Trd, 2591451.646, 256
Trd, 2591451.829, 257
Trd, 2591452.629, 255
Trd, 2591454.663, 251
Trd, 2591455.129, 248
Trd, 2591455.429, 237
Trd, 2591456.479, 252
Trd, 2591458.396, 248
Trd, 2591458.996, 247
Trd, 2591459.313, 246
Trd, 2591459.379, 248
Trd, 2591459.446, 250
Trd, 2591460.079, 258
Trd, 2591460.696, 262
Trd, 2591461.346, 267
Trd, 2591461.379, 249
Trd, 2591461.746, 265
Trd, 2591462.063, 247
Trd, 2591463.229, 243
Trd, 2591464.246, 253
Trd, 2591464.279, 244
Trd, 2591464.313, 254
Trd, 2591464.546, 254
Trd, 2591465.029, 255
Trd, 2591465.779, 257
Trd, 2591467.296, 248
Trd, 2591468.046, 253
Trd, 2591468.879, 252
Trd, 2591468.896, 253
Trd, 2591469.513, 252
Trd, 2591469.663, 258
Trd, 2591470.029, 262
Trd, 2591471.263, 258
Trd, 2591471.529, 259
Trd, 2591473.013, 250
Trd, 2591473.346, 250
Trd, 2591474.796, 250
Trd, 2591475.163, 250
Trd, 2591475.896, 245
Trd, 2591476.046, 259
Trd, 2591478.413, 245
Trd, 2591478.746, 249
Trd, 2591480.413, 241
Trd, 2591480.729, 247
Trd, 2591481.029, 248
Trd, 2591481.579, 246
Trd, 2591481.813, 236
Trd, 2591482.813, 248
Trd, 2591484.829, 244
Trd, 2591485.113, 251
Trd, 2591485.363, 250
Trd, 2591485.896, 248
Trd, 2591486.379, 249
Trd, 2591486.846, 245
Trd, 2591487.029, 256
Trd, 2591487.696, 257
Trd, 2591488.729, 255
Trd, 2591489.279, 257
Trd, 2591489.463, 245
Trd, 2591489.529, 244
Trd, 2591490.146, 256
Trd, 2591490.496, 255
Trd, 2591490.963, 258
Trd, 2591492.779, 247
Trd, 2591494.346, 260
Trd, 2591494.479, 251
Trd, 2591495.896, 250
Trd, 2591496.846, 250
Trd, 2591497.446, 250
Trd, 2591497.463, 241
Trd, 2591497.879, 251
Trd, 2591498.013, 255
Trd, 2591499.329, 242
Trd, 2591500.629, 247
Trd, 2591502.029, 244
Trd, 2591502.729, 245
Trd, 2591502.763, 246
Trd, 2591503.179, 244
Trd, 2591503.963, 243
Trd, 2591504.063, 244
Trd, 2591504.629, 246
Trd, 2591505.496, 245
Trd, 2591505.629, 246
Trd, 2591505.679, 248
Trd, 2591506.779, 256
Trd, 2591506.846, 252
Trd, 2591506.963, 251
Trd, 2591507.296, 258
Trd, 2591507.663, 237
Trd, 2591507.696, 261
Trd, 2591508.946, 258
Trd, 2591511.146, 251
Trd, 2591512.696, 258
Trd, 2591513.246, 260
Trd, 2591516.179, 253
Trd, 2591516.829, 253
Trd, 2591517.646, 250
Trd, 2591517.963, 251
Trd, 2591518.779, 253
Trd, 2591518.813, 255
Trd, 2591519.329, 243
Trd, 2591520.496, 262
Trd, 2591520.896, 259
Trd, 2591521.779, 244
Trd, 2591521.913, 260
Trd, 2591521.929, 235
Trd, 2591523.396, 243
Trd, 2591524.246, 256
Trd, 2591525.246, 253
Trd, 2591527.729, 245
Trd, 2591528.346, 243
Trd, 2591529.246, 258
Trd, 2591529.979, 262
Trd, 2591530.163, 265
Trd, 2591530.179, 259
Trd, 2591530.413, 264
Trd, 2591530.963, 265
Trd, 2591531.913, 265
Trd, 2591532.313, 256
Trd, 2591533.063, 257
Trd, 2591533.829, 255
Trd, 2591533.879, 251
Trd, 2591535.013, 251
Trd, 2591535.696, 251
Trd, 2591536.329, 250
Trd, 2591536.813, 249
Trd, 2591536.946, 257
Trd, 2591537.896, 257
Trd, 2591539.896, 257
Trd, 2591540.379, 258
Trd, 2591541.546, 261
Trd, 2591541.763, 263
Trd, 2591541.896, 251
Trd, 2591543.913, 252
Trd, 2591544.463, 256
Trd, 2591545.129, 253
Trd, 2591545.646, 252
Trd, 2591546.546, 252
Trd, 2591546.696, 253
Trd, 2591547.513, 247
Trd, 2591547.563, 255
Trd, 2591548.463, 258
Trd, 2591550.463, 246
Trd, 2591550.829, 254
Trd, 2591551.613, 253
Trd, 2591551.846, 246
Trd, 2591552.529, 252
Trd, 2591552.713, 246
Trd, 2591553.229, 243
Trd, 2591553.946, 245
Trd, 2591554.529, 246
Trd, 2591554.796, 248
Trd, 2591555.663, 248
Trd, 2591555.779, 244
Trd, 2591556.763, 249
Trd, 2591557.029, 251
Trd, 2591560.263, 251
Trd, 2591560.663, 252
Trd, 2591561.596, 245
Trd, 2591561.713, 258
Trd, 2591562.479, 255
Trd, 2591564.563, 254
Trd, 2591565.679, 249
Trd, 2591565.913, 249
Trd, 2591566.363, 249
Trd, 2591566.379, 248
Trd, 2591568.279, 241
Trd, 2591568.963, 242
Trd, 2591570.079, 242
Trd, 2591570.246, 239
Trd, 2591571.246, 242
Trd, 2591571.479, 242
Trd, 2591572.179, 250
Trd, 2591572.613, 251
Trd, 2591573.729, 251
Trd, 2591573.796, 252
Trd, 2591574.896, 245
Trd, 2591574.996, 258
Trd, 2591575.096, 245
Trd, 2591575.396, 259
Trd, 2591576.346, 253
Trd, 2591577.079, 259
Trd, 2591578.929, 255
Trd, 2591579.529, 255
Trd, 2591579.779, 251
Trd, 2591581.529, 249
Trd, 2591581.796, 251
Trd, 2591582.029, 249
Trd, 2591583.096, 250
Trd, 2591583.279, 255
Trd, 2591584.496, 256
Trd, 2591584.629, 258
Trd, 2591585.913, 262
Trd, 2591587.163, 253
Trd, 2591587.479, 258
Trd, 2591587.546, 261
Trd, 2591587.946, 255
Trd, 2591588.246, 252
Trd, 2591589.029, 251
Trd, 2591590.763, 248
Trd, 2591591.113, 241
Trd, 2591591.146, 249
Trd, 2591592.479, 246
Trd, 2591594.263, 240
Trd, 2591595.663, 239
Trd, 2591595.929, 242
Trd, 2591597.429, 240
Trd, 2591597.979, 241
Trd, 2591599.463, 241
Trd, 2591599.729, 242
Trd, 2591599.746, 237
Trd, 2591600.279, 248
Trd, 2591600.829, 235
Trd, 2591601.146, 241
Trd, 2591601.229, 242
Trd, 2591601.763, 251
Trd, 2591602.513, 237
Trd, 2591605.913, 247
Trd, 2591606.229, 244
Trd, 2591606.663, 246
Trd, 2591607.429, 251
Trd, 2591607.663, 251
Trd, 2591608.513, 251
Trd, 2591609.229, 258
Trd, 2591610.229, 254
Trd, 2591610.896, 251
Trd, 2591611.296, 243
Trd, 2591612.046, 250
Trd, 2591612.113, 252
Trd, 2591612.846, 256
Trd, 2591615.463, 252
Trd, 2591616.679, 245
Trd, 2591616.713, 241
Trd, 2591617.013, 246
Trd, 2591618.129, 246
Trd, 2591618.579, 242
Trd, 2591618.596, 243
Trd, 2591618.663, 244
Trd, 2591619.013, 246
Trd, 2591619.296, 237
Trd, 2591620.529, 251
Trd, 2591621.496, 249
Trd, 2591622.263, 248
Trd, 2591622.679, 249
Trd, 2591622.813, 255
Trd, 2591623.113, 257
Trd, 2591623.629, 258
Trd, 2591625.563, 260
Trd, 2591626.213, 257
Trd, 2591627.396, 265
Trd, 2591627.513, 251
Trd, 2591628.579, 266
Trd, 2591629.263, 263
Trd, 2591629.696, 262
Trd, 2591629.829, 263
Trd, 2591630.029, 255
Trd, 2591630.879, 251
Trd, 2591630.896, 264
Trd, 2591633.246, 249
Trd, 2591633.829, 247
Trd, 2591633.879, 249
Trd, 2591635.146, 250
Trd, 2591636.746, 244
Trd, 2591637.179, 244
Trd, 2591637.413, 244
Trd, 2591638.013, 244
Trd, 2591638.346, 245
Trd, 2591638.913, 236
Trd, 2591639.063, 245
Trd, 2591639.663, 245
Trd, 2591639.813, 248
Trd, 2591639.829, 249
Trd, 2591640.379, 257
Trd, 2591643.513, 252
Trd, 2591644.313, 250
Trd, 2591645.146, 248
Trd, 2591645.713, 251
Trd, 2591645.763, 247
Trd, 2591645.929, 251
Trd, 2591646.279, 252
Trd, 2591646.346, 258
Trd, 2591647.479, 248
Trd, 2591647.813, 249
Trd, 2591651.263, 244
Trd, 2591651.513, 245
Trd, 2591651.863, 248
Trd, 2591652.463, 251
Trd, 2591653.163, 254
Trd, 2591654.463, 248
Trd, 2591654.813, 248
Trd, 2591655.379, 246
Trd, 2591655.679, 245
Trd, 2591656.996, 244
Trd, 2591657.813, 238
Trd, 2591660.529, 243
Trd, 2591661.063, 245
Trd, 2591661.296, 248
Trd, 2591661.346, 251
Trd, 2591661.513, 251
Trd, 2591661.829, 263
Trd, 2591662.663, 260
Trd, 2591663.113, 244
Trd, 2591663.446, 243
Trd, 2591664.079, 259
Trd, 2591664.179, 260
Trd, 2591665.396, 241
Trd, 2591665.646, 240
Trd, 2591665.996, 234
Trd, 2591667.213, 250
Trd, 2591667.846, 251
Trd, 2591668.629, 246
Trd, 2591669.579, 245
Trd, 2591670.079, 245
Trd, 2591670.196, 246
Trd, 2591671.179, 241
Trd, 2591671.613, 248
Trd, 2591671.663, 251
Trd, 2591672.463, 255
Trd, 2591673.996, 258
Trd, 2591674.096, 264
Trd, 2591674.313, 266
Trd, 2591676.329, 265
Trd, 2591677.179, 267
Trd, 2591677.513, 249
Trd, 2591677.546, 264
Trd, 2591678.513, 253
Trd, 2591679.329, 255
Trd, 2591679.629, 252
Trd, 2591679.863, 249
Trd, 2591680.096, 256
Trd, 2591681.379, 255
Trd, 2591682.879, 248
Trd, 2591683.446, 247
Trd, 2591683.663, 246
Trd, 2591684.229, 244
Trd, 2591684.313, 245
Trd, 2591686.096, 253
Trd, 2591686.213, 254
Trd, 2591686.463, 254
Trd, 2591687.729, 252
Trd, 2591688.363, 256
Trd, 2591689.096, 240
Trd, 2591690.463, 253
Trd, 2591690.829, 244
Trd, 2591691.063, 253
Trd, 2591692.079, 250
Trd, 2591692.396, 249
Trd, 2591692.713, 243
Trd, 2591692.963, 251
Trd, 2591694.013, 253
Trd, 2591695.846, 252
Trd, 2591696.029, 253
Trd, 2591696.846, 254
Trd, 2591696.896, 255
Trd, 2591698.813, 251
Trd, 2591700.496, 247
Trd, 2591700.763, 248
Trd, 2591701.779, 251
Trd, 2591702.279, 248
Trd, 2591702.863, 243
Trd, 2591703.346, 248
Trd, 2591704.746, 247
Trd, 2591705.363, 256
Trd, 2591705.379, 258
Trd, 2591705.513, 259
Trd, 2591706.363, 249
Trd, 2591706.663, 255
Trd, 2591708.429, 246
Trd, 2591708.529, 245
Trd, 2591708.646, 237
Trd, 2591708.979, 236
Trd, 2591709.479, 238
Trd, 2591711.346, 233
Trd, 2591711.529, 234
Trd, 2591712.179, 232
Trd, 2591712.213, 236
Trd, 2591712.596, 251
Trd, 2591712.913, 251
Trd, 2591713.529, 254
Trd, 2591713.696, 256
Trd, 2591715.513, 261
Trd, 2591715.563, 249
Trd, 2591715.996, 267
Trd, 2591716.079, 268
Trd, 2591718.129, 247
Trd, 2591718.479, 244
Trd, 2591719.646, 243
Trd, 2591720.163, 244
Trd, 2591721.079, 246
Trd, 2591721.963, 248
Trd, 2591722.446, 249
Trd, 2591722.663, 250
Trd, 2591722.879, 249
Trd, 2591724.196, 247
Trd, 2591724.329, 248
Trd, 2591724.896, 251
Trd, 2591725.613, 250
Trd, 2591726.829, 251
Trd, 2591727.029, 248
Trd, 2591727.129, 258
Trd, 2591727.579, 257
Trd, 2591728.146, 257
Trd, 2591728.296, 257
Trd, 2591729.379, 258
Trd, 2591730.013, 261
Trd, 2591730.279, 257
Trd, 2591730.663, 255
Trd, 2591732.979, 255
Trd, 2591733.413, 248
Trd, 2591734.713, 246
Trd, 2591735.263, 246
Trd, 2591735.463, 246
Trd, 2591735.713, 251
Trd, 2591736.196, 242
Trd, 2591736.229, 252
Trd, 2591736.596, 240
Trd, 2591737.513, 251
Trd, 2591738.129, 249
Trd, 2591739.329, 251
Trd, 2591740.096, 249
Trd, 2591740.196, 256
Trd, 2591740.713, 257
Trd, 2591742.129, 238
Trd, 2591744.746, 244
Trd, 2591745.013, 243
Trd, 2591745.113, 241
Trd, 2591745.363, 243
Trd, 2591745.529, 237
Trd, 2591746.496, 243
Trd, 2591747.029, 242
Trd, 2591747.063, 244
Trd, 2591747.879, 247
Trd, 2591748.546, 244
Trd, 2591748.729, 245
Trd, 2591749.496, 246
Trd, 2591750.079, 245
Trd, 2591750.629, 246
Trd, 2591750.913, 256
Trd, 2591753.813, 250
Trd, 2591755.196, 244
Trd, 2591757.329, 240
Trd, 2591757.463, 241
Trd, 2591758.713, 240
Trd, 2591758.796, 241
Trd, 2591760.546, 241
Trd, 2591760.979, 251
Trd, 2591762.046, 254
Trd, 2591762.713, 254
Trd, 2591763.546, 255
Trd, 2591764.429, 254
Trd, 2591765.296, 256
Trd, 2591765.496, 258
Trd, 2591766.246, 255
Trd, 2591766.496, 260
Trd, 2591767.429, 256
Trd, 2591768.246, 251
Trd, 2591769.579, 252
Trd, 2591769.696, 251
Trd, 2591769.796, 252
Trd, 2591772.429, 243
Trd, 2591772.446, 241
Trd, 2591772.846, 251
Trd, 2591772.879, 254
Trd, 2591773.129, 254
Trd, 2591773.713, 254
Trd, 2591774.463, 240
Trd, 2591776.696, 247
Trd, 2591777.129, 246
Trd, 2591777.279, 247
Trd, 2591777.513, 249
Trd, 2591777.763, 250
Trd, 2591778.346, 251
Trd, 2591779.379, 240
Trd, 2591779.646, 254
Trd, 2591779.779, 235
Trd, 2591780.179, 257
Trd, 2591782.346, 256
Trd, 2591783.296, 255
Trd, 2591783.379, 256
Trd, 2591783.413, 258
Trd, 2591783.513, 263
Trd, 2591783.929, 265
Trd, 2591784.146, 266
Trd, 2591784.429, 266
Trd, 2591784.963, 264
Trd, 2591785.296, 263
Trd, 2591786.196, 265
Trd, 2591786.579, 263
Trd, 2591788.013, 262
Trd, 2591788.329, 262
Trd, 2591788.663, 251
Trd, 2591790.696, 248
Trd, 2591791.646, 242
Trd, 2591794.246, 249
Trd, 2591794.446, 249
Trd, 2591795.063, 248
Trd, 2591795.163, 251
Trd, 2591796.013, 246
Trd, 2591797.579, 254
Trd, 2591798.763, 242
Trd, 2591800.129, 247
Trd, 2591800.679, 246
Trd, 2591801.096, 244
Trd, 2591801.163, 244
Trd, 2591801.396, 248
Trd, 2591802.213, 244
Trd, 2591802.279, 249
Trd, 2591802.363, 250
Trd, 2591804.413, 251
Trd, 2591805.413, 260
Trd, 2591806.296, 245
Trd, 2591806.529, 256
Trd, 2591807.079, 255
Trd, 2591807.146, 246
Trd, 2591807.229, 245
Trd, 2591808.746, 258
Trd, 2591808.846, 259
Trd, 2591809.746, 244
Trd, 2591809.763, 262
Trd, 2591811.463, 261
Trd, 2591812.163, 262
Trd, 2591813.796, 262
Trd, 2591814.563, 255
Trd, 2591815.863, 241
Trd, 2591816.263, 240
Trd, 2591816.729, 239
Trd, 2591816.879, 238
Trd, 2591817.563, 237
Trd, 2591817.579, 238
Trd, 2591817.829, 239
Trd, 2591818.229, 248
Trd, 2591818.396, 248
Trd, 2591819.046, 241
Trd, 2591819.729, 252
Trd, 2591820.013, 258
Trd, 2591821.479, 255
Trd, 2591822.629, 255
Trd, 2591823.496, 255
Trd, 2591824.329, 253
Trd, 2591824.646, 253
Trd, 2591824.679, 254
Trd, 2591825.013, 251
Trd, 2591825.363, 242
Trd, 2591827.579, 250
Trd, 2591827.963, 253
Trd, 2591828.496, 247
Trd, 2591828.513, 255
Trd, 2591830.396, 233
Trd, 2591831.863, 237
Trd, 2591832.196, 246
Trd, 2591833.313, 242
Trd, 2591833.663, 244
Trd, 2591833.729, 245
Trd, 2591834.446, 248
Trd, 2591834.579, 249
Trd, 2591834.863, 243
Trd, 2591835.246, 251
Trd, 2591836.896, 251
Trd, 2591838.446, 250
Trd, 2591838.463, 249
Trd, 2591838.729, 251
Trd, 2591841.013, 246
Trd, 2591841.279, 254
Trd, 2591841.729, 245
Trd, 2591842.379, 246
Trd, 2591842.446, 255
Trd, 2591842.696, 241
Trd, 2591843.163, 237
Trd, 2591844.179, 253
Trd, 2591844.246, 254
Trd, 2591844.429, 256
Trd, 2591844.896, 233
Trd, 2591845.996, 257
Trd, 2591846.613, 245
Trd, 2591847.429, 256
Trd, 2591847.729, 256
Trd, 2591848.813, 244
Trd, 2591850.063, 246
Trd, 2591851.479, 255
Trd, 2591852.046, 256
Trd, 2591852.979, 258
Trd, 2591853.396, 264
Trd, 2591854.729, 255
Trd, 2591854.846, 253
Trd, 2591855.079, 252
Trd, 2591855.879, 251
Trd, 2591856.013, 256
Trd, 2591856.096, 260
Trd, 2591858.096, 253
Trd, 2591858.629, 253
Trd, 2591858.879, 254
Trd, 2591859.546, 258
Trd, 2591859.646, 257
Trd, 2591861.263, 255
Trd, 2591861.746, 251
Trd, 2591861.929, 244
Trd, 2591862.163, 252
Trd, 2591863.529, 246
Trd, 2591863.596, 247
Trd, 2591863.896, 248
Trd, 2591864.329, 250
Trd, 2591864.746, 252
Trd, 2591865.979, 257
Trd, 2591867.213, 255
Trd, 2591867.846, 251
Trd, 2591867.913, 253
Trd, 2591868.529, 255
Trd, 2591869.463, 257
Trd, 2591870.979, 256
Trd, 2591871.363, 247
Trd, 2591873.129, 238
Trd, 2591873.346, 237
Trd, 2591873.879, 252
Trd, 2591875.113, 256
Trd, 2591875.213, 251
Trd, 2591875.496, 258
Trd, 2591876.779, 248
Trd, 2591877.746, 241
Trd, 2591877.846, 251
Trd, 2591879.663, 248
Trd, 2591880.679, 245
Trd, 2591880.879, 246
Trd, 2591881.213, 247
Trd, 2591882.646, 247
Trd, 2591882.896, 250
Trd, 2591883.246, 244
Trd, 2591883.529, 251
Trd, 2591884.479, 246
Trd, 2591884.813, 255
Trd, 2591886.729, 253
Trd, 2591886.996, 251
Trd, 2591887.013, 253
Trd, 2591887.029, 250
Trd, 2591887.813, 237
Trd, 2591888.363, 248
Trd, 2591888.846, 248
Trd, 2591890.313, 243
Trd, 2591892.229, 242
Trd, 2591892.363, 243
Trd, 2591892.379, 251
Trd, 2591892.746, 252
Trd, 2591892.813, 258
Trd, 2591892.963, 258
Trd, 2591894.196, 257
Trd, 2591895.946, 252
Trd, 2591897.013, 248
Trd, 2591897.179, 248
Trd, 2591897.263, 244
Trd, 2591897.563, 248
Trd, 2591898.029, 253
Trd, 2591898.829, 240
Trd, 2591899.046, 234
Trd, 2591899.229, 257
Trd, 2591899.579, 257
Trd, 2591899.863, 258
Trd, 2591901.196, 250
Trd, 2591902.313, 249
Trd, 2591903.429, 254
Trd, 2591904.746, 253
Trd, 2591905.429, 251
Trd, 2591905.763, 255
Trd, 2591906.696, 252
Trd, 2591907.279, 251
Trd, 2591908.846, 258
Trd, 2591909.429, 252
Trd, 2591911.079, 253
Trd, 2591911.496, 255
Trd, 2591911.579, 255
Trd, 2591912.329, 246
Trd, 2591912.563, 245
Trd, 2591913.846, 253
Trd, 2591914.163, 255
Trd, 2591914.529, 247
Trd, 2591916.029, 251
Trd, 2591916.046, 252
Trd, 2591916.679, 255
Trd, 2591919.196, 256
Trd, 2591919.929, 255
Trd, 2591921.379, 238
Trd, 2591921.529, 238
Trd, 2591922.563, 244
Trd, 2591922.796, 241
Trd, 2591923.363, 245
Trd, 2591923.379, 248
Trd, 2591923.429, 249
Trd, 2591924.446, 254
Trd, 2591924.479, 256
Trd, 2591926.679, 247
Trd, 2591927.629, 250
Trd, 2591927.763, 249
Trd, 2591928.163, 247
Trd, 2591928.813, 244
Trd, 2591929.013, 250
Trd, 2591930.196, 250
Trd, 2591930.579, 251
Trd, 2591930.946, 245
Trd, 2591930.963, 257
Trd, 2591932.229, 260
Trd, 2591932.613, 242
Trd, 2591933.346, 261
Trd, 2591934.329, 258
Trd, 2591934.729, 258
Trd, 2591934.779, 259
Trd, 2591935.996, 258
Trd, 2591936.329, 262
Trd, 2591937.796, 252
Trd, 2591938.363, 262
Trd, 2591939.079, 253
Trd, 2591939.746, 263
Trd, 2591941.246, 252
Trd, 2591941.429, 251
Trd, 2591943.029, 249
Trd, 2591943.113, 250
Trd, 2591943.129, 240
Trd, 2591944.313, 245
Trd, 2591944.963, 243
Trd, 2591945.129, 244
Trd, 2591945.263, 248
Trd, 2591945.446, 237
Trd, 2591945.879, 233
Trd, 2591946.379, 251
Trd, 2591947.363, 248
Trd, 2591947.863, 227
Trd, 2591948.413, 264
Trd, 2591950.963, 255
Trd, 2591951.596, 260
Trd, 2591952.496, 253
Trd, 2591953.046, 257
Trd, 2591953.679, 256
Trd, 2591953.779, 255
Trd, 2591953.946, 254
Trd, 2591955.729, 251
Trd, 2591957.063, 246
Trd, 2591957.213, 247
Trd, 2591957.896, 246
Trd, 2591958.096, 244
Trd, 2591958.596, 246
Trd, 2591959.796, 247
Trd, 2591960.396, 243
Trd, 2591960.679, 250
Trd, 2591960.729, 251
Trd, 2591961.013, 253
Trd, 2591961.063, 254
Trd, 2591962.496, 255
Trd, 2591964.179, 257
Trd, 2591964.696, 250
Trd, 2591964.846, 243
Trd, 2591965.613, 243
Trd, 2591966.529, 251
Trd, 2591966.963, 248
Trd, 2591967.729, 250
Trd, 2591968.229, 249
Trd, 2591969.546, 246
Trd, 2591969.713, 248
Trd, 2591972.079, 238
Trd, 2591972.096, 242
Trd, 2591972.396, 245
Trd, 2591972.896, 248
Trd, 2591973.546, 249
Trd, 2591973.863, 251
Trd, 2591973.963, 258
Trd, 2591974.479, 255
Trd, 2591975.646, 243
Trd, 2591976.113, 255
Trd, 2591976.813, 257
Trd, 2591977.696, 254
Trd, 2591978.629, 255
Trd, 2591978.763, 255
Trd, 2591979.529, 255
Trd, 2591980.379, 254
Trd, 2591980.646, 244
Trd, 2591981.846, 252
Trd, 2591982.129, 238
Trd, 2591983.013, 253
Trd, 2591984.879, 257
Trd, 2591985.546, 258
Trd, 2591986.179, 257
Trd, 2591986.563, 258
Trd, 2591987.163, 262
Trd, 2591987.563, 247
Trd, 2591988.746, 248
Trd, 2591989.813, 263
Trd, 2591991.263, 253
Trd, 2591991.563, 253
Trd, 2591991.763, 246
Trd, 2591992.913, 247
Trd, 2591992.929, 248
Trd, 2591993.379, 249
Trd, 2591994.229, 249
Trd, 2591994.396, 243
Trd, 2591994.546, 243
Trd, 2591995.129, 242
Trd, 2591995.163, 244
Trd, 2591995.779, 251
Trd, 2591996.146, 241
Trd, 2591997.996, 254
