Trd, 2590672.213, 252
Trd, 2590672.229, 257
Trd, 2590672.346, 254
Trd, 2590673.663, 256
Trd, 2590673.746, 262
Trd, 2590674.129, 251
Trd, 2590675.029, 264
Trd, 2590675.396, 243
Trd, 2590677.496, 250
Trd, 2590678.029, 243
Trd, 2590678.113, 241
Trd, 2590678.879, 238
Trd, 2590679.413, 245
Trd, 2590680.163, 245
Trd, 2590680.579, 246
Trd, 2590682.063, 242
Trd, 2590682.213, 256
Trd, 2590683.263, 255
Trd, 2590683.979, 262
Trd, 2590684.196, 241
Trd, 2590685.179, 234
Trd, 2590685.613, 247
Trd, 2590685.829, 257
Trd, 2590686.863, 255
Trd, 2590687.379, 256
Trd, 2590687.813, 238
Trd, 2590689.929, 241
Trd, 2590690.913, 251
Trd, 2590691.379, 250
Trd, 2590691.479, 249
Trd, 2590692.046, 249
Trd, 2590692.379, 249
Trd, 2590692.546, 250
Trd, 2590692.563, 251
Trd, 2590693.163, 252
Trd, 2590694.679, 249
Trd, 2590695.796, 251
Trd, 2590696.596, 254
Trd, 2590696.963, 255
Trd, 2590697.063, 250
Trd, 2590698.013, 242
Trd, 2590699.346, 244
Trd, 2590700.213, 241
Trd, 2590700.696, 234
Trd, 2590700.896, 232
Trd, 2590701.413, 237
Trd, 2590701.796, 237
Trd, 2590702.513, 237
Trd, 2590702.879, 248
Trd, 2590703.763, 237
Trd, 2590703.813, 231
Trd, 2590705.596, 244
Trd, 2590705.896, 246
Trd, 2590706.829, 252
Trd, 2590708.829, 249
Trd, 2590709.063, 245
Trd, 2590709.329, 242
Trd, 2590710.346, 246
Trd, 2590711.513, 246
Trd, 2590712.229, 242
Trd, 2590713.346, 243
Trd, 2590713.396, 244
Trd, 2590713.496, 248
Trd, 2590713.896, 242
Trd, 2590715.046, 242
Trd, 2590715.296, 241
Trd, 2590715.813, 246
Trd, 2590716.079, 245
Trd, 2590716.113, 244
Trd, 2590716.446, 238
Trd, 2590719.646, 247
Trd, 2590720.396, 251
Trd, 2590720.979, 249
Trd, 2590721.546, 253
Trd, 2590721.779, 257
Trd, 2590722.129, 255
Trd, 2590722.446, 252
Trd, 2590722.563, 251
Trd, 2590723.063, 250
Trd, 2590724.429, 255
Trd, 2590724.996, 244
Trd, 2590726.946, 245
Trd, 2590727.963, 245
Trd, 2590728.313, 246
Trd, 2590728.479, 245
Trd, 2590729.063, 251
Trd, 2590729.329, 245
Trd, 2590729.763, 242
Trd, 2590729.913, 256
Trd, 2590730.396, 240
Trd, 2590730.496, 236
Trd, 2590731.596, 235
Trd, 2590732.196, 248
Trd, 2590732.863, 252
Trd, 2590733.113, 258
Trd, 2590733.329, 256
Trd, 2590733.379, 265
Trd, 2590735.413, 249
Trd, 2590738.346, 240
Trd, 2590738.363, 244
Trd, 2590738.446, 246
Trd, 2590738.946, 239
Trd, 2590739.329, 247
Trd, 2590741.163, 252
Trd, 2590741.346, 251
Trd, 2590741.796, 250
Trd, 2590742.213, 251
Trd, 2590742.229, 249
Trd, 2590742.996, 255
Trd, 2590744.296, 256
Trd, 2590744.846, 256
Trd, 2590744.946, 249
Trd, 2590745.763, 253
Trd, 2590745.896, 247
Trd, 2590747.296, 247
Trd, 2590747.429, 243
Trd, 2590748.196, 241
Trd, 2590748.529, 231
Trd, 2590749.946, 245
Trd, 2590750.063, 236
Trd, 2590750.379, 246
Trd, 2590752.913, 251
Trd, 2590753.129, 249
Trd, 2590753.763, 246
Trd, 2590754.063, 248
Trd, 2590754.913, 246
Trd, 2590755.246, 245
Trd, 2590755.696, 248
Trd, 2590756.246, 243
Trd, 2590756.429, 239
Trd, 2590757.096, 251
Trd, 2590757.129, 255
Trd, 2590758.546, 257
Trd, 2590759.129, 258
Trd, 2590759.263, 257
Trd, 2590759.779, 246
Trd, 2590761.029, 262
Trd, 2590763.713, 255
Trd, 2590763.846, 259
Trd, 2590763.863, 254
Trd, 2590764.929, 251
Trd, 2590765.746, 247
Trd, 2590765.963, 256
Trd, 2590766.746, 250
Trd, 2590766.929, 247
Trd, 2590767.379, 250
Trd, 2590768.479, 243
Trd, 2590768.529, 242
Trd, 2590768.896, 249
Trd, 2590770.029, 254
Trd, 2590770.229, 252
Trd, 2590770.263, 256
Trd, 2590770.813, 251
Trd, 2590772.713, 241
Trd, 2590773.429, 240
Trd, 2590773.863, 253
Trd, 2590774.263, 241
Trd, 2590774.913, 241
Trd, 2590775.046, 242
Trd, 2590775.329, 247
Trd, 2590775.679, 248
Trd, 2590775.963, 239
Trd, 2590776.646, 239
Trd, 2590779.963, 247
Trd, 2590780.129, 244
Trd, 2590781.063, 238
Trd, 2590781.163, 241
Trd, 2590781.646, 245
Trd, 2590782.313, 238
Trd, 2590783.113, 238
Trd, 2590783.346, 253
Trd, 2590785.346, 247
Trd, 2590786.896, 250
Trd, 2590788.263, 249
Trd, 2590788.813, 253
Trd, 2590789.029, 246
Trd, 2590789.363, 245
Trd, 2590790.313, 248
Trd, 2590790.679, 249
Trd, 2590791.263, 245
Trd, 2590791.896, 241
Trd, 2590792.613, 242
Trd, 2590793.496, 246
Trd, 2590793.529, 246
Trd, 2590794.079, 246
Trd, 2590794.513, 245
Trd, 2590794.763, 244
Trd, 2590796.563, 241
Trd, 2590796.713, 241
Trd, 2590797.013, 243
Trd, 2590798.096, 255
Trd, 2590798.396, 240
Trd, 2590798.579, 256
Trd, 2590799.479, 247
Trd, 2590800.646, 255
Trd, 2590800.729, 234
Trd, 2590801.829, 237
Trd, 2590802.663, 255
Trd, 2590803.213, 256
Trd, 2590803.313, 254
Trd, 2590803.429, 249
Trd, 2590804.346, 247
Trd, 2590804.613, 257
Trd, 2590805.096, 258
Trd, 2590805.329, 262
Trd, 2590806.429, 249
Trd, 2590806.513, 246
Trd, 2590808.479, 248
Trd, 2590809.196, 251
Trd, 2590810.546, 255
Trd, 2590810.646, 248
Trd, 2590811.579, 258
Trd, 2590812.179, 247
Trd, 2590812.946, 241
Trd, 2590813.896, 247
Trd, 2590814.496, 246
Trd, 2590815.196, 251
Trd, 2590815.729, 249
Trd, 2590815.779, 245
Trd, 2590816.629, 244
Trd, 2590817.829, 242
Trd, 2590818.879, 244
Trd, 2590819.179, 249
Trd, 2590820.029, 255
Trd, 2590820.913, 242
Trd, 2590820.979, 243
Trd, 2590821.229, 241
Trd, 2590821.429, 240
Trd, 2590822.096, 239
Trd, 2590822.113, 258
Trd, 2590823.246, 265
Trd, 2590824.813, 241
Trd, 2590825.663, 253
Trd, 2590825.746, 242
Trd, 2590826.063, 243
Trd, 2590826.696, 248
Trd, 2590827.313, 251
Trd, 2590828.963, 251
Trd, 2590829.113, 251
Trd, 2590829.946, 255
Trd, 2590829.996, 247
Trd, 2590830.563, 257
Trd, 2590830.929, 248
Trd, 2590831.146, 254
Trd, 2590831.696, 243
Trd, 2590831.846, 261
Trd, 2590833.029, 263
Trd, 2590834.196, 270
Trd, 2590835.379, 244
Trd, 2590835.546, 248
Trd, 2590836.846, 243
Trd, 2590836.946, 255
Trd, 2590837.463, 244
Trd, 2590838.113, 240
Trd, 2590838.579, 238
Trd, 2590838.646, 260
Trd, 2590840.029, 245
Trd, 2590841.313, 259
Trd, 2590842.296, 257
Trd, 2590842.579, 256
Trd, 2590842.863, 257
Trd, 2590843.663, 255
Trd, 2590843.879, 256
Trd, 2590844.146, 247
Trd, 2590844.813, 237
Trd, 2590846.629, 241
Trd, 2590846.796, 247
Trd, 2590846.879, 251
Trd, 2590847.329, 255
Trd, 2590849.329, 244
Trd, 2590849.646, 236
Trd, 2590851.563, 242
Trd, 2590852.063, 250
Trd, 2590852.763, 250
Trd, 2590852.946, 251
Trd, 2590852.963, 237
Trd, 2590853.529, 241
Trd, 2590853.713, 234
Trd, 2590854.496, 236
Trd, 2590855.579, 245
Trd, 2590856.296, 247
Trd, 2590856.929, 241
Trd, 2590857.896, 244
Trd, 2590858.329, 247
Trd, 2590859.879, 248
Trd, 2590860.663, 252
Trd, 2590860.846, 251
Trd, 2590862.079, 252
Trd, 2590862.196, 251
Trd, 2590862.496, 249
Trd, 2590863.163, 253
Trd, 2590864.279, 246
Trd, 2590865.413, 251
Trd, 2590866.513, 247
Trd, 2590866.946, 244
Trd, 2590868.029, 251
Trd, 2590868.313, 255
Trd, 2590868.863, 253
Trd, 2590869.129, 253
Trd, 2590870.429, 261
Trd, 2590870.563, 265
Trd, 2590870.763, 260
Trd, 2590871.213, 262
Trd, 2590871.263, 261
Trd, 2590872.346, 261
Trd, 2590872.913, 265
Trd, 2590872.979, 268
Trd, 2590873.229, 259
Trd, 2590874.196, 251
Trd, 2590874.596, 241
Trd, 2590874.646, 237
Trd, 2590875.446, 237
Trd, 2590876.629, 251
Trd, 2590877.096, 252
Trd, 2590877.179, 253
Trd, 2590877.196, 238
Trd, 2590877.696, 235
Trd, 2590878.363, 248
Trd, 2590881.679, 242
Trd, 2590882.246, 240
Trd, 2590882.329, 241
Trd, 2590882.613, 239
Trd, 2590883.463, 252
Trd, 2590884.229, 244
Trd, 2590884.446, 256
Trd, 2590885.663, 245
Trd, 2590885.929, 249
Trd, 2590886.229, 245
Trd, 2590887.529, 255
Trd, 2590887.546, 253
Trd, 2590888.996, 255
Trd, 2590889.113, 251
Trd, 2590890.046, 252
Trd, 2590890.896, 252
Trd, 2590891.346, 249
Trd, 2590892.079, 239
Trd, 2590892.496, 246
Trd, 2590892.713, 248
Trd, 2590893.196, 248
Trd, 2590893.596, 256
Trd, 2590895.213, 255
Trd, 2590896.163, 256
Trd, 2590896.829, 257
Trd, 2590897.329, 254
Trd, 2590897.379, 255
Trd, 2590898.013, 255
Trd, 2590898.696, 252
Trd, 2590899.479, 248
Trd, 2590899.796, 244
Trd, 2590900.113, 256
Trd, 2590900.246, 258
Trd, 2590901.729, 242
Trd, 2590903.796, 244
Trd, 2590904.313, 249
Trd, 2590905.113, 243
Trd, 2590905.729, 255
Trd, 2590906.096, 262
Trd, 2590906.496, 246
Trd, 2590906.729, 245
Trd, 2590907.129, 265
Trd, 2590907.613, 245
Trd, 2590908.696, 253
Trd, 2590909.063, 243
Trd, 2590909.563, 249
Trd, 2590909.629, 244
Trd, 2590910.263, 241
Trd, 2590910.496, 236
Trd, 2590913.363, 237
Trd, 2590913.596, 237
Trd, 2590913.613, 242
Trd, 2590914.296, 236
Trd, 2590914.463, 248
Trd, 2590914.963, 250
Trd, 2590915.129, 235
Trd, 2590915.279, 251
Trd, 2590915.979, 234
Trd, 2590916.429, 256
Trd, 2590916.696, 233
Trd, 2590917.029, 256
Trd, 2590919.163, 255
Trd, 2590919.563, 254
Trd, 2590919.946, 251
Trd, 2590920.096, 241
Trd, 2590922.413, 252
Trd, 2590922.446, 255
Trd, 2590922.746, 241
Trd, 2590922.779, 258
Trd, 2590923.679, 238
Trd, 2590923.829, 250
Trd, 2590924.829, 240
Trd, 2590926.029, 260
Trd, 2590927.796, 249
Trd, 2590928.196, 248
Trd, 2590928.313, 245
Trd, 2590929.313, 241
Trd, 2590929.879, 241
Trd, 2590930.796, 239
Trd, 2590930.879, 237
Trd, 2590931.129, 240
Trd, 2590931.346, 242
Trd, 2590932.213, 244
Trd, 2590933.646, 250
Trd, 2590934.496, 250
Trd, 2590935.579, 247
Trd, 2590936.346, 251
Trd, 2590936.379, 250
Trd, 2590936.563, 250
Trd, 2590936.763, 249
Trd, 2590937.096, 241
Trd, 2590937.313, 237
Trd, 2590938.379, 243
Trd, 2590938.513, 247
Trd, 2590939.946, 248
Trd, 2590940.479, 249
Trd, 2590941.029, 248
Trd, 2590941.246, 257
Trd, 2590943.813, 255
Trd, 2590944.029, 242
Trd, 2590944.546, 231
Trd, 2590944.829, 233
Trd, 2590946.229, 256
Trd, 2590947.446, 253
Trd, 2590947.813, 246
Trd, 2590949.179, 245
Trd, 2590949.846, 247
Trd, 2590949.946, 247
Trd, 2590950.063, 250
Trd, 2590950.096, 251
Trd, 2590950.463, 247
Trd, 2590950.629, 243
Trd, 2590952.113, 254
Trd, 2590953.129, 255
Trd, 2590953.813, 255
Trd, 2590953.846, 254
Trd, 2590954.029, 252
Trd, 2590955.746, 252
Trd, 2590956.863, 247
Trd, 2590957.246, 246
Trd, 2590957.396, 247
Trd, 2590959.446, 243
Trd, 2590959.729, 245
Trd, 2590959.863, 246
Trd, 2590959.913, 247
Trd, 2590960.179, 248
Trd, 2590960.796, 243
Trd, 2590960.829, 241
Trd, 2590961.063, 237
Trd, 2590963.196, 254
Trd, 2590964.129, 255
Trd, 2590964.363, 239
Trd, 2590965.013, 250
Trd, 2590966.079, 254
Trd, 2590966.829, 257
Trd, 2590967.063, 258
Trd, 2590967.296, 250
Trd, 2590967.713, 242
Trd, 2590968.446, 256
Trd, 2590968.563, 239
Trd, 2590969.029, 239
Trd, 2590970.296, 249
Trd, 2590970.413, 254
Trd, 2590972.263, 246
Trd, 2590972.646, 247
Trd, 2590973.379, 248
Trd, 2590973.779, 246
Trd, 2590974.363, 242
Trd, 2590974.946, 235
Trd, 2590975.646, 235
Trd, 2590975.763, 240
Trd, 2590976.363, 240
Trd, 2590977.579, 241
Trd, 2590978.129, 241
Trd, 2590979.279, 241
Trd, 2590979.963, 242
Trd, 2590980.296, 240
Trd, 2590980.729, 248
Trd, 2590981.546, 250
Trd, 2590982.963, 242
Trd, 2590984.629, 251
Trd, 2590985.713, 241
Trd, 2590985.946, 254
Trd, 2590986.196, 242
Trd, 2590987.946, 252
Trd, 2590989.163, 252
Trd, 2590989.179, 262
Trd, 2590989.529, 250
Trd, 2590989.979, 254
Trd, 2590990.229, 242
Trd, 2590991.263, 249
Trd, 2590991.463, 243
Trd, 2590991.529, 240
Trd, 2590991.663, 250
Trd, 2590992.129, 243
Trd, 2590993.513, 245
Trd, 2590994.579, 250
Trd, 2590995.496, 247
Trd, 2590995.813, 247
Trd, 2590995.913, 246
Trd, 2590996.763, 248
Trd, 2590996.996, 255
Trd, 2590997.196, 258
Trd, 2590997.579, 247
Trd, 2590997.696, 246
Trd, 2590999.279, 255
Trd, 2591001.879, 246
Trd, 2591002.829, 244
Trd, 2591003.313, 240
Trd, 2591003.329, 246
Trd, 2591003.929, 240
Trd, 2591004.046, 236
Trd, 2591005.063, 241
Trd, 2591005.079, 242
Trd, 2591006.629, 242
Trd, 2591006.996, 251
Trd, 2591007.546, 235
Trd, 2591007.663, 255
Trd, 2591007.829, 262
Trd, 2591009.363, 252
Trd, 2591010.329, 245
Trd, 2591010.413, 257
Trd, 2591011.246, 251
Trd, 2591011.613, 255
Trd, 2591012.463, 254
Trd, 2591012.963, 255
Trd, 2591012.996, 254
Trd, 2591013.996, 252
Trd, 2591014.796, 252
Trd, 2591015.063, 252
Trd, 2591015.079, 251
Trd, 2591015.096, 244
Trd, 2591015.546, 239
Trd, 2591015.746, 237
Trd, 2591016.429, 253
Trd, 2591017.313, 251
Trd, 2591017.763, 254
Trd, 2591018.579, 253
Trd, 2591019.029, 251
Trd, 2591019.846, 253
Trd, 2591020.713, 252
Trd, 2591021.229, 255
Trd, 2591022.746, 252
Trd, 2591022.813, 253
Trd, 2591023.113, 255
Trd, 2591024.079, 258
Trd, 2591025.763, 260
Trd, 2591026.346, 254
Trd, 2591028.346, 254
Trd, 2591028.546, 253
Trd, 2591028.913, 260
Trd, 2591028.946, 260
Trd, 2591030.046, 250
Trd, 2591030.496, 253
Trd, 2591031.063, 244
Trd, 2591032.413, 246
Trd, 2591032.463, 239
Trd, 2591032.479, 237
Trd, 2591033.096, 245
Trd, 2591033.246, 245
Trd, 2591034.846, 239
Trd, 2591035.246, 244
Trd, 2591036.096, 243
Trd, 2591036.179, 248
Trd, 2591036.346, 243
Trd, 2591036.979, 243
Trd, 2591037.129, 257
Trd, 2591037.713, 258
Trd, 2591038.129, 248
Trd, 2591039.929, 239
Trd, 2591040.346, 255
Trd, 2591041.179, 236
Trd, 2591041.729, 235
Trd, 2591043.013, 251
Trd, 2591043.579, 237
Trd, 2591044.029, 243
Trd, 2591045.046, 244
Trd, 2591046.813, 249
Trd, 2591047.579, 245
Trd, 2591047.646, 244
Trd, 2591048.863, 241
Trd, 2591050.296, 246
Trd, 2591050.413, 247
Trd, 2591050.696, 252
Trd, 2591050.713, 244
Trd, 2591051.263, 255
Trd, 2591051.546, 255
Trd, 2591051.846, 255
Trd, 2591052.429, 257
Trd, 2591053.246, 241
Trd, 2591053.813, 255
Trd, 2591054.596, 259
Trd, 2591056.146, 258
Trd, 2591056.546, 256
Trd, 2591057.013, 255
Trd, 2591057.513, 254
Trd, 2591058.779, 251
Trd, 2591059.529, 250
Trd, 2591060.063, 250
Trd, 2591060.096, 239
Trd, 2591060.296, 262
Trd, 2591060.346, 265
Trd, 2591060.829, 241
Trd, 2591061.613, 237
Trd, 2591062.429, 240
Trd, 2591062.779, 240
Trd, 2591063.629, 242
Trd, 2591064.079, 242
Trd, 2591064.346, 248
Trd, 2591064.396, 238
Trd, 2591065.513, 251
Trd, 2591065.829, 272
Trd, 2591067.046, 251
Trd, 2591067.346, 250
Trd, 2591067.963, 247
Trd, 2591069.629, 252
Trd, 2591069.929, 251
Trd, 2591071.113, 236
Trd, 2591071.529, 247
Trd, 2591071.579, 248
Trd, 2591072.363, 244
Trd, 2591072.529, 239
Trd, 2591074.946, 236
Trd, 2591075.546, 246
Trd, 2591076.829, 243
Trd, 2591077.346, 243
Trd, 2591077.979, 243
Trd, 2591078.146, 247
Trd, 2591079.429, 241
Trd, 2591080.113, 241
Trd, 2591081.396, 248
Trd, 2591082.896, 248
Trd, 2591083.329, 248
Trd, 2591083.363, 247
Trd, 2591083.579, 251
Trd, 2591083.596, 258
Trd, 2591083.879, 262
Trd, 2591084.129, 243
Trd, 2591085.813, 246
Trd, 2591085.963, 236
Trd, 2591087.729, 234
Trd, 2591088.379, 247
Trd, 2591089.796, 242
Trd, 2591090.146, 241
Trd, 2591090.663, 240
Trd, 2591090.846, 248
Trd, 2591092.396, 244
Trd, 2591092.979, 254
Trd, 2591093.363, 241
Trd, 2591093.379, 256
Trd, 2591094.096, 247
Trd, 2591094.363, 247
Trd, 2591096.246, 252
Trd, 2591096.379, 254
Trd, 2591096.896, 252
Trd, 2591097.463, 257
Trd, 2591098.446, 253
Trd, 2591098.579, 254
Trd, 2591098.846, 254
Trd, 2591099.013, 251
Trd, 2591099.246, 252
Trd, 2591099.546, 253
Trd, 2591101.129, 254
Trd, 2591102.013, 242
Trd, 2591103.113, 256
Trd, 2591103.213, 255
Trd, 2591103.663, 244
Trd, 2591104.229, 258
Trd, 2591104.263, 243
Trd, 2591105.963, 245
Trd, 2591106.729, 244
Trd, 2591106.846, 249
Trd, 2591108.329, 242
Trd, 2591108.479, 241
Trd, 2591109.429, 240
Trd, 2591109.963, 238
Trd, 2591111.446, 241
Trd, 2591111.529, 251
Trd, 2591112.546, 244
Trd, 2591113.013, 248
Trd, 2591113.146, 242
Trd, 2591113.446, 248
Trd, 2591114.046, 241
Trd, 2591114.129, 240
Trd, 2591114.963, 242
Trd, 2591115.263, 242
Trd, 2591116.279, 243
Trd, 2591117.679, 246
Trd, 2591117.779, 250
Trd, 2591118.979, 247
Trd, 2591119.129, 246
Trd, 2591119.196, 243
Trd, 2591119.279, 251
Trd, 2591120.213, 255
Trd, 2591122.263, 241
Trd, 2591122.313, 240
Trd, 2591122.713, 247
Trd, 2591123.746, 248
Trd, 2591124.279, 236
Trd, 2591125.463, 241
Trd, 2591125.513, 236
Trd, 2591126.179, 241
Trd, 2591126.279, 238
Trd, 2591127.363, 241
Trd, 2591127.729, 242
Trd, 2591127.996, 248
Trd, 2591128.779, 258
Trd, 2591129.129, 254
Trd, 2591130.863, 250
Trd, 2591131.579, 244
Trd, 2591132.879, 253
Trd, 2591133.796, 257
Trd, 2591133.896, 254
Trd, 2591134.363, 258
Trd, 2591134.379, 253
Trd, 2591134.513, 253
Trd, 2591135.546, 252
Trd, 2591136.913, 262
Trd, 2591137.146, 256
Trd, 2591137.213, 243
Trd, 2591138.713, 242
Trd, 2591139.546, 256
Trd, 2591141.763, 254
Trd, 2591142.596, 254
Trd, 2591142.663, 251
Trd, 2591142.813, 240
Trd, 2591143.479, 257
Trd, 2591144.213, 258
Trd, 2591144.763, 252
Trd, 2591145.579, 254
Trd, 2591146.696, 252
Trd, 2591147.129, 254
Trd, 2591148.613, 252
Trd, 2591148.963, 251
Trd, 2591149.163, 244
Trd, 2591149.296, 243
Trd, 2591149.963, 242
Trd, 2591150.363, 240
Trd, 2591151.013, 237
Trd, 2591151.696, 249
Trd, 2591152.646, 242
Trd, 2591153.629, 249
Trd, 2591153.879, 248
Trd, 2591154.613, 250
Trd, 2591154.813, 251
Trd, 2591155.263, 249
Trd, 2591156.096, 247
Trd, 2591156.629, 247
Trd, 2591157.713, 247
Trd, 2591158.146, 248
Trd, 2591159.096, 251
Trd, 2591160.213, 254
Trd, 2591160.579, 252
Trd, 2591161.046, 250
Trd, 2591161.146, 241
Trd, 2591161.646, 258
Trd, 2591162.463, 242
Trd, 2591163.279, 260
Trd, 2591164.546, 236
Trd, 2591165.646, 241
Trd, 2591166.729, 250
Trd, 2591167.096, 249
Trd, 2591168.196, 250
Trd, 2591169.746, 251
Trd, 2591170.513, 251
Trd, 2591170.796, 248
Trd, 2591171.163, 246
Trd, 2591171.246, 251
Trd, 2591172.479, 244
Trd, 2591172.713, 250
Trd, 2591173.513, 234
Trd, 2591173.763, 255
Trd, 2591174.329, 240
Trd, 2591174.613, 241
Trd, 2591174.629, 241
Trd, 2591177.196, 258
Trd, 2591178.346, 263
Trd, 2591179.113, 250
Trd, 2591179.296, 251
Trd, 2591179.429, 250
Trd, 2591180.046, 252
Trd, 2591180.246, 251
Trd, 2591180.329, 249
Trd, 2591181.446, 251
Trd, 2591182.196, 250
Trd, 2591183.496, 238
Trd, 2591183.746, 244
Trd, 2591184.529, 242
Trd, 2591184.613, 243
Trd, 2591186.113, 239
Trd, 2591186.829, 248
Trd, 2591186.863, 237
Trd, 2591187.146, 250
Trd, 2591188.229, 251
Trd, 2591188.479, 240
Trd, 2591189.029, 251
Trd, 2591189.063, 243
Trd, 2591189.379, 251
Trd, 2591189.646, 253
Trd, 2591191.146, 249
Trd, 2591192.013, 251
Trd, 2591193.563, 250
Trd, 2591193.746, 241
Trd, 2591194.496, 250
Trd, 2591194.813, 234
Trd, 2591195.213, 249
Trd, 2591195.413, 250
Trd, 2591196.913, 253
Trd, 2591198.296, 249
Trd, 2591198.546, 248
Trd, 2591199.446, 249
Trd, 2591199.679, 251
Trd, 2591201.079, 256
Trd, 2591201.496, 255
Trd, 2591201.546, 258
Trd, 2591202.446, 256
Trd, 2591202.546, 254
Trd, 2591203.146, 244
Trd, 2591203.896, 255
Trd, 2591204.229, 257
Trd, 2591204.463, 258
Trd, 2591204.629, 255
Trd, 2591207.813, 254
Trd, 2591208.763, 255
Trd, 2591209.063, 255
Trd, 2591209.879, 254
Trd, 2591209.979, 253
Trd, 2591210.096, 251
Trd, 2591210.529, 254
Trd, 2591210.763, 244
Trd, 2591210.963, 241
Trd, 2591211.046, 237
Trd, 2591212.413, 235
Trd, 2591212.513, 247
Trd, 2591214.663, 250
Trd, 2591214.696, 251
Trd, 2591215.463, 246
Trd, 2591215.613, 244
Trd, 2591215.713, 251
Trd, 2591215.996, 249
Trd, 2591216.546, 251
Trd, 2591217.446, 252
Trd, 2591218.229, 258
Trd, 2591218.596, 255
Trd, 2591219.329, 251
Trd, 2591219.746, 241
Trd, 2591220.713, 262
Trd, 2591221.863, 243
Trd, 2591222.279, 234
Trd, 2591222.829, 251
Trd, 2591223.229, 232
Trd, 2591223.579, 236
Trd, 2591224.363, 237
Trd, 2591224.579, 235
Trd, 2591224.596, 232
Trd, 2591225.363, 242
Trd, 2591226.396, 248
Trd, 2591227.329, 238
Trd, 2591229.596, 246
Trd, 2591230.496, 248
Trd, 2591230.563, 245
Trd, 2591230.646, 249
Trd, 2591230.713, 244
Trd, 2591231.246, 238
Trd, 2591231.279, 251
Trd, 2591232.363, 235
Trd, 2591233.296, 254
Trd, 2591233.596, 255
Trd, 2591233.729, 257
Trd, 2591233.996, 258
Trd, 2591234.529, 251
Trd, 2591234.813, 250
Trd, 2591236.563, 246
Trd, 2591237.229, 244
Trd, 2591238.563, 255
Trd, 2591239.463, 245
Trd, 2591239.863, 241
Trd, 2591240.996, 245
Trd, 2591241.279, 244
Trd, 2591241.513, 239
Trd, 2591241.763, 250
Trd, 2591241.779, 251
Trd, 2591242.146, 251
Trd, 2591242.729, 235
Trd, 2591244.346, 249
Trd, 2591244.779, 238
Trd, 2591245.296, 248
Trd, 2591245.379, 249
Trd, 2591246.029, 254
Trd, 2591246.046, 253
Trd, 2591246.729, 257
Trd, 2591247.496, 255
Trd, 2591247.529, 254
Trd, 2591247.746, 255
Trd, 2591248.479, 261
Trd, 2591248.679, 252
Trd, 2591248.863, 262
Trd, 2591249.463, 243
Trd, 2591252.113, 269
Trd, 2591253.329, 257
Trd, 2591254.079, 260
Trd, 2591254.546, 258
Trd, 2591254.879, 260
Trd, 2591254.996, 250
Trd, 2591256.013, 241
Trd, 2591256.179, 240
Trd, 2591256.396, 237
Trd, 2591257.446, 261
Trd, 2591258.113, 252
Trd, 2591258.596, 260
Trd, 2591260.663, 246
Trd, 2591260.979, 247
Trd, 2591261.429, 248
Trd, 2591261.763, 248
Trd, 2591262.129, 239
Trd, 2591262.679, 236
Trd, 2591263.196, 247
Trd, 2591264.013, 237
Trd, 2591264.946, 246
Trd, 2591265.196, 237
Trd, 2591265.646, 248
Trd, 2591268.513, 237
Trd, 2591269.113, 241
Trd, 2591269.513, 244
Trd, 2591270.046, 247
Trd, 2591270.079, 241
Trd, 2591271.396, 244
Trd, 2591272.079, 244
Trd, 2591272.913, 248
Trd, 2591273.413, 242
Trd, 2591274.279, 254
Trd, 2591277.246, 252
Trd, 2591277.779, 255
Trd, 2591278.179, 256
Trd, 2591278.446, 255
Trd, 2591279.029, 254
Trd, 2591279.413, 253
Trd, 2591279.529, 255
Trd, 2591280.096, 256
Trd, 2591280.179, 253
Trd, 2591280.379, 258
Trd, 2591280.446, 251
Trd, 2591280.546, 240
Trd, 2591280.879, 242
Trd, 2591281.396, 261
Trd, 2591282.029, 262
Trd, 2591283.763, 252
Trd, 2591284.696, 253
Trd, 2591284.929, 253
Trd, 2591285.013, 253
Trd, 2591285.279, 254
Trd, 2591285.296, 249
Trd, 2591286.396, 238
Trd, 2591286.679, 240
Trd, 2591287.179, 246
Trd, 2591288.429, 246
Trd, 2591289.663, 241
Trd, 2591289.796, 251
Trd, 2591291.396, 254
Trd, 2591291.546, 255
Trd, 2591292.896, 242
Trd, 2591293.629, 256
Trd, 2591293.979, 257
Trd, 2591295.379, 258
Trd, 2591295.946, 251
Trd, 2591296.079, 249
Trd, 2591296.446, 251
Trd, 2591298.296, 262
Trd, 2591300.213, 257
Trd, 2591300.296, 255
Trd, 2591300.929, 244
Trd, 2591301.596, 242
Trd, 2591302.763, 247
Trd, 2591302.963, 243
Trd, 2591303.063, 248
Trd, 2591303.646, 249
Trd, 2591303.796, 237
Trd, 2591305.496, 241
Trd, 2591305.996, 241
Trd, 2591306.396, 240
Trd, 2591306.729, 246
Trd, 2591307.229, 255
Trd, 2591307.896, 257
Trd, 2591308.196, 244
Trd, 2591309.313, 242
Trd, 2591309.796, 251
Trd, 2591310.179, 255
Trd, 2591311.113, 241
Trd, 2591311.679, 249
Trd, 2591311.829, 250
Trd, 2591312.113, 243
Trd, 2591313.429, 241
Trd, 2591313.496, 236
Trd, 2591314.179, 242
Trd, 2591314.213, 244
Trd, 2591316.429, 253
Trd, 2591316.563, 243
Trd, 2591317.579, 243
Trd, 2591318.396, 248
Trd, 2591318.596, 248
Trd, 2591318.696, 245
Trd, 2591319.446, 243
Trd, 2591320.529, 248
Trd, 2591320.913, 248
Trd, 2591322.446, 249
Trd, 2591323.746, 249
Trd, 2591325.213, 253
Trd, 2591325.613, 254
Trd, 2591326.296, 257
Trd, 2591326.646, 257
Trd, 2591326.796, 255
Trd, 2591327.296, 260
Trd, 2591327.996, 264
Trd, 2591328.129, 255
Trd, 2591329.946, 255
Trd, 2591330.379, 254
Trd, 2591331.096, 248
Trd, 2591331.113, 243
Trd, 2591331.296, 255
Trd, 2591331.813, 241
Trd, 2591332.679, 234
Trd, 2591333.663, 234
Trd, 2591333.879, 246
Trd, 2591334.513, 249
Trd, 2591334.696, 237
Trd, 2591335.263, 236
Trd, 2591336.013, 227
Trd, 2591336.713, 231
Trd, 2591337.429, 242
Trd, 2591337.713, 243
Trd, 2591339.013, 247
Trd, 2591339.046, 249
Trd, 2591339.079, 251
Trd, 2591340.863, 252
Trd, 2591341.429, 251
Trd, 2591342.513, 252
Trd, 2591343.163, 252
Trd, 2591343.513, 255
Trd, 2591343.979, 244
Trd, 2591345.163, 245
Trd, 2591345.829, 245
Trd, 2591346.046, 242
Trd, 2591348.363, 248
Trd, 2591349.179, 249
Trd, 2591349.529, 251
Trd, 2591349.663, 252
Trd, 2591350.363, 251
Trd, 2591350.396, 252
Trd, 2591350.963, 254
Trd, 2591352.779, 253
Trd, 2591353.246, 255
Trd, 2591353.479, 254
Trd, 2591353.613, 256
Trd, 2591354.046, 251
Trd, 2591354.446, 252
Trd, 2591355.063, 247
Trd, 2591355.929, 257
Trd, 2591356.096, 258
Trd, 2591357.746, 246
Trd, 2591357.913, 241
Trd, 2591358.113, 255
Trd, 2591358.763, 234
Trd, 2591359.346, 255
Trd, 2591361.563, 245
Trd, 2591361.896, 261
Trd, 2591363.746, 254
Trd, 2591363.846, 253
Trd, 2591364.196, 250
Trd, 2591364.629, 241
Trd, 2591364.979, 253
Trd, 2591366.146, 251
Trd, 2591366.329, 256
Trd, 2591366.396, 250
Trd, 2591367.546, 255
Trd, 2591367.663, 258
Trd, 2591367.696, 251
Trd, 2591369.879, 262
Trd, 2591370.596, 252
Trd, 2591371.079, 250
Trd, 2591371.429, 252
Trd, 2591372.079, 251
Trd, 2591373.063, 240
Trd, 2591373.579, 244
Trd, 2591374.113, 244
Trd, 2591374.546, 244
Trd, 2591374.946, 243
Trd, 2591375.246, 251
Trd, 2591375.613, 238
Trd, 2591377.063, 255
Trd, 2591377.779, 246
Trd, 2591378.463, 246
Trd, 2591379.446, 241
Trd, 2591379.663, 243
Trd, 2591380.213, 244
Trd, 2591380.363, 252
Trd, 2591380.479, 254
Trd, 2591381.196, 256
Trd, 2591381.929, 256
Trd, 2591382.329, 255
Trd, 2591382.696, 232
Trd, 2591382.913, 234
Trd, 2591383.913, 252
Trd, 2591384.263, 257
Trd, 2591386.496, 249
Trd, 2591386.629, 251
Trd, 2591387.979, 252
Trd, 2591388.179, 250
Trd, 2591389.179, 249
Trd, 2591389.513, 239
Trd, 2591390.179, 238
Trd, 2591390.496, 252
Trd, 2591390.679, 254
Trd, 2591393.013, 246
Trd, 2591394.179, 245
Trd, 2591394.713, 240
Trd, 2591395.413, 241
Trd, 2591395.496, 241
Trd, 2591396.646, 241
Trd, 2591396.713, 241
Trd, 2591397.013, 238
Trd, 2591397.046, 248
Trd, 2591397.129, 255
Trd, 2591398.746, 255
Trd, 2591399.763, 255
Trd, 2591399.879, 256
Trd, 2591401.663, 256
Trd, 2591402.029, 255
Trd, 2591402.279, 257
Trd, 2591402.313, 255
Trd, 2591402.946, 258
Trd, 2591402.979, 262
Trd, 2591403.246, 237
Trd, 2591403.529, 234
Trd, 2591404.246, 264
Trd, 2591405.346, 241
Trd, 2591405.396, 231
Trd, 2591405.846, 265
Trd, 2591406.129, 251
Trd, 2591408.913, 248
Trd, 2591409.813, 245
Trd, 2591409.996, 244
Trd, 2591410.279, 244
Trd, 2591410.646, 244
Trd, 2591411.029, 244
Trd, 2591411.096, 250
Trd, 2591412.446, 256
Trd, 2591412.596, 255
Trd, 2591415.346, 250
Trd, 2591415.579, 251
Trd, 2591416.063, 252
Trd, 2591417.163, 258
Trd, 2591417.413, 250
Trd, 2591417.546, 258
Trd, 2591418.046, 237
Trd, 2591418.546, 236
Trd, 2591418.746, 241
Trd, 2591418.896, 262
Trd, 2591421.113, 252
Trd, 2591421.463, 252
Trd, 2591421.513, 251
Trd, 2591422.029, 251
Trd, 2591423.696, 244
Trd, 2591424.079, 245
Trd, 2591424.096, 244
Trd, 2591424.196, 245
Trd, 2591424.296, 246
Trd, 2591425.646, 245
Trd, 2591426.179, 244
Trd, 2591426.229, 248
Trd, 2591426.779, 241
Trd, 2591427.196, 255
Trd, 2591427.229, 258
Trd, 2591429.179, 237
Trd, 2591430.813, 239
Trd, 2591431.213, 237
Trd, 2591431.313, 240
Trd, 2591431.879, 241
Trd, 2591432.863, 250
Trd, 2591433.096, 236
Trd, 2591433.196, 235
Trd, 2591433.363, 233
Trd, 2591433.746, 254
Trd, 2591434.663, 260
Trd, 2591435.279, 231
Trd, 2591435.446, 265
Trd, 2591437.463, 257
Trd, 2591437.579, 257
Trd, 2591439.196, 248
Trd, 2591440.346, 246
Trd, 2591440.829, 247
Trd, 2591440.963, 246
Trd, 2591440.996, 247
Trd, 2591441.329, 245
Trd, 2591442.296, 243
Trd, 2591442.946, 242
Trd, 2591444.446, 245
Trd, 2591444.879, 243
Trd, 2591445.713, 241
Trd, 2591446.229, 245
Trd, 2591446.479, 238
Trd, 2591447.479, 237
Trd, 2591447.613, 234
Trd, 2591448.113, 246
Trd, 2591448.863, 246
Trd, 2591449.563, 244
Trd, 2591450.196, 244
Trd, 2591451.263, 243
Trd, 2591451.413, 248
Trd, 2591451.596, 251
Trd, 2591451.979, 255
Trd, 2591452.079, 243
Trd, 2591453.113, 256
Trd, 2591453.346, 257
Trd, 2591454.629, 242
Trd, 2591454.913, 241
Trd, 2591455.196, 264
Trd, 2591456.529, 236
Trd, 2591456.946, 255
Trd, 2591457.829, 245
Trd, 2591458.579, 244
Trd, 2591459.496, 252
Trd, 2591459.563, 253
Trd, 2591459.979, 254
Trd, 2591461.046, 257
Trd, 2591462.363, 255
Trd, 2591462.746, 254
Trd, 2591463.229, 252
Trd, 2591464.196, 252
Trd, 2591464.479, 251
Trd, 2591465.696, 249
Trd, 2591466.063, 260
Trd, 2591467.029, 244
Trd, 2591467.613, 259
Trd, 2591468.296, 245
Trd, 2591469.063, 246
Trd, 2591469.946, 248
Trd, 2591470.729, 246
Trd, 2591471.196, 246
Trd, 2591471.696, 251
Trd, 2591471.796, 240
Trd, 2591471.879, 242
Trd, 2591473.029, 255
Trd, 2591473.163, 249
Trd, 2591473.579, 248
Trd, 2591475.296, 246
Trd, 2591476.029, 237
Trd, 2591476.146, 254
Trd, 2591476.796, 255
Trd, 2591476.979, 246
Trd, 2591477.096, 244
Trd, 2591477.863, 256
Trd, 2591478.579, 256
Trd, 2591478.996, 254
Trd, 2591479.329, 256
Trd, 2591479.679, 257
Trd, 2591480.279, 253
Trd, 2591482.113, 254
Trd, 2591482.129, 253
Trd, 2591482.579, 255
Trd, 2591483.679, 247
Trd, 2591485.013, 242
Trd, 2591486.813, 251
Trd, 2591487.429, 252
Trd, 2591487.796, 242
Trd, 2591487.913, 239
Trd, 2591488.396, 253
Trd, 2591488.629, 246
Trd, 2591489.029, 256
Trd, 2591489.313, 258
Trd, 2591489.363, 257
Trd, 2591489.679, 255
Trd, 2591491.563, 257
Trd, 2591492.646, 255
Trd, 2591492.813, 254
Trd, 2591493.363, 238
Trd, 2591493.729, 250
Trd, 2591494.996, 242
Trd, 2591497.063, 250
Trd, 2591497.113, 249
Trd, 2591497.396, 248
Trd, 2591497.613, 247
Trd, 2591498.246, 244
Trd, 2591500.063, 242
Trd, 2591500.179, 242
Trd, 2591500.296, 241
Trd, 2591500.313, 243
Trd, 2591501.596, 246
Trd, 2591502.213, 245
Trd, 2591502.246, 252
Trd, 2591503.813, 254
Trd, 2591503.863, 256
Trd, 2591504.463, 257
Trd, 2591505.913, 257
Trd, 2591506.546, 257
Trd, 2591507.063, 258
Trd, 2591507.179, 262
Trd, 2591507.229, 256
Trd, 2591507.979, 257
Trd, 2591508.079, 255
Trd, 2591509.146, 249
Trd, 2591509.513, 250
Trd, 2591511.429, 241
Trd, 2591511.696, 237
Trd, 2591512.429, 244
Trd, 2591513.196, 247
Trd, 2591515.579, 248
Trd, 2591516.196, 246
Trd, 2591516.396, 257
Trd, 2591517.313, 250
Trd, 2591517.463, 246
Trd, 2591518.113, 239
Trd, 2591519.063, 248
Trd, 2591520.146, 262
Trd, 2591521.063, 241
Trd, 2591522.046, 246
Trd, 2591522.263, 245
Trd, 2591522.396, 254
Trd, 2591522.546, 255
Trd, 2591523.479, 254
Trd, 2591523.546, 255
Trd, 2591524.596, 240
Trd, 2591525.196, 243
Trd, 2591525.629, 254
Trd, 2591525.863, 254
Trd, 2591526.446, 245
Trd, 2591526.546, 241
Trd, 2591527.646, 254
Trd, 2591528.846, 253
Trd, 2591529.096, 251
Trd, 2591529.546, 240
Trd, 2591529.879, 239
Trd, 2591530.646, 242
Trd, 2591531.129, 249
Trd, 2591531.146, 252
Trd, 2591531.229, 237
Trd, 2591533.179, 254
Trd, 2591533.813, 252
Trd, 2591534.813, 253
Trd, 2591535.129, 249
Trd, 2591535.446, 252
Trd, 2591535.513, 258
Trd, 2591536.846, 263
Trd, 2591536.946, 255
Trd, 2591539.063, 251
Trd, 2591540.629, 237
Trd, 2591540.879, 237
Trd, 2591541.063, 236
Trd, 2591542.163, 236
Trd, 2591542.563, 235
Trd, 2591542.663, 236
Trd, 2591542.996, 237
Trd, 2591543.479, 241
Trd, 2591544.379, 248
Trd, 2591544.779, 258
Trd, 2591545.396, 247
Trd, 2591546.213, 251
Trd, 2591546.863, 251
Trd, 2591547.046, 252
Trd, 2591547.646, 253
Trd, 2591547.896, 249
Trd, 2591548.046, 255
Trd, 2591548.813, 242
Trd, 2591550.813, 236
Trd, 2591551.396, 244
Trd, 2591551.813, 251
Trd, 2591551.963, 248
Trd, 2591552.063, 255
Trd, 2591554.379, 251
Trd, 2591554.546, 250
Trd, 2591554.713, 236
Trd, 2591554.929, 237
Trd, 2591556.179, 245
Trd, 2591557.546, 243
Trd, 2591558.113, 244
Trd, 2591558.179, 229
Trd, 2591558.696, 238
Trd, 2591559.079, 242
Trd, 2591559.429, 243
Trd, 2591559.796, 248
Trd, 2591561.179, 244
Trd, 2591561.379, 246
Trd, 2591562.363, 246
Trd, 2591562.563, 248
Trd, 2591563.979, 253
Trd, 2591564.729, 252
Trd, 2591565.779, 250
Trd, 2591566.163, 246
Trd, 2591566.446, 239
Trd, 2591568.746, 243
Trd, 2591568.946, 245
Trd, 2591569.079, 246
Trd, 2591570.063, 243
Trd, 2591570.396, 246
Trd, 2591570.596, 248
Trd, 2591571.129, 252
Trd, 2591571.613, 254
Trd, 2591571.713, 253
Trd, 2591571.846, 255
Trd, 2591572.129, 258
Trd, 2591573.579, 254
Trd, 2591574.996, 255
Trd, 2591575.363, 252
Trd, 2591576.179, 252
Trd, 2591576.346, 241
Trd, 2591576.513, 256
Trd, 2591576.796, 262
Trd, 2591577.079, 241
Trd, 2591579.446, 242
Trd, 2591579.779, 252
Trd, 2591581.029, 263
Trd, 2591581.913, 263
Trd, 2591582.063, 262
Trd, 2591582.213, 261
Trd, 2591582.313, 251
Trd, 2591583.363, 238
Trd, 2591583.463, 239
Trd, 2591583.763, 237
Trd, 2591584.446, 241
Trd, 2591585.113, 248
Trd, 2591585.896, 251
Trd, 2591586.046, 250
Trd, 2591587.379, 242
Trd, 2591587.713, 243
Trd, 2591588.446, 241
Trd, 2591588.763, 253
Trd, 2591589.413, 242
Trd, 2591589.779, 257
Trd, 2591589.946, 237
Trd, 2591590.296, 252
Trd, 2591590.913, 258
Trd, 2591591.679, 259
Trd, 2591594.046, 247
Trd, 2591594.829, 245
Trd, 2591595.913, 249
Trd, 2591596.613, 251
Trd, 2591597.029, 255
Trd, 2591598.013, 254
Trd, 2591598.179, 255
Trd, 2591598.229, 256
Trd, 2591599.279, 255
Trd, 2591599.746, 255
Trd, 2591600.646, 243
Trd, 2591601.213, 256
Trd, 2591601.429, 240
Trd, 2591602.513, 254
Trd, 2591602.696, 254
Trd, 2591603.313, 243
Trd, 2591603.613, 240
Trd, 2591603.863, 258
Trd, 2591604.479, 235
Trd, 2591605.196, 234
Trd, 2591605.613, 233
Trd, 2591606.179, 246
Trd, 2591606.829, 244
Trd, 2591607.163, 244
Trd, 2591608.479, 231
Trd, 2591608.963, 229
Trd, 2591609.063, 232
Trd, 2591609.746, 240
Trd, 2591610.096, 243
Trd, 2591611.779, 248
Trd, 2591611.863, 239
Trd, 2591612.696, 251
Trd, 2591613.713, 255
Trd, 2591614.379, 254
Trd, 2591614.929, 255
Trd, 2591615.679, 255
Trd, 2591615.979, 256
Trd, 2591616.663, 258
Trd, 2591616.946, 255
Trd, 2591617.963, 266
Trd, 2591620.046, 266
Trd, 2591620.513, 259
Trd, 2591620.629, 258
Trd, 2591621.263, 256
Trd, 2591621.846, 252
Trd, 2591622.446, 250
Trd, 2591622.463, 249
Trd, 2591623.163, 248
Trd, 2591623.396, 250
Trd, 2591624.063, 251
Trd, 2591624.696, 252
Trd, 2591626.179, 255
Trd, 2591626.246, 254
Trd, 2591626.546, 252
Trd, 2591627.113, 253
Trd, 2591627.396, 242
Trd, 2591628.813, 240
Trd, 2591629.063, 239
Trd, 2591629.346, 250
Trd, 2591629.963, 251
Trd, 2591630.179, 237
Trd, 2591631.096, 235
Trd, 2591631.246, 241
Trd, 2591632.846, 243
Trd, 2591632.929, 244
Trd, 2591634.029, 250
Trd, 2591634.079, 252
Trd, 2591634.363, 255
Trd, 2591636.179, 256
Trd, 2591636.296, 233
Trd, 2591637.029, 255
Trd, 2591638.096, 241
Trd, 2591638.329, 240
Trd, 2591638.713, 241
Trd, 2591639.579, 235
Trd, 2591640.279, 251
Trd, 2591641.429, 241
Trd, 2591641.529, 247
Trd, 2591641.779, 248
Trd, 2591641.979, 248
Trd, 2591642.279, 240
Trd, 2591643.413, 250
Trd, 2591644.379, 244
Trd, 2591646.613, 252
Trd, 2591647.529, 250
Trd, 2591649.363, 255
Trd, 2591649.429, 256
Trd, 2591650.063, 255
Trd, 2591650.263, 257
Trd, 2591650.979, 253
Trd, 2591651.463, 258
Trd, 2591651.579, 243
Trd, 2591651.746, 240
Trd, 2591651.763, 237
Trd, 2591652.329, 249
Trd, 2591653.029, 254
Trd, 2591653.913, 256
Trd, 2591654.246, 235
Trd, 2591654.279, 232
Trd, 2591656.129, 243
Trd, 2591657.946, 243
Trd, 2591658.613, 239
Trd, 2591658.713, 238
Trd, 2591658.996, 236
Trd, 2591659.463, 243
Trd, 2591660.279, 245
Trd, 2591660.763, 247
Trd, 2591660.896, 248
Trd, 2591661.529, 250
Trd, 2591661.896, 251
Trd, 2591661.946, 245
Trd, 2591663.396, 258
Trd, 2591663.546, 255
Trd, 2591663.963, 250
Trd, 2591664.496, 245
Trd, 2591665.796, 253
Trd, 2591666.213, 253
Trd, 2591666.529, 256
Trd, 2591667.196, 241
Trd, 2591668.846, 244
Trd, 2591669.846, 243
Trd, 2591670.163, 255
Trd, 2591670.379, 256
Trd, 2591671.129, 233
Trd, 2591672.529, 247
Trd, 2591672.613, 248
Trd, 2591673.163, 249
Trd, 2591673.196, 236
Trd, 2591674.179, 254
Trd, 2591674.629, 243
Trd, 2591675.663, 250
Trd, 2591675.696, 249
Trd, 2591676.063, 242
Trd, 2591676.129, 253
Trd, 2591678.229, 247
Trd, 2591678.279, 248
Trd, 2591678.746, 247
Trd, 2591679.596, 252
Trd, 2591680.113, 249
Trd, 2591681.529, 244
Trd, 2591681.679, 245
Trd, 2591683.113, 247
Trd, 2591683.679, 244
Trd, 2591684.146, 242
Trd, 2591684.279, 241
Trd, 2591684.879, 256
Trd, 2591686.196, 241
Trd, 2591686.296, 256
Trd, 2591686.346, 258
Trd, 2591688.063, 242
Trd, 2591688.829, 244
Trd, 2591689.413, 238
Trd, 2591690.129, 237
Trd, 2591691.213, 252
Trd, 2591692.796, 248
Trd, 2591693.029, 248
Trd, 2591693.079, 246
Trd, 2591693.246, 246
Trd, 2591693.296, 247
Trd, 2591693.396, 245
Trd, 2591694.663, 241
Trd, 2591695.396, 233
Trd, 2591695.446, 248
Trd, 2591696.379, 251
Trd, 2591697.646, 250
Trd, 2591698.013, 251
Trd, 2591698.313, 251
Trd, 2591700.946, 246
Trd, 2591701.029, 247
Trd, 2591701.496, 249
Trd, 2591702.479, 248
Trd, 2591702.546, 251
Trd, 2591703.096, 258
Trd, 2591703.763, 250
Trd, 2591703.846, 251
Trd, 2591704.129, 249
Trd, 2591704.629, 242
Trd, 2591705.129, 243
Trd, 2591705.496, 255
Trd, 2591705.946, 248
Trd, 2591706.829, 247
Trd, 2591708.429, 251
Trd, 2591710.496, 249
Trd, 2591710.579, 244
Trd, 2591710.679, 249
Trd, 2591711.046, 243
Trd, 2591711.729, 251
Trd, 2591714.196, 244
Trd, 2591715.196, 246
Trd, 2591715.429, 250
Trd, 2591715.863, 248
Trd, 2591716.113, 252
Trd, 2591716.446, 255
Trd, 2591716.829, 257
Trd, 2591717.896, 243
Trd, 2591718.546, 238
Trd, 2591718.729, 239
Trd, 2591719.396, 239
Trd, 2591719.663, 236
Trd, 2591720.213, 234
Trd, 2591720.396, 227
Trd, 2591720.763, 246
Trd, 2591721.813, 244
Trd, 2591722.246, 246
Trd, 2591722.663, 252
Trd, 2591723.296, 256
Trd, 2591724.163, 256
Trd, 2591724.613, 249
Trd, 2591725.013, 241
Trd, 2591725.329, 261
Trd, 2591726.513, 262
Trd, 2591728.113, 253
Trd, 2591728.629, 269
Trd, 2591729.446, 241
Trd, 2591729.529, 242
Trd, 2591730.363, 243
Trd, 2591730.379, 260
Trd, 2591730.496, 234
Trd, 2591731.696, 255
Trd, 2591732.813, 252
Trd, 2591732.829, 251
Trd, 2591733.063, 249
Trd, 2591734.129, 251
Trd, 2591734.179, 251
Trd, 2591734.646, 251
Trd, 2591734.896, 238
Trd, 2591736.063, 238
Trd, 2591738.463, 246
Trd, 2591738.713, 248
Trd, 2591739.379, 253
Trd, 2591739.629, 253
Trd, 2591739.796, 256
Trd, 2591740.046, 252
Trd, 2591740.796, 250
Trd, 2591742.313, 258
Trd, 2591742.963, 253
Trd, 2591743.313, 257
Trd, 2591743.463, 260
Trd, 2591743.479, 262
Trd, 2591743.846, 256
Trd, 2591744.329, 244
Trd, 2591745.363, 241
Trd, 2591746.529, 237
Trd, 2591747.229, 235
Trd, 2591747.363, 254
Trd, 2591747.763, 248
Trd, 2591749.179, 234
Trd, 2591749.296, 243
Trd, 2591749.863, 233
Trd, 2591750.346, 240
Trd, 2591750.813, 240
Trd, 2591751.013, 241
Trd, 2591752.096, 248
Trd, 2591752.463, 241
Trd, 2591753.196, 240
Trd, 2591753.329, 234
Trd, 2591753.746, 253
Trd, 2591754.813, 261
Trd, 2591755.179, 252
Trd, 2591755.363, 262
Trd, 2591755.463, 252
Trd, 2591755.763, 251
Trd, 2591756.846, 240
Trd, 2591757.563, 232
Trd, 2591757.763, 251
Trd, 2591758.629, 251
Trd, 2591761.063, 244
Trd, 2591762.346, 248
Trd, 2591762.696, 247
Trd, 2591763.013, 248
Trd, 2591763.113, 249
Trd, 2591763.796, 249
Trd, 2591764.946, 248
Trd, 2591765.413, 251
Trd, 2591767.213, 241
Trd, 2591767.629, 240
Trd, 2591767.763, 241
Trd, 2591767.813, 240
Trd, 2591768.713, 238
Trd, 2591769.146, 249
Trd, 2591769.863, 251
Trd, 2591770.779, 244
Trd, 2591771.013, 243
Trd, 2591771.846, 252
Trd, 2591773.329, 249
Trd, 2591773.663, 250
Trd, 2591773.679, 246
Trd, 2591774.379, 253
Trd, 2591774.513, 244
Trd, 2591776.846, 251
Trd, 2591776.996, 250
Trd, 2591777.429, 250
Trd, 2591777.929, 243
Trd, 2591779.129, 241
Trd, 2591779.379, 237
Trd, 2591780.246, 248
Trd, 2591780.263, 235
Trd, 2591781.029, 247
Trd, 2591781.496, 234
Trd, 2591781.629, 248
Trd, 2591781.779, 250
Trd, 2591782.363, 253
Trd, 2591783.829, 241
Trd, 2591784.979, 242
Trd, 2591785.196, 242
Trd, 2591786.379, 244
Trd, 2591786.829, 242
Trd, 2591786.913, 232
Trd, 2591787.063, 251
Trd, 2591787.363, 231
Trd, 2591788.963, 251
Trd, 2591789.179, 251
Trd, 2591789.346, 249
Trd, 2591789.596, 248
Trd, 2591789.646, 252
Trd, 2591791.679, 250
Trd, 2591791.846, 253
Trd, 2591793.129, 242
Trd, 2591793.496, 255
Trd, 2591795.963, 257
Trd, 2591796.279, 256
Trd, 2591797.063, 256
Trd, 2591797.179, 255
Trd, 2591798.446, 256
Trd, 2591798.979, 258
Trd, 2591799.046, 265
Trd, 2591799.629, 263
Trd, 2591801.679, 259
Trd, 2591801.813, 252
Trd, 2591802.746, 254
Trd, 2591803.063, 248
Trd, 2591803.096, 237
Trd, 2591803.663, 237
Trd, 2591805.096, 242
Trd, 2591805.146, 241
Trd, 2591805.696, 244
Trd, 2591806.213, 246
Trd, 2591807.579, 247
Trd, 2591807.913, 238
Trd, 2591810.179, 254
Trd, 2591810.229, 255
Trd, 2591810.329, 254
Trd, 2591810.413, 253
Trd, 2591811.146, 255
Trd, 2591811.729, 258
Trd, 2591812.029, 257
Trd, 2591812.179, 255
Trd, 2591813.796, 261
Trd, 2591813.979, 243
Trd, 2591814.246, 262
Trd, 2591814.529, 247
Trd, 2591814.563, 265
Trd, 2591814.946, 237
Trd, 2591816.646, 255
Trd, 2591816.979, 254
Trd, 2591817.546, 243
Trd, 2591819.479, 250
Trd, 2591819.596, 250
Trd, 2591820.629, 251
Trd, 2591820.679, 253
Trd, 2591821.579, 260
Trd, 2591821.929, 252
Trd, 2591824.346, 249
Trd, 2591824.429, 244
Trd, 2591824.463, 241
Trd, 2591826.729, 248
Trd, 2591827.413, 241
Trd, 2591827.979, 244
Trd, 2591828.813, 246
Trd, 2591829.179, 248
Trd, 2591829.396, 246
Trd, 2591830.179, 244
Trd, 2591831.546, 244
Trd, 2591831.563, 245
Trd, 2591833.046, 238
Trd, 2591833.163, 244
Trd, 2591833.829, 241
Trd, 2591834.013, 245
Trd, 2591834.763, 240
Trd, 2591835.029, 248
Trd, 2591836.163, 247
Trd, 2591836.813, 251
Trd, 2591836.896, 252
Trd, 2591837.179, 242
Trd, 2591837.646, 253
Trd, 2591837.746, 252
Trd, 2591838.379, 237
Trd, 2591839.879, 241
Trd, 2591840.496, 250
Trd, 2591840.846, 250
Trd, 2591842.363, 250
Trd, 2591842.729, 251
Trd, 2591842.913, 256
Trd, 2591843.613, 255
Trd, 2591843.963, 254
Trd, 2591845.096, 256
Trd, 2591845.629, 256
Trd, 2591845.896, 246
Trd, 2591846.146, 240
Trd, 2591847.879, 251
Trd, 2591849.913, 242
Trd, 2591850.096, 248
Trd, 2591850.679, 242
Trd, 2591850.979, 245
Trd, 2591851.146, 240
Trd, 2591852.446, 244
Trd, 2591852.463, 245
Trd, 2591852.646, 248
Trd, 2591853.263, 241
Trd, 2591854.279, 246
Trd, 2591854.846, 255
Trd, 2591855.013, 247
Trd, 2591855.479, 251
Trd, 2591856.829, 246
Trd, 2591857.179, 244
Trd, 2591858.013, 249
Trd, 2591860.546, 248
Trd, 2591860.779, 245
Trd, 2591860.929, 241
Trd, 2591861.413, 237
Trd, 2591861.529, 245
Trd, 2591862.213, 246
Trd, 2591862.496, 240
Trd, 2591862.563, 251
Trd, 2591862.663, 239
Trd, 2591862.979, 258
Trd, 2591866.429, 254
Trd, 2591867.013, 256
Trd, 2591867.363, 256
Trd, 2591867.646, 256
Trd, 2591868.263, 255
Trd, 2591869.063, 254
Trd, 2591869.146, 241
Trd, 2591869.629, 238
Trd, 2591870.413, 236
Trd, 2591870.946, 250
Trd, 2591871.163, 252
Trd, 2591871.763, 241
Trd, 2591872.313, 256
Trd, 2591872.446, 258
Trd, 2591872.529, 235
Trd, 2591872.813, 265
Trd, 2591872.946, 266
Trd, 2591873.729, 233
Trd, 2591876.179, 251
Trd, 2591876.379, 251
Trd, 2591876.696, 250
Trd, 2591876.863, 242
Trd, 2591877.346, 242
Trd, 2591878.563, 255
Trd, 2591878.796, 237
Trd, 2591880.029, 241
Trd, 2591880.629, 235
Trd, 2591881.046, 246
Trd, 2591881.729, 245
Trd, 2591883.646, 245
Trd, 2591883.663, 248
Trd, 2591884.929, 249
Trd, 2591885.413, 252
Trd, 2591885.513, 253
Trd, 2591885.546, 256
Trd, 2591887.013, 254
Trd, 2591887.079, 255
Trd, 2591887.579, 255
Trd, 2591888.713, 255
Trd, 2591890.946, 244
Trd, 2591891.179, 240
Trd, 2591891.763, 254
Trd, 2591892.229, 254
Trd, 2591892.563, 234
Trd, 2591892.729, 255
Trd, 2591893.979, 236
Trd, 2591895.596, 241
Trd, 2591895.679, 238
Trd, 2591896.296, 256
Trd, 2591896.363, 258
Trd, 2591896.713, 255
Trd, 2591897.696, 257
Trd, 2591897.879, 244
Trd, 2591900.279, 243
Trd, 2591900.613, 242
Trd, 2591900.913, 242
Trd, 2591901.263, 244
Trd, 2591901.613, 245
Trd, 2591902.863, 245
Trd, 2591903.479, 258
Trd, 2591904.279, 255
Trd, 2591904.329, 240
Trd, 2591906.013, 245
Trd, 2591906.496, 251
Trd, 2591907.813, 251
Trd, 2591908.813, 250
Trd, 2591909.779, 250
Trd, 2591909.796, 249
Trd, 2591910.379, 241
Trd, 2591911.496, 250
Trd, 2591911.929, 241
Trd, 2591912.529, 243
Trd, 2591912.613, 255
Trd, 2591913.246, 241
Trd, 2591913.796, 255
Trd, 2591913.979, 246
Trd, 2591915.496, 244
Trd, 2591916.163, 248
Trd, 2591916.546, 243
Trd, 2591919.146, 245
Trd, 2591919.246, 240
Trd, 2591919.529, 258
Trd, 2591920.396, 252
Trd, 2591920.463, 250
Trd, 2591921.129, 251
Trd, 2591921.279, 239
Trd, 2591921.596, 251
Trd, 2591921.763, 252
Trd, 2591922.029, 236
Trd, 2591923.446, 243
Trd, 2591923.846, 241
Trd, 2591923.996, 250
Trd, 2591926.063, 238
Trd, 2591926.146, 242
Trd, 2591927.513, 243
Trd, 2591928.413, 243
Trd, 2591928.729, 241
Trd, 2591928.946, 240
Trd, 2591929.446, 243
Trd, 2591931.029, 251
Trd, 2591931.429, 245
Trd, 2591932.179, 258
Trd, 2591932.229, 263
Trd, 2591933.163, 254
Trd, 2591933.229, 255
Trd, 2591933.563, 253
Trd, 2591933.813, 251
Trd, 2591934.179, 256
Trd, 2591934.196, 237
Trd, 2591935.679, 233
Trd, 2591937.596, 246
Trd, 2591937.896, 244
Trd, 2591939.013, 237
Trd, 2591939.046, 248
Trd, 2591939.696, 248
Trd, 2591940.946, 249
Trd, 2591942.029, 248
Trd, 2591942.663, 247
Trd, 2591943.113, 241
Trd, 2591943.379, 245
Trd, 2591944.079, 241
Trd, 2591944.796, 246
Trd, 2591945.363, 252
Trd, 2591945.396, 241
Trd, 2591945.413, 238
Trd, 2591945.963, 250
Trd, 2591946.263, 256
Trd, 2591946.963, 251
Trd, 2591947.096, 249
Trd, 2591948.896, 250
Trd, 2591948.963, 252
Trd, 2591949.779, 256
Trd, 2591951.113, 257
Trd, 2591951.396, 257
Trd, 2591951.646, 258
Trd, 2591951.696, 254
Trd, 2591952.313, 256
Trd, 2591953.529, 258
Trd, 2591955.613, 251
Trd, 2591955.913, 244
Trd, 2591956.129, 256
Trd, 2591956.513, 259
Trd, 2591956.763, 255
Trd, 2591957.129, 261
Trd, 2591957.813, 239
Trd, 2591960.063, 239
Trd, 2591962.079, 247
Trd, 2591962.379, 248
Trd, 2591962.846, 249
Trd, 2591963.046, 248
Trd, 2591963.129, 247
Trd, 2591963.779, 243
Trd, 2591963.813, 242
Trd, 2591963.879, 235
Trd, 2591964.113, 251
Trd, 2591964.146, 251
Trd, 2591964.979, 255
Trd, 2591965.329, 256
Trd, 2591966.079, 236
Trd, 2591967.363, 255
Trd, 2591968.063, 255
Trd, 2591968.579, 258
Trd, 2591969.579, 254
Trd, 2591971.229, 259
Trd, 2591971.996, 256
Trd, 2591972.379, 256
Trd, 2591972.763, 255
Trd, 2591973.263, 249
Trd, 2591974.946, 249
Trd, 2591975.029, 248
Trd, 2591975.413, 246
Trd, 2591975.479, 244
Trd, 2591976.213, 249
Trd, 2591976.296, 241
Trd, 2591976.363, 251
Trd, 2591977.679, 244
Trd, 2591978.179, 248
Trd, 2591978.279, 262
Trd, 2591978.829, 243
Trd, 2591979.979, 247
Trd, 2591981.163, 243
Trd, 2591981.946, 247
Trd, 2591982.813, 243
Trd, 2591984.079, 239
Trd, 2591984.096, 238
Trd, 2591984.663, 241
Trd, 2591985.296, 237
Trd, 2591985.646, 244
Trd, 2591987.229, 237
Trd, 2591988.263, 235
Trd, 2591988.529, 237
Trd, 2591989.279, 237
Trd, 2591989.429, 241
Trd, 2591990.446, 248
Trd, 2591990.546, 251
Trd, 2591991.896, 255
Trd, 2591992.263, 258
Trd, 2591992.813, 255
Trd, 2591993.096, 251
Trd, 2591994.596, 253
Trd, 2591994.863, 259
Trd, 2591994.913, 255
Trd, 2591998.079, 255
Trd, 2591998.229, 252
Trd, 2591998.696, 258
Trd, 2591999.463, 248
