Trd, 2590675.896, 253
Trd, 2590676.146, 252
Trd, 2590677.163, 258
Trd, 2590677.279, 262
Trd, 2590677.346, 262
Trd, 2590678.129, 253
Trd, 2590679.963, 259
Trd, 2590680.529, 263
Trd, 2590680.796, 259
Trd, 2590680.913, 258
Trd, 2590681.313, 259
Trd, 2590681.713, 266
Trd, 2590682.013, 257
Trd, 2590684.346, 264
Trd, 2590684.413, 257
Trd, 2590684.946, 266
Trd, 2590685.146, 255
Trd, 2590685.763, 252
Trd, 2590686.279, 251
Trd, 2590686.329, 248
Trd, 2590688.679, 255
Trd, 2590688.779, 256
Trd, 2590689.696, 250
Trd, 2590690.263, 251
Trd, 2590691.246, 253
Trd, 2590691.896, 254
Trd, 2590693.629, 242
Trd, 2590693.979, 253
Trd, 2590694.079, 241
Trd, 2590695.696, 261
Trd, 2590697.629, 255
Trd, 2590698.063, 255
Trd, 2590698.079, 254
Trd, 2590698.163, 254
Trd, 2590698.679, 255
Trd, 2590699.179, 256
Trd, 2590699.563, 259
Trd, 2590699.813, 258
Trd, 2590700.046, 257
Trd, 2590702.113, 251
Trd, 2590702.563, 245
Trd, 2590703.246, 261
Trd, 2590705.513, 252
Trd, 2590705.729, 259
Trd, 2590706.629, 251
Trd, 2590706.779, 262
Trd, 2590707.829, 247
Trd, 2590708.513, 265
Trd, 2590708.829, 255
Trd, 2590709.229, 254
Trd, 2590709.663, 266
Trd, 2590709.996, 254
Trd, 2590710.779, 262
Trd, 2590710.863, 259
Trd, 2590712.446, 256
Trd, 2590713.063, 254
Trd, 2590713.596, 253
Trd, 2590713.646, 254
Trd, 2590713.796, 247
Trd, 2590714.179, 244
Trd, 2590714.763, 253
Trd, 2590714.879, 241
Trd, 2590715.229, 255
Trd, 2590715.329, 233
Trd, 2590715.663, 260
Trd, 2590716.579, 237
Trd, 2590717.663, 244
Trd, 2590717.796, 243
Trd, 2590719.596, 252
Trd, 2590720.779, 262
Trd, 2590721.163, 258
Trd, 2590721.663, 258
Trd, 2590722.713, 258
Trd, 2590723.613, 255
Trd, 2590724.896, 269
Trd, 2590725.513, 260
Trd, 2590725.929, 272
Trd, 2590726.329, 251
Trd, 2590726.696, 249
Trd, 2590727.629, 266
Trd, 2590728.963, 253
Trd, 2590729.029, 252
Trd, 2590729.129, 269
Trd, 2590730.379, 262
Trd, 2590732.679, 253
Trd, 2590733.479, 249
Trd, 2590733.796, 248
Trd, 2590733.829, 244
Trd, 2590733.896, 259
Trd, 2590734.929, 242
Trd, 2590735.029, 241
Trd, 2590736.613, 237
Trd, 2590737.079, 237
Trd, 2590737.346, 238
Trd, 2590737.363, 265
Trd, 2590738.896, 256
Trd, 2590739.896, 259
Trd, 2590740.279, 259
Trd, 2590740.363, 260
Trd, 2590741.913, 259
Trd, 2590742.579, 258
Trd, 2590743.213, 255
Trd, 2590743.713, 251
Trd, 2590743.829, 253
Trd, 2590744.963, 263
Trd, 2590745.379, 245
Trd, 2590745.413, 270
Trd, 2590747.513, 270
Trd, 2590747.779, 272
Trd, 2590748.663, 256
Trd, 2590749.263, 257
Trd, 2590749.396, 258
Trd, 2590750.829, 257
Trd, 2590750.946, 256
Trd, 2590752.029, 257
Trd, 2590752.279, 256
Trd, 2590753.379, 255
Trd, 2590754.213, 255
Trd, 2590754.529, 255
Trd, 2590754.679, 254
Trd, 2590754.696, 245
Trd, 2590756.229, 248
Trd, 2590756.629, 249
Trd, 2590757.129, 241
Trd, 2590758.496, 248
Trd, 2590758.663, 251
Trd, 2590759.363, 239
Trd, 2590762.446, 247
Trd, 2590763.013, 248
Trd, 2590763.063, 251
Trd, 2590763.179, 253
Trd, 2590763.579, 246
Trd, 2590763.913, 262
Trd, 2590764.779, 273
Trd, 2590767.996, 264
Trd, 2590768.229, 266
Trd, 2590768.713, 264
Trd, 2590769.079, 264
Trd, 2590769.179, 264
Trd, 2590769.363, 262
Trd, 2590769.529, 247
Trd, 2590769.629, 263
Trd, 2590769.946, 245
Trd, 2590770.096, 262
Trd, 2590771.013, 259
Trd, 2590771.596, 272
Trd, 2590772.396, 261
Trd, 2590772.863, 260
Trd, 2590773.629, 270
Trd, 2590774.013, 258
Trd, 2590774.446, 254
Trd, 2590776.079, 246
Trd, 2590776.213, 245
Trd, 2590776.613, 263
Trd, 2590776.629, 244
Trd, 2590777.763, 238
Trd, 2590778.846, 262
Trd, 2590779.663, 245
Trd, 2590779.846, 243
Trd, 2590780.413, 250
Trd, 2590780.563, 251
Trd, 2590781.696, 258
Trd, 2590783.546, 249
Trd, 2590783.779, 254
Trd, 2590783.829, 247
Trd, 2590784.779, 259
Trd, 2590786.063, 249
Trd, 2590786.763, 249
Trd, 2590786.929, 262
Trd, 2590788.363, 261
Trd, 2590788.413, 271
Trd, 2590788.913, 260
Trd, 2590789.246, 261
Trd, 2590789.479, 260
Trd, 2590790.196, 261
Trd, 2590790.229, 257
Trd, 2590791.363, 262
Trd, 2590791.496, 272
Trd, 2590791.563, 276
Trd, 2590791.696, 252
Trd, 2590791.963, 248
Trd, 2590793.296, 244
Trd, 2590794.513, 264
Trd, 2590794.829, 242
Trd, 2590795.163, 241
Trd, 2590796.463, 247
Trd, 2590798.863, 247
Trd, 2590799.146, 249
Trd, 2590799.646, 247
Trd, 2590799.763, 246
Trd, 2590799.813, 246
Trd, 2590800.329, 247
Trd, 2590800.346, 246
Trd, 2590801.396, 247
Trd, 2590802.246, 247
Trd, 2590803.379, 244
Trd, 2590803.429, 248
Trd, 2590803.979, 251
Trd, 2590805.513, 252
Trd, 2590805.746, 250
Trd, 2590806.763, 257
Trd, 2590806.829, 257
Trd, 2590807.013, 255
Trd, 2590807.713, 247
Trd, 2590808.279, 263
Trd, 2590808.546, 246
Trd, 2590810.496, 259
Trd, 2590810.596, 262
Trd, 2590812.146, 263
Trd, 2590812.279, 266
Trd, 2590812.463, 262
Trd, 2590812.613, 262
Trd, 2590814.596, 259
Trd, 2590814.913, 257
Trd, 2590815.329, 259
Trd, 2590815.829, 258
Trd, 2590815.929, 262
Trd, 2590816.246, 255
Trd, 2590817.663, 263
Trd, 2590817.846, 264
Trd, 2590818.163, 257
Trd, 2590818.313, 256
Trd, 2590818.663, 251
Trd, 2590821.846, 259
Trd, 2590822.046, 270
Trd, 2590822.613, 258
Trd, 2590823.796, 268
Trd, 2590824.096, 260
Trd, 2590824.279, 272
Trd, 2590824.496, 272
Trd, 2590824.929, 260
Trd, 2590825.646, 259
Trd, 2590826.529, 259
Trd, 2590828.879, 258
Trd, 2590829.079, 253
Trd, 2590829.146, 251
Trd, 2590829.763, 259
Trd, 2590830.296, 246
Trd, 2590830.579, 249
Trd, 2590831.696, 249
Trd, 2590831.979, 257
Trd, 2590832.363, 258
Trd, 2590833.379, 259
Trd, 2590833.646, 258
Trd, 2590834.029, 254
Trd, 2590835.246, 247
Trd, 2590835.863, 246
Trd, 2590836.113, 246
Trd, 2590836.529, 252
Trd, 2590837.279, 256
Trd, 2590837.429, 246
Trd, 2590838.763, 262
Trd, 2590839.279, 272
Trd, 2590839.529, 244
Trd, 2590841.413, 272
Trd, 2590841.479, 270
Trd, 2590841.829, 273
Trd, 2590841.846, 244
Trd, 2590842.646, 247
Trd, 2590843.379, 244
Trd, 2590844.529, 241
Trd, 2590844.913, 243
Trd, 2590845.029, 235
Trd, 2590845.163, 244
Trd, 2590846.196, 234
Trd, 2590846.346, 246
Trd, 2590846.613, 248
Trd, 2590847.463, 251
Trd, 2590849.396, 259
Trd, 2590850.146, 241
Trd, 2590850.279, 262
Trd, 2590852.179, 241
Trd, 2590852.279, 240
Trd, 2590852.546, 239
Trd, 2590853.429, 239
Trd, 2590853.779, 237
Trd, 2590855.813, 244
Trd, 2590856.729, 272
Trd, 2590858.046, 262
Trd, 2590858.329, 259
Trd, 2590859.263, 262
Trd, 2590859.713, 261
Trd, 2590859.763, 270
Trd, 2590860.096, 260
Trd, 2590860.579, 270
Trd, 2590860.663, 270
Trd, 2590861.829, 257
Trd, 2590862.796, 261
Trd, 2590865.013, 254
Trd, 2590865.329, 251
Trd, 2590866.079, 258
Trd, 2590866.313, 259
Trd, 2590866.996, 256
Trd, 2590867.079, 266
Trd, 2590868.129, 254
Trd, 2590868.563, 259
Trd, 2590869.146, 255
Trd, 2590870.613, 256
Trd, 2590872.029, 255
Trd, 2590872.129, 253
Trd, 2590872.296, 262
Trd, 2590872.929, 263
Trd, 2590873.163, 252
Trd, 2590874.646, 269
Trd, 2590874.729, 251
Trd, 2590874.796, 244
Trd, 2590874.863, 269
Trd, 2590875.763, 243
Trd, 2590877.046, 244
Trd, 2590877.629, 243
Trd, 2590877.846, 252
Trd, 2590878.146, 252
Trd, 2590879.446, 262
Trd, 2590879.579, 243
Trd, 2590880.313, 247
Trd, 2590880.629, 245
Trd, 2590881.363, 250
Trd, 2590881.746, 272
Trd, 2590882.163, 253
Trd, 2590882.463, 251
Trd, 2590884.363, 242
Trd, 2590884.496, 241
Trd, 2590884.529, 262
Trd, 2590884.746, 265
Trd, 2590884.796, 235
Trd, 2590885.363, 234
Trd, 2590886.396, 245
Trd, 2590886.613, 253
Trd, 2590889.513, 252
Trd, 2590890.446, 250
Trd, 2590890.546, 250
Trd, 2590890.696, 251
Trd, 2590891.746, 252
Trd, 2590892.329, 253
Trd, 2590892.496, 251
Trd, 2590892.596, 272
Trd, 2590893.113, 245
Trd, 2590894.679, 273
Trd, 2590895.929, 251
Trd, 2590896.096, 248
Trd, 2590896.246, 245
Trd, 2590896.663, 263
Trd, 2590896.746, 252
Trd, 2590897.213, 241
Trd, 2590899.246, 232
Trd, 2590899.713, 251
Trd, 2590900.446, 243
Trd, 2590901.096, 236
Trd, 2590901.229, 246
Trd, 2590901.246, 251
Trd, 2590901.646, 234
Trd, 2590902.846, 235
Trd, 2590902.929, 234
Trd, 2590904.846, 235
Trd, 2590905.196, 243
Trd, 2590905.246, 244
Trd, 2590906.163, 237
Trd, 2590906.246, 245
Trd, 2590906.829, 248
Trd, 2590908.963, 259
Trd, 2590909.846, 260
Trd, 2590909.913, 262
Trd, 2590911.263, 272
Trd, 2590911.346, 262
Trd, 2590911.396, 273
Trd, 2590911.563, 262
Trd, 2590913.346, 267
Trd, 2590913.813, 266
Trd, 2590914.413, 270
Trd, 2590915.096, 264
Trd, 2590915.813, 263
Trd, 2590916.346, 263
Trd, 2590916.946, 262
Trd, 2590917.329, 271
Trd, 2590917.763, 254
Trd, 2590917.813, 270
Trd, 2590918.646, 251
Trd, 2590919.696, 251
Trd, 2590919.813, 250
Trd, 2590920.729, 259
Trd, 2590921.013, 258
Trd, 2590922.896, 245
Trd, 2590923.113, 245
Trd, 2590923.163, 244
Trd, 2590924.429, 244
Trd, 2590925.046, 251
Trd, 2590925.279, 252
Trd, 2590925.696, 251
Trd, 2590926.029, 251
Trd, 2590926.896, 252
Trd, 2590927.346, 273
Trd, 2590927.729, 250
Trd, 2590928.396, 252
Trd, 2590928.596, 251
Trd, 2590928.646, 247
Trd, 2590928.763, 279
Trd, 2590929.879, 262
Trd, 2590929.929, 241
Trd, 2590931.563, 234
Trd, 2590931.596, 263
Trd, 2590933.829, 244
Trd, 2590934.629, 240
Trd, 2590934.729, 230
Trd, 2590935.346, 246
Trd, 2590935.363, 247
Trd, 2590935.779, 249
Trd, 2590936.679, 237
Trd, 2590938.663, 249
Trd, 2590939.129, 248
Trd, 2590939.563, 250
Trd, 2590939.813, 247
Trd, 2590940.113, 249
Trd, 2590940.429, 251
Trd, 2590942.113, 254
Trd, 2590942.663, 254
Trd, 2590942.679, 256
Trd, 2590942.729, 257
Trd, 2590943.696, 256
Trd, 2590944.363, 262
Trd, 2590944.679, 256
Trd, 2590944.813, 254
Trd, 2590946.579, 257
Trd, 2590947.463, 255
Trd, 2590947.779, 256
Trd, 2590947.879, 256
Trd, 2590948.096, 254
Trd, 2590949.046, 252
Trd, 2590949.196, 251
Trd, 2590950.396, 256
Trd, 2590950.429, 248
Trd, 2590950.879, 244
Trd, 2590952.796, 259
Trd, 2590953.513, 262
Trd, 2590953.679, 259
Trd, 2590954.613, 268
Trd, 2590954.963, 256
Trd, 2590955.063, 255
Trd, 2590956.329, 254
Trd, 2590957.063, 252
Trd, 2590957.513, 262
Trd, 2590957.946, 251
Trd, 2590958.413, 247
Trd, 2590960.213, 253
Trd, 2590960.479, 254
Trd, 2590960.696, 253
Trd, 2590960.929, 245
Trd, 2590961.596, 252
Trd, 2590962.913, 248
Trd, 2590963.063, 252
Trd, 2590963.146, 244
Trd, 2590964.129, 234
Trd, 2590965.096, 232
Trd, 2590965.496, 256
Trd, 2590965.829, 257
Trd, 2590966.763, 243
Trd, 2590968.879, 249
Trd, 2590968.979, 268
Trd, 2590969.079, 248
Trd, 2590969.529, 249
Trd, 2590969.796, 271
Trd, 2590971.396, 258
Trd, 2590971.596, 262
Trd, 2590973.496, 262
Trd, 2590973.996, 264
Trd, 2590974.229, 272
Trd, 2590974.679, 263
Trd, 2590976.496, 261
Trd, 2590976.946, 262
Trd, 2590977.529, 258
Trd, 2590978.346, 255
Trd, 2590978.796, 250
Trd, 2590978.946, 247
Trd, 2590979.513, 258
Trd, 2590979.529, 247
Trd, 2590979.746, 245
Trd, 2590979.846, 259
Trd, 2590980.863, 248
Trd, 2590981.546, 248
Trd, 2590981.946, 256
Trd, 2590982.746, 256
Trd, 2590984.396, 250
Trd, 2590984.596, 257
Trd, 2590985.196, 262
Trd, 2590985.946, 257
Trd, 2590986.513, 256
Trd, 2590988.463, 257
Trd, 2590988.863, 263
Trd, 2590989.679, 259
Trd, 2590989.829, 272
Trd, 2590990.279, 260
Trd, 2590990.646, 258
Trd, 2590992.246, 256
Trd, 2590992.379, 264
Trd, 2590992.846, 255
Trd, 2590992.879, 251
Trd, 2590993.313, 264
Trd, 2590993.679, 247
Trd, 2590993.779, 244
Trd, 2590993.829, 262
Trd, 2590994.063, 263
Trd, 2590994.296, 242
Trd, 2590995.779, 245
Trd, 2590998.213, 260
Trd, 2590998.629, 260
Trd, 2590999.029, 258
Trd, 2590999.229, 272
Trd, 2591000.246, 262
Trd, 2591000.596, 262
Trd, 2591001.113, 256
Trd, 2591002.979, 261
Trd, 2591003.763, 260
Trd, 2591003.879, 259
Trd, 2591003.896, 258
Trd, 2591004.263, 267
Trd, 2591004.963, 256
Trd, 2591005.646, 261
Trd, 2591006.146, 262
Trd, 2591006.329, 256
Trd, 2591006.613, 255
Trd, 2591006.729, 255
Trd, 2591006.863, 274
Trd, 2591007.329, 251
Trd, 2591007.529, 244
Trd, 2591009.346, 245
Trd, 2591009.979, 252
Trd, 2591010.096, 241
Trd, 2591011.196, 251
Trd, 2591012.546, 248
Trd, 2591014.346, 244
Trd, 2591014.996, 251
Trd, 2591015.079, 242
Trd, 2591015.379, 233
Trd, 2591015.696, 232
Trd, 2591015.829, 225
Trd, 2591015.913, 250
Trd, 2591018.179, 249
Trd, 2591018.996, 249
Trd, 2591019.046, 251
Trd, 2591020.046, 253
Trd, 2591021.246, 262
Trd, 2591021.296, 256
Trd, 2591022.063, 263
Trd, 2591022.513, 271
Trd, 2591022.546, 272
Trd, 2591022.863, 256
Trd, 2591023.113, 253
Trd, 2591023.246, 251
Trd, 2591023.313, 247
Trd, 2591023.363, 241
Trd, 2591023.846, 262
Trd, 2591025.713, 251
Trd, 2591026.779, 250
Trd, 2591026.863, 250
Trd, 2591027.563, 249
Trd, 2591028.429, 248
Trd, 2591028.563, 248
Trd, 2591028.613, 256
Trd, 2591029.763, 259
Trd, 2591031.679, 251
Trd, 2591031.713, 261
Trd, 2591033.263, 252
Trd, 2591034.763, 252
Trd, 2591034.879, 250
Trd, 2591035.246, 262
Trd, 2591035.679, 251
Trd, 2591036.529, 257
Trd, 2591036.563, 258
Trd, 2591036.663, 256
Trd, 2591037.746, 256
Trd, 2591038.113, 251
Trd, 2591038.279, 261
Trd, 2591038.413, 263
Trd, 2591038.813, 258
Trd, 2591039.546, 245
Trd, 2591040.229, 261
Trd, 2591041.079, 244
Trd, 2591042.263, 262
Trd, 2591042.313, 272
Trd, 2591043.163, 246
Trd, 2591043.513, 247
Trd, 2591043.563, 260
Trd, 2591045.763, 258
Trd, 2591046.196, 257
Trd, 2591046.663, 258
Trd, 2591046.679, 256
Trd, 2591046.846, 255
Trd, 2591048.063, 251
Trd, 2591050.246, 254
Trd, 2591050.746, 248
Trd, 2591050.829, 254
Trd, 2591051.146, 245
Trd, 2591053.146, 248
Trd, 2591053.396, 247
Trd, 2591053.613, 261
Trd, 2591053.979, 249
Trd, 2591054.213, 259
Trd, 2591054.579, 258
Trd, 2591054.913, 252
Trd, 2591055.229, 251
Trd, 2591055.346, 249
Trd, 2591056.179, 252
Trd, 2591058.746, 257
Trd, 2591059.313, 259
Trd, 2591059.996, 259
Trd, 2591060.596, 259
Trd, 2591061.246, 262
Trd, 2591061.463, 254
Trd, 2591062.546, 253
Trd, 2591063.546, 266
Trd, 2591063.646, 244
Trd, 2591064.663, 272
Trd, 2591065.113, 252
Trd, 2591065.979, 246
Trd, 2591066.779, 246
Trd, 2591067.896, 267
Trd, 2591067.979, 272
Trd, 2591068.296, 261
Trd, 2591068.679, 259
Trd, 2591069.263, 256
Trd, 2591069.629, 265
Trd, 2591069.963, 256
Trd, 2591071.513, 257
Trd, 2591072.529, 257
Trd, 2591072.846, 257
Trd, 2591073.379, 250
Trd, 2591073.813, 261
Trd, 2591074.863, 255
Trd, 2591075.746, 262
Trd, 2591076.079, 255
Trd, 2591076.479, 254
Trd, 2591076.779, 264
Trd, 2591077.096, 267
Trd, 2591078.096, 270
Trd, 2591078.213, 260
Trd, 2591080.113, 261
Trd, 2591080.479, 260
Trd, 2591080.796, 251
Trd, 2591081.063, 251
Trd, 2591082.496, 255
Trd, 2591082.846, 247
Trd, 2591083.846, 253
Trd, 2591084.079, 244
Trd, 2591085.229, 247
Trd, 2591086.379, 251
Trd, 2591087.146, 254
Trd, 2591087.479, 274
Trd, 2591087.679, 257
Trd, 2591088.746, 267
Trd, 2591089.329, 275
Trd, 2591089.513, 268
Trd, 2591089.779, 277
Trd, 2591090.196, 269
Trd, 2591090.379, 268
Trd, 2591090.846, 269
Trd, 2591090.963, 267
Trd, 2591092.163, 266
Trd, 2591092.696, 267
Trd, 2591092.896, 265
Trd, 2591093.229, 266
Trd, 2591094.463, 253
Trd, 2591094.679, 252
Trd, 2591094.713, 251
Trd, 2591097.063, 248
Trd, 2591097.546, 247
Trd, 2591098.163, 244
Trd, 2591099.746, 248
Trd, 2591099.779, 256
Trd, 2591100.529, 246
Trd, 2591100.813, 256
Trd, 2591101.646, 247
Trd, 2591102.779, 260
Trd, 2591103.863, 243
Trd, 2591104.746, 257
Trd, 2591106.046, 256
Trd, 2591106.896, 263
Trd, 2591107.413, 257
Trd, 2591108.646, 254
Trd, 2591108.729, 251
Trd, 2591109.413, 262
Trd, 2591109.696, 255
Trd, 2591109.963, 255
Trd, 2591110.063, 261
Trd, 2591110.096, 254
Trd, 2591110.846, 258
Trd, 2591110.929, 247
Trd, 2591111.213, 262
Trd, 2591111.329, 265
Trd, 2591111.363, 245
Trd, 2591112.596, 249
Trd, 2591112.829, 244
Trd, 2591115.346, 262
Trd, 2591115.446, 262
Trd, 2591115.746, 264
Trd, 2591115.896, 262
Trd, 2591116.963, 263
Trd, 2591118.779, 261
Trd, 2591119.196, 270
Trd, 2591119.396, 274
Trd, 2591120.529, 269
Trd, 2591121.579, 268
Trd, 2591121.629, 268
Trd, 2591121.729, 255
Trd, 2591122.263, 253
Trd, 2591124.146, 255
Trd, 2591124.596, 254
Trd, 2591125.696, 260
Trd, 2591126.179, 256
Trd, 2591127.529, 259
Trd, 2591128.296, 258
Trd, 2591128.579, 255
Trd, 2591128.663, 256
Trd, 2591129.013, 262
Trd, 2591129.279, 264
Trd, 2591129.313, 266
Trd, 2591129.713, 251
Trd, 2591129.846, 251
Trd, 2591132.229, 272
Trd, 2591133.296, 257
Trd, 2591133.446, 265
Trd, 2591133.529, 257
Trd, 2591134.146, 258
Trd, 2591134.663, 257
Trd, 2591135.629, 241
Trd, 2591136.596, 261
Trd, 2591137.746, 255
Trd, 2591138.096, 260
Trd, 2591138.629, 251
Trd, 2591139.213, 249
Trd, 2591139.646, 254
Trd, 2591140.063, 253
Trd, 2591140.279, 246
Trd, 2591141.213, 246
Trd, 2591142.129, 250
Trd, 2591142.229, 261
Trd, 2591142.746, 249
Trd, 2591143.013, 262
Trd, 2591143.296, 246
Trd, 2591143.463, 247
Trd, 2591144.729, 246
Trd, 2591145.846, 246
Trd, 2591145.996, 257
Trd, 2591146.563, 246
Trd, 2591146.829, 244
Trd, 2591147.629, 237
Trd, 2591150.146, 252
Trd, 2591150.179, 252
Trd, 2591150.513, 252
Trd, 2591150.896, 253
Trd, 2591151.063, 254
Trd, 2591151.079, 252
Trd, 2591151.946, 262
Trd, 2591152.213, 251
Trd, 2591152.829, 272
Trd, 2591155.879, 275
Trd, 2591156.096, 256
Trd, 2591156.263, 251
Trd, 2591156.663, 251
Trd, 2591157.046, 252
Trd, 2591159.796, 253
Trd, 2591160.163, 254
Trd, 2591160.313, 255
Trd, 2591160.396, 253
Trd, 2591160.446, 256
Trd, 2591161.479, 256
Trd, 2591163.079, 263
Trd, 2591163.246, 266
Trd, 2591163.713, 261
Trd, 2591163.863, 271
Trd, 2591165.063, 262
Trd, 2591165.963, 260
Trd, 2591166.063, 259
Trd, 2591166.263, 263
Trd, 2591166.579, 255
Trd, 2591166.746, 267
Trd, 2591167.013, 255
Trd, 2591167.146, 251
Trd, 2591171.079, 260
Trd, 2591171.146, 258
Trd, 2591172.229, 259
Trd, 2591174.213, 262
Trd, 2591174.446, 266
Trd, 2591175.063, 265
Trd, 2591175.163, 259
Trd, 2591175.963, 254
Trd, 2591176.796, 245
Trd, 2591177.029, 259
Trd, 2591177.379, 248
Trd, 2591177.479, 244
Trd, 2591177.979, 241
Trd, 2591178.413, 230
Trd, 2591179.279, 257
Trd, 2591179.796, 230
Trd, 2591179.829, 250
Trd, 2591182.213, 253
Trd, 2591182.229, 241
Trd, 2591183.329, 260
Trd, 2591183.529, 270
Trd, 2591184.379, 252
Trd, 2591185.379, 256
Trd, 2591186.213, 259
Trd, 2591186.296, 247
Trd, 2591188.563, 252
Trd, 2591188.729, 252
Trd, 2591188.946, 258
Trd, 2591191.079, 259
Trd, 2591191.363, 259
Trd, 2591191.563, 258
Trd, 2591191.929, 260
Trd, 2591191.963, 259
Trd, 2591192.496, 262
Trd, 2591192.996, 258
Trd, 2591194.246, 265
Trd, 2591194.596, 258
Trd, 2591194.663, 254
Trd, 2591194.813, 252
Trd, 2591196.846, 253
Trd, 2591198.029, 263
Trd, 2591198.213, 265
Trd, 2591198.513, 259
Trd, 2591199.513, 258
Trd, 2591199.646, 257
Trd, 2591199.846, 255
Trd, 2591200.946, 255
Trd, 2591201.329, 257
Trd, 2591201.863, 257
Trd, 2591202.246, 257
Trd, 2591203.829, 253
Trd, 2591204.179, 246
Trd, 2591204.996, 257
Trd, 2591205.246, 257
Trd, 2591205.929, 259
Trd, 2591206.846, 253
Trd, 2591208.229, 256
Trd, 2591208.713, 253
Trd, 2591210.379, 251
Trd, 2591210.596, 259
Trd, 2591211.429, 255
Trd, 2591211.496, 254
Trd, 2591212.213, 254
Trd, 2591213.463, 262
Trd, 2591213.863, 257
Trd, 2591214.263, 260
Trd, 2591214.329, 262
Trd, 2591214.646, 259
Trd, 2591215.013, 256
Trd, 2591215.863, 272
Trd, 2591216.196, 252
Trd, 2591216.313, 272
Trd, 2591217.013, 251
Trd, 2591217.329, 244
Trd, 2591217.913, 255
Trd, 2591218.113, 275
Trd, 2591219.579, 241
Trd, 2591220.046, 261
Trd, 2591221.679, 252
Trd, 2591222.129, 251
Trd, 2591223.746, 251
Trd, 2591224.029, 249
Trd, 2591224.196, 252
Trd, 2591224.763, 253
Trd, 2591225.446, 255
Trd, 2591225.479, 248
Trd, 2591226.863, 253
Trd, 2591227.413, 254
Trd, 2591227.796, 255
Trd, 2591228.813, 255
Trd, 2591229.563, 254
Trd, 2591229.846, 251
Trd, 2591229.879, 255
Trd, 2591230.579, 244
Trd, 2591231.579, 252
Trd, 2591231.713, 257
Trd, 2591231.879, 262
Trd, 2591232.863, 241
Trd, 2591233.096, 232
Trd, 2591233.429, 231
Trd, 2591233.979, 244
Trd, 2591234.346, 249
Trd, 2591234.813, 227
Trd, 2591235.513, 225
Trd, 2591235.946, 272
Trd, 2591236.196, 253
Trd, 2591237.063, 271
Trd, 2591238.396, 270
Trd, 2591238.496, 270
Trd, 2591239.129, 272
Trd, 2591239.229, 271
Trd, 2591239.379, 273
Trd, 2591239.429, 272
Trd, 2591241.496, 264
Trd, 2591242.746, 264
Trd, 2591243.196, 263
Trd, 2591243.346, 262
Trd, 2591244.146, 254
Trd, 2591244.179, 244
Trd, 2591245.013, 244
Trd, 2591245.146, 241
Trd, 2591245.379, 246
Trd, 2591245.663, 230
Trd, 2591246.596, 256
Trd, 2591248.196, 250
Trd, 2591248.429, 251
Trd, 2591248.796, 251
Trd, 2591249.046, 249
Trd, 2591249.963, 253
Trd, 2591251.096, 262
Trd, 2591252.913, 271
Trd, 2591253.129, 267
Trd, 2591255.446, 262
Trd, 2591255.646, 268
Trd, 2591255.779, 269
Trd, 2591256.279, 264
Trd, 2591257.029, 262
Trd, 2591257.196, 258
Trd, 2591257.696, 260
Trd, 2591259.463, 272
Trd, 2591260.463, 273
Trd, 2591260.529, 263
Trd, 2591260.829, 262
Trd, 2591261.029, 255
Trd, 2591261.896, 253
Trd, 2591262.879, 251
Trd, 2591264.629, 244
Trd, 2591265.163, 241
Trd, 2591265.579, 237
Trd, 2591265.763, 234
Trd, 2591265.879, 235
Trd, 2591267.163, 261
Trd, 2591268.813, 243
Trd, 2591269.063, 243
Trd, 2591269.596, 243
Trd, 2591269.613, 244
Trd, 2591270.379, 248
Trd, 2591270.879, 251
Trd, 2591271.263, 257
Trd, 2591271.863, 252
Trd, 2591272.563, 254
Trd, 2591273.013, 261
Trd, 2591274.213, 262
Trd, 2591276.763, 272
Trd, 2591277.146, 272
Trd, 2591277.779, 272
Trd, 2591278.513, 268
Trd, 2591278.813, 262
Trd, 2591279.179, 255
Trd, 2591279.279, 251
Trd, 2591279.629, 244
Trd, 2591280.063, 256
Trd, 2591280.913, 269
Trd, 2591281.129, 270
Trd, 2591281.546, 252
Trd, 2591281.663, 250
Trd, 2591281.713, 238
Trd, 2591281.846, 271
Trd, 2591282.679, 235
Trd, 2591282.696, 234
Trd, 2591283.546, 238
Trd, 2591283.779, 229
Trd, 2591284.446, 238
Trd, 2591285.096, 231
Trd, 2591287.763, 247
Trd, 2591288.313, 250
Trd, 2591288.679, 251
Trd, 2591290.113, 251
Trd, 2591290.213, 251
Trd, 2591290.629, 252
Trd, 2591291.029, 250
Trd, 2591291.663, 249
Trd, 2591291.679, 253
Trd, 2591292.429, 262
Trd, 2591292.663, 271
Trd, 2591293.029, 255
Trd, 2591293.079, 274
Trd, 2591293.963, 249
Trd, 2591294.279, 248
Trd, 2591295.563, 275
Trd, 2591296.546, 255
Trd, 2591296.963, 257
Trd, 2591299.629, 263
Trd, 2591299.763, 262
Trd, 2591300.846, 261
Trd, 2591300.913, 251
Trd, 2591301.246, 250
Trd, 2591301.563, 260
Trd, 2591301.646, 244
Trd, 2591302.396, 243
Trd, 2591302.663, 257
Trd, 2591303.479, 242
Trd, 2591303.763, 255
Trd, 2591305.163, 258
Trd, 2591305.546, 240
Trd, 2591305.629, 241
Trd, 2591306.213, 239
Trd, 2591306.313, 260
Trd, 2591306.779, 231
Trd, 2591308.046, 240
Trd, 2591308.179, 260
Trd, 2591310.646, 255
Trd, 2591310.896, 256
Trd, 2591311.146, 258
Trd, 2591312.163, 256
Trd, 2591312.396, 254
Trd, 2591313.879, 258
Trd, 2591314.046, 256
Trd, 2591314.813, 259
Trd, 2591315.246, 259
Trd, 2591315.463, 256
Trd, 2591315.913, 244
Trd, 2591316.046, 262
Trd, 2591318.496, 268
Trd, 2591319.063, 268
Trd, 2591319.146, 265
Trd, 2591319.579, 254
Trd, 2591320.296, 253
Trd, 2591320.679, 265
Trd, 2591321.613, 265
Trd, 2591321.796, 266
Trd, 2591321.896, 251
Trd, 2591323.246, 249
Trd, 2591324.413, 248
Trd, 2591324.563, 248
Trd, 2591324.729, 247
Trd, 2591324.746, 244
Trd, 2591326.846, 259
Trd, 2591327.363, 259
Trd, 2591328.213, 255
Trd, 2591329.379, 260
Trd, 2591330.996, 257
Trd, 2591331.346, 257
Trd, 2591331.496, 258
Trd, 2591331.529, 254
Trd, 2591331.646, 248
Trd, 2591332.246, 247
Trd, 2591332.346, 246
Trd, 2591333.096, 272
Trd, 2591333.513, 269
Trd, 2591334.379, 267
Trd, 2591334.546, 247
Trd, 2591335.329, 246
Trd, 2591335.646, 244
Trd, 2591335.996, 262
Trd, 2591336.463, 267
Trd, 2591336.863, 256
Trd, 2591338.513, 247
Trd, 2591338.946, 258
Trd, 2591338.979, 245
Trd, 2591339.296, 261
Trd, 2591341.946, 254
Trd, 2591342.013, 245
Trd, 2591342.679, 249
Trd, 2591342.779, 248
Trd, 2591344.479, 248
Trd, 2591345.196, 241
Trd, 2591345.479, 253
Trd, 2591346.696, 249
Trd, 2591346.863, 231
Trd, 2591346.896, 230
Trd, 2591347.313, 228
Trd, 2591347.946, 226
Trd, 2591348.396, 229
Trd, 2591348.979, 228
Trd, 2591349.129, 234
Trd, 2591349.713, 248
Trd, 2591351.146, 251
Trd, 2591352.579, 257
Trd, 2591352.613, 260
Trd, 2591352.779, 255
Trd, 2591352.863, 250
Trd, 2591354.446, 252
Trd, 2591354.479, 263
Trd, 2591355.863, 251
Trd, 2591356.213, 250
Trd, 2591356.646, 246
Trd, 2591357.279, 270
Trd, 2591357.463, 271
Trd, 2591357.713, 237
Trd, 2591357.729, 272
Trd, 2591360.213, 258
Trd, 2591360.429, 256
Trd, 2591360.963, 258
Trd, 2591361.646, 258
Trd, 2591362.346, 256
Trd, 2591362.513, 256
Trd, 2591362.679, 254
Trd, 2591362.946, 257
Trd, 2591363.013, 251
Trd, 2591363.279, 244
Trd, 2591363.446, 234
Trd, 2591364.113, 231
Trd, 2591364.213, 256
Trd, 2591365.796, 233
Trd, 2591367.063, 247
Trd, 2591368.629, 230
Trd, 2591369.696, 247
Trd, 2591369.879, 248
Trd, 2591370.379, 254
Trd, 2591370.879, 256
Trd, 2591371.596, 259
Trd, 2591372.629, 258
Trd, 2591372.796, 262
Trd, 2591373.079, 263
Trd, 2591374.596, 267
Trd, 2591375.213, 272
Trd, 2591375.313, 269
Trd, 2591376.696, 269
Trd, 2591377.879, 268
Trd, 2591377.929, 268
Trd, 2591378.779, 264
Trd, 2591379.079, 262
Trd, 2591379.213, 253
Trd, 2591380.079, 254
Trd, 2591381.029, 266
Trd, 2591381.179, 267
Trd, 2591382.429, 255
Trd, 2591383.129, 254
Trd, 2591383.846, 253
Trd, 2591384.129, 255
Trd, 2591384.229, 258
Trd, 2591384.296, 251
Trd, 2591384.929, 258
Trd, 2591385.279, 260
Trd, 2591385.763, 249
Trd, 2591386.096, 263
Trd, 2591387.979, 247
Trd, 2591387.996, 231
Trd, 2591388.996, 223
Trd, 2591391.113, 239
Trd, 2591392.029, 263
Trd, 2591392.696, 250
Trd, 2591393.279, 250
Trd, 2591393.313, 249
Trd, 2591393.579, 260
Trd, 2591393.796, 249
Trd, 2591393.913, 247
Trd, 2591396.163, 251
Trd, 2591396.279, 248
Trd, 2591396.463, 250
Trd, 2591397.613, 251
Trd, 2591397.746, 262
Trd, 2591399.046, 271
Trd, 2591399.279, 264
Trd, 2591400.313, 263
Trd, 2591400.729, 262
Trd, 2591402.179, 268
Trd, 2591402.296, 268
Trd, 2591402.696, 269
Trd, 2591402.746, 268
Trd, 2591402.963, 256
Trd, 2591404.379, 270
Trd, 2591405.029, 275
Trd, 2591405.129, 252
Trd, 2591405.429, 251
Trd, 2591405.679, 244
Trd, 2591406.446, 242
Trd, 2591406.463, 241
Trd, 2591406.779, 249
Trd, 2591407.213, 249
Trd, 2591407.263, 248
Trd, 2591407.313, 266
Trd, 2591407.913, 270
Trd, 2591412.146, 263
Trd, 2591412.496, 261
Trd, 2591412.696, 261
Trd, 2591412.796, 257
Trd, 2591413.529, 258
Trd, 2591413.746, 251
Trd, 2591414.363, 262
Trd, 2591414.379, 263
Trd, 2591415.346, 273
Trd, 2591416.529, 279
Trd, 2591416.979, 273
Trd, 2591417.546, 272
Trd, 2591417.646, 268
Trd, 2591420.379, 257
Trd, 2591420.546, 256
Trd, 2591421.196, 251
Trd, 2591421.546, 248
Trd, 2591422.129, 261
Trd, 2591422.413, 251
Trd, 2591422.679, 245
Trd, 2591422.829, 262
Trd, 2591424.496, 257
Trd, 2591424.846, 258
Trd, 2591425.213, 257
Trd, 2591427.263, 257
Trd, 2591427.313, 254
Trd, 2591428.713, 254
Trd, 2591429.129, 254
Trd, 2591430.946, 259
Trd, 2591431.096, 260
Trd, 2591431.429, 263
Trd, 2591431.796, 251
Trd, 2591431.913, 244
Trd, 2591432.163, 243
Trd, 2591432.213, 270
Trd, 2591434.013, 268
Trd, 2591435.246, 264
Trd, 2591436.529, 268
Trd, 2591436.746, 265
Trd, 2591436.813, 265
Trd, 2591438.079, 258
Trd, 2591438.263, 261
Trd, 2591438.429, 259
Trd, 2591438.529, 258
Trd, 2591439.163, 256
Trd, 2591439.213, 251
Trd, 2591439.463, 273
Trd, 2591441.579, 255
Trd, 2591442.179, 250
Trd, 2591442.229, 272
Trd, 2591442.996, 272
Trd, 2591443.729, 251
Trd, 2591444.313, 250
Trd, 2591445.196, 248
Trd, 2591445.629, 248
Trd, 2591445.696, 260
Trd, 2591446.029, 244
Trd, 2591447.079, 244
Trd, 2591447.263, 259
Trd, 2591447.779, 262
Trd, 2591448.163, 266
Trd, 2591449.346, 247
Trd, 2591451.163, 258
Trd, 2591451.796, 258
Trd, 2591452.029, 259
Trd, 2591452.129, 257
Trd, 2591453.229, 255
Trd, 2591453.429, 253
Trd, 2591454.163, 257
Trd, 2591454.179, 246
Trd, 2591454.213, 244
Trd, 2591454.246, 241
Trd, 2591455.213, 253
Trd, 2591457.313, 247
Trd, 2591457.529, 248
Trd, 2591457.779, 237
Trd, 2591459.146, 240
Trd, 2591460.429, 248
Trd, 2591461.513, 259
Trd, 2591461.546, 257
Trd, 2591462.813, 262
Trd, 2591462.879, 267
Trd, 2591463.146, 255
Trd, 2591463.513, 273
Trd, 2591463.746, 254
Trd, 2591464.713, 255
Trd, 2591466.379, 265
Trd, 2591466.513, 264
Trd, 2591466.646, 273
Trd, 2591466.763, 259
Trd, 2591466.979, 274
Trd, 2591468.779, 267
Trd, 2591469.646, 262
Trd, 2591471.579, 261
Trd, 2591471.813, 261
Trd, 2591472.096, 262
Trd, 2591472.446, 261
Trd, 2591472.546, 272
Trd, 2591472.679, 257
Trd, 2591472.846, 251
Trd, 2591473.246, 254
Trd, 2591474.329, 249
Trd, 2591474.379, 275
Trd, 2591474.829, 246
Trd, 2591475.513, 245
Trd, 2591477.046, 250
Trd, 2591477.629, 249
Trd, 2591478.196, 259
Trd, 2591478.513, 260
Trd, 2591478.796, 259
Trd, 2591480.613, 260
Trd, 2591481.596, 260
Trd, 2591482.013, 258
Trd, 2591482.079, 254
Trd, 2591482.379, 248
Trd, 2591483.663, 249
Trd, 2591484.013, 255
Trd, 2591485.229, 259
Trd, 2591485.563, 258
Trd, 2591486.146, 258
Trd, 2591486.463, 259
Trd, 2591487.013, 261
Trd, 2591487.079, 262
Trd, 2591488.296, 257
Trd, 2591488.579, 255
Trd, 2591491.846, 253
Trd, 2591491.896, 251
Trd, 2591492.196, 247
Trd, 2591492.479, 253
Trd, 2591493.279, 248
Trd, 2591493.946, 250
Trd, 2591494.413, 251
Trd, 2591494.713, 251
Trd, 2591495.096, 252
Trd, 2591496.163, 254
Trd, 2591496.946, 260
Trd, 2591497.329, 261
Trd, 2591498.579, 259
Trd, 2591499.263, 258
Trd, 2591500.129, 245
Trd, 2591500.429, 266
Trd, 2591500.679, 246
Trd, 2591500.779, 268
Trd, 2591501.179, 271
Trd, 2591501.913, 246
Trd, 2591503.596, 248
Trd, 2591504.896, 255
Trd, 2591506.013, 253
Trd, 2591506.046, 255
Trd, 2591506.696, 255
Trd, 2591506.796, 255
Trd, 2591506.946, 244
Trd, 2591508.179, 234
Trd, 2591508.679, 239
Trd, 2591508.696, 248
Trd, 2591509.063, 235
Trd, 2591509.246, 244
Trd, 2591510.813, 237
Trd, 2591511.163, 236
Trd, 2591511.296, 259
Trd, 2591511.913, 238
Trd, 2591513.763, 261
Trd, 2591514.063, 262
Trd, 2591514.346, 272
Trd, 2591515.513, 267
Trd, 2591515.796, 272
Trd, 2591516.063, 277
Trd, 2591516.613, 268
Trd, 2591516.646, 268
Trd, 2591518.963, 271
Trd, 2591519.229, 265
Trd, 2591520.679, 260
Trd, 2591521.813, 256
Trd, 2591522.063, 249
Trd, 2591523.013, 247
Trd, 2591523.196, 246
Trd, 2591524.329, 247
Trd, 2591524.596, 248
Trd, 2591524.896, 247
Trd, 2591526.396, 248
Trd, 2591527.313, 249
Trd, 2591528.013, 256
Trd, 2591528.113, 259
Trd, 2591528.746, 255
Trd, 2591529.046, 248
Trd, 2591530.113, 249
Trd, 2591530.646, 261
Trd, 2591530.713, 267
Trd, 2591530.746, 246
Trd, 2591531.329, 247
Trd, 2591532.513, 254
Trd, 2591534.363, 251
Trd, 2591534.913, 253
Trd, 2591535.679, 252
Trd, 2591535.796, 254
Trd, 2591536.696, 268
Trd, 2591536.813, 257
Trd, 2591537.979, 254
Trd, 2591538.596, 251
Trd, 2591539.846, 258
Trd, 2591541.113, 247
Trd, 2591542.629, 261
Trd, 2591542.696, 262
Trd, 2591542.779, 250
Trd, 2591543.546, 260
Trd, 2591544.946, 258
Trd, 2591544.996, 262
Trd, 2591545.146, 257
Trd, 2591545.329, 263
Trd, 2591546.596, 261
Trd, 2591547.113, 260
Trd, 2591547.813, 258
Trd, 2591549.013, 257
Trd, 2591549.763, 257
Trd, 2591549.913, 253
Trd, 2591549.979, 263
Trd, 2591551.363, 263
Trd, 2591551.563, 264
Trd, 2591551.829, 255
Trd, 2591553.279, 256
Trd, 2591553.313, 253
Trd, 2591553.763, 251
Trd, 2591553.879, 247
Trd, 2591554.546, 249
Trd, 2591554.779, 262
Trd, 2591555.013, 261
Trd, 2591555.396, 262
Trd, 2591555.979, 248
Trd, 2591557.563, 257
Trd, 2591557.696, 256
Trd, 2591558.029, 255
Trd, 2591559.396, 251
Trd, 2591559.479, 252
Trd, 2591561.096, 248
Trd, 2591561.479, 246
Trd, 2591562.496, 248
Trd, 2591563.129, 247
Trd, 2591563.729, 252
Trd, 2591563.779, 244
Trd, 2591563.996, 234
Trd, 2591564.763, 227
Trd, 2591565.179, 224
Trd, 2591566.513, 260
Trd, 2591567.879, 258
Trd, 2591568.063, 260
Trd, 2591569.046, 249
Trd, 2591569.313, 248
Trd, 2591569.479, 244
Trd, 2591569.796, 258
Trd, 2591570.279, 243
Trd, 2591573.063, 251
Trd, 2591573.629, 251
Trd, 2591573.846, 253
Trd, 2591575.063, 263
Trd, 2591576.629, 263
Trd, 2591576.946, 263
Trd, 2591577.296, 263
Trd, 2591578.263, 263
Trd, 2591578.529, 273
Trd, 2591579.079, 262
Trd, 2591579.946, 263
Trd, 2591580.663, 270
Trd, 2591581.196, 256
Trd, 2591581.296, 251
Trd, 2591581.729, 272
Trd, 2591582.863, 258
Trd, 2591583.879, 266
Trd, 2591584.179, 258
Trd, 2591584.379, 254
Trd, 2591585.013, 247
Trd, 2591585.263, 247
Trd, 2591586.063, 266
Trd, 2591586.863, 262
Trd, 2591588.713, 260
Trd, 2591589.513, 262
Trd, 2591590.229, 257
Trd, 2591591.329, 268
Trd, 2591591.746, 262
Trd, 2591592.296, 264
Trd, 2591592.529, 261
Trd, 2591592.663, 258
Trd, 2591592.996, 257
Trd, 2591595.113, 256
Trd, 2591595.313, 256
Trd, 2591595.529, 255
Trd, 2591595.596, 251
Trd, 2591596.629, 246
Trd, 2591597.146, 254
Trd, 2591598.163, 248
Trd, 2591599.779, 253
Trd, 2591600.046, 248
Trd, 2591600.163, 247
Trd, 2591600.379, 244
Trd, 2591600.596, 241
Trd, 2591601.029, 262
Trd, 2591601.129, 263
Trd, 2591602.846, 258
Trd, 2591603.396, 254
Trd, 2591605.063, 238
Trd, 2591605.846, 253
Trd, 2591606.429, 253
Trd, 2591606.713, 244
Trd, 2591606.863, 244
Trd, 2591608.663, 251
Trd, 2591608.996, 251
Trd, 2591609.163, 252
Trd, 2591609.396, 251
Trd, 2591610.363, 248
Trd, 2591611.396, 269
Trd, 2591611.946, 262
Trd, 2591612.279, 255
Trd, 2591612.346, 272
Trd, 2591612.896, 250
Trd, 2591613.163, 249
Trd, 2591614.779, 262
Trd, 2591615.663, 259
Trd, 2591616.596, 259
Trd, 2591617.829, 261
Trd, 2591618.813, 260
Trd, 2591619.179, 260
Trd, 2591619.279, 255
Trd, 2591619.613, 251
Trd, 2591620.913, 255
Trd, 2591621.396, 254
Trd, 2591621.463, 256
Trd, 2591622.279, 253
Trd, 2591622.613, 268
Trd, 2591623.479, 256
Trd, 2591623.579, 253
Trd, 2591623.913, 248
Trd, 2591624.729, 244
Trd, 2591625.329, 270
Trd, 2591625.779, 271
Trd, 2591625.896, 244
Trd, 2591628.063, 256
Trd, 2591628.146, 266
Trd, 2591629.013, 251
Trd, 2591629.079, 262
Trd, 2591629.379, 252
Trd, 2591629.563, 263
Trd, 2591629.729, 252
Trd, 2591631.196, 259
Trd, 2591631.679, 259
Trd, 2591633.196, 260
Trd, 2591633.296, 264
Trd, 2591635.063, 260
Trd, 2591636.113, 255
Trd, 2591637.129, 254
Trd, 2591637.196, 256
Trd, 2591637.213, 251
Trd, 2591637.229, 258
Trd, 2591638.046, 245
Trd, 2591638.246, 260
Trd, 2591640.413, 246
Trd, 2591640.963, 246
Trd, 2591641.463, 255
Trd, 2591641.896, 251
Trd, 2591642.679, 253
Trd, 2591642.846, 253
Trd, 2591643.279, 253
Trd, 2591644.279, 263
Trd, 2591647.046, 265
Trd, 2591647.613, 264
Trd, 2591647.946, 264
Trd, 2591649.313, 257
Trd, 2591649.513, 256
Trd, 2591649.996, 254
Trd, 2591650.463, 269
Trd, 2591650.746, 248
Trd, 2591651.379, 270
Trd, 2591651.596, 248
Trd, 2591652.046, 273
Trd, 2591653.129, 254
Trd, 2591654.129, 257
Trd, 2591654.346, 257
Trd, 2591654.829, 258
Trd, 2591655.029, 259
Trd, 2591655.146, 257
Trd, 2591655.429, 257
Trd, 2591655.746, 251
Trd, 2591656.746, 245
Trd, 2591657.629, 253
Trd, 2591658.396, 244
Trd, 2591660.313, 251
Trd, 2591660.879, 242
Trd, 2591660.896, 241
Trd, 2591660.913, 234
Trd, 2591661.229, 251
Trd, 2591661.246, 248
Trd, 2591662.679, 249
Trd, 2591663.296, 249
Trd, 2591663.829, 250
Trd, 2591664.046, 238
Trd, 2591666.529, 263
Trd, 2591666.613, 262
Trd, 2591667.879, 267
Trd, 2591668.579, 267
Trd, 2591668.746, 262
Trd, 2591669.613, 256
Trd, 2591669.829, 263
Trd, 2591670.963, 252
Trd, 2591671.479, 256
Trd, 2591671.863, 259
Trd, 2591672.813, 258
Trd, 2591672.979, 259
Trd, 2591673.179, 259
Trd, 2591674.413, 263
Trd, 2591674.679, 258
Trd, 2591674.763, 254
Trd, 2591677.013, 253
Trd, 2591677.046, 259
Trd, 2591677.563, 255
Trd, 2591677.579, 245
Trd, 2591678.013, 247
Trd, 2591678.596, 252
Trd, 2591678.896, 248
Trd, 2591678.929, 257
Trd, 2591679.829, 273
Trd, 2591679.979, 252
Trd, 2591681.146, 266
Trd, 2591681.713, 252
Trd, 2591682.563, 253
Trd, 2591683.929, 267
Trd, 2591685.463, 258
Trd, 2591685.479, 257
Trd, 2591685.829, 251
Trd, 2591686.913, 244
Trd, 2591687.863, 242
Trd, 2591688.829, 242
Trd, 2591689.246, 241
Trd, 2591689.696, 256
Trd, 2591690.829, 257
Trd, 2591690.913, 256
Trd, 2591692.429, 264
Trd, 2591692.779, 269
Trd, 2591693.579, 263
Trd, 2591693.646, 262
Trd, 2591693.746, 262
Trd, 2591693.763, 258
Trd, 2591694.613, 245
Trd, 2591696.246, 263
Trd, 2591696.479, 243
Trd, 2591697.496, 249
Trd, 2591697.613, 257
Trd, 2591697.946, 258
Trd, 2591698.529, 257
Trd, 2591699.229, 260
Trd, 2591699.329, 258
Trd, 2591699.479, 262
Trd, 2591702.213, 265
Trd, 2591703.079, 264
Trd, 2591704.046, 269
Trd, 2591704.946, 262
Trd, 2591705.879, 253
Trd, 2591706.379, 253
Trd, 2591707.163, 268
Trd, 2591708.346, 255
Trd, 2591708.646, 252
Trd, 2591709.263, 251
Trd, 2591709.379, 246
Trd, 2591711.046, 261
Trd, 2591711.229, 257
Trd, 2591711.563, 263
Trd, 2591712.213, 261
Trd, 2591713.363, 259
Trd, 2591713.763, 258
Trd, 2591713.979, 260
Trd, 2591715.379, 262
Trd, 2591715.613, 261
Trd, 2591715.663, 260
Trd, 2591717.413, 262
Trd, 2591717.713, 261
Trd, 2591718.379, 261
Trd, 2591719.146, 257
Trd, 2591719.279, 255
Trd, 2591720.563, 244
Trd, 2591721.729, 253
Trd, 2591721.829, 248
Trd, 2591721.996, 253
Trd, 2591722.279, 241
Trd, 2591722.429, 254
Trd, 2591722.446, 235
Trd, 2591722.846, 262
Trd, 2591724.713, 260
Trd, 2591724.829, 258
Trd, 2591725.163, 267
Trd, 2591726.229, 270
Trd, 2591726.696, 262
Trd, 2591727.813, 249
Trd, 2591728.246, 246
Trd, 2591728.863, 247
Trd, 2591729.079, 246
Trd, 2591729.513, 254
Trd, 2591729.779, 245
Trd, 2591730.829, 252
Trd, 2591730.846, 244
Trd, 2591732.163, 249
Trd, 2591732.413, 252
Trd, 2591733.046, 246
Trd, 2591733.413, 246
Trd, 2591734.729, 249
Trd, 2591734.863, 248
Trd, 2591736.529, 258
Trd, 2591737.729, 259
Trd, 2591738.229, 262
Trd, 2591738.513, 267
Trd, 2591739.029, 269
Trd, 2591739.113, 271
Trd, 2591739.563, 256
Trd, 2591740.729, 255
Trd, 2591740.813, 251
Trd, 2591740.913, 272
Trd, 2591741.279, 241
Trd, 2591741.613, 244
Trd, 2591743.229, 248
Trd, 2591743.729, 247
Trd, 2591744.813, 250
Trd, 2591744.929, 249
Trd, 2591745.329, 241
Trd, 2591746.229, 233
Trd, 2591746.879, 232
Trd, 2591746.946, 246
Trd, 2591747.029, 248
Trd, 2591748.796, 237
Trd, 2591748.963, 230
Trd, 2591749.079, 251
Trd, 2591751.096, 259
Trd, 2591751.979, 259
Trd, 2591752.863, 260
Trd, 2591754.329, 260
Trd, 2591754.429, 259
Trd, 2591754.579, 263
Trd, 2591754.913, 257
Trd, 2591756.679, 259
Trd, 2591756.779, 257
Trd, 2591757.263, 262
Trd, 2591758.429, 272
Trd, 2591759.463, 263
Trd, 2591759.763, 267
Trd, 2591760.213, 262
Trd, 2591760.396, 251
Trd, 2591760.963, 257
Trd, 2591761.229, 250
Trd, 2591761.446, 255
Trd, 2591763.396, 255
Trd, 2591763.429, 252
Trd, 2591763.896, 249
Trd, 2591764.346, 253
Trd, 2591764.479, 255
Trd, 2591764.513, 247
Trd, 2591766.129, 244
Trd, 2591766.363, 241
Trd, 2591767.396, 247
Trd, 2591767.979, 238
Trd, 2591768.729, 248
Trd, 2591769.029, 251
Trd, 2591770.279, 254
Trd, 2591770.429, 263
Trd, 2591770.496, 252
Trd, 2591770.529, 271
Trd, 2591771.846, 255
Trd, 2591773.029, 257
Trd, 2591774.579, 262
Trd, 2591775.629, 262
Trd, 2591775.746, 261
Trd, 2591775.979, 259
Trd, 2591776.896, 256
Trd, 2591777.246, 256
Trd, 2591778.463, 252
Trd, 2591778.963, 253
Trd, 2591779.496, 252
Trd, 2591779.796, 254
Trd, 2591779.846, 256
Trd, 2591780.063, 248
Trd, 2591781.196, 276
Trd, 2591781.279, 249
Trd, 2591781.296, 248
Trd, 2591781.396, 244
Trd, 2591784.946, 258
Trd, 2591785.046, 256
Trd, 2591785.313, 272
Trd, 2591785.379, 251
Trd, 2591785.546, 246
Trd, 2591785.913, 272
Trd, 2591785.929, 279
Trd, 2591787.079, 250
Trd, 2591787.146, 263
Trd, 2591788.963, 269
Trd, 2591789.329, 268
Trd, 2591789.713, 270
Trd, 2591789.763, 243
Trd, 2591790.229, 241
Trd, 2591792.479, 275
Trd, 2591794.846, 270
Trd, 2591795.296, 268
Trd, 2591795.596, 267
Trd, 2591796.129, 262
Trd, 2591797.046, 247
Trd, 2591797.746, 263
Trd, 2591798.313, 263
Trd, 2591798.379, 259
Trd, 2591799.163, 261
Trd, 2591800.113, 261
Trd, 2591800.496, 262
Trd, 2591801.929, 274
Trd, 2591802.246, 257
Trd, 2591802.896, 272
Trd, 2591803.146, 272
Trd, 2591803.479, 272
Trd, 2591803.646, 267
Trd, 2591803.846, 258
Trd, 2591804.879, 250
Trd, 2591805.796, 251
Trd, 2591806.479, 252
Trd, 2591806.579, 248
Trd, 2591808.146, 256
Trd, 2591808.363, 266
Trd, 2591808.563, 247
Trd, 2591808.579, 267
Trd, 2591809.546, 272
Trd, 2591809.679, 245
Trd, 2591812.679, 258
Trd, 2591813.079, 266
Trd, 2591813.779, 261
Trd, 2591814.913, 260
Trd, 2591815.179, 261
Trd, 2591815.579, 259
Trd, 2591815.663, 265
Trd, 2591815.996, 267
Trd, 2591816.513, 261
Trd, 2591816.663, 252
Trd, 2591816.813, 247
Trd, 2591817.696, 263
Trd, 2591818.396, 254
Trd, 2591818.713, 272
Trd, 2591819.696, 272
Trd, 2591820.246, 271
Trd, 2591820.579, 253
Trd, 2591822.563, 247
Trd, 2591823.113, 249
Trd, 2591823.729, 245
Trd, 2591823.913, 246
Trd, 2591824.229, 249
Trd, 2591824.763, 247
Trd, 2591826.229, 248
Trd, 2591826.796, 247
Trd, 2591827.129, 248
Trd, 2591827.496, 248
Trd, 2591828.713, 246
Trd, 2591829.463, 243
Trd, 2591829.563, 242
Trd, 2591829.663, 245
Trd, 2591829.713, 251
Trd, 2591830.713, 236
Trd, 2591832.246, 262
Trd, 2591832.346, 241
Trd, 2591832.379, 241
Trd, 2591832.829, 241
Trd, 2591834.363, 272
Trd, 2591835.046, 254
Trd, 2591836.596, 262
Trd, 2591837.663, 262
Trd, 2591838.079, 263
Trd, 2591838.313, 270
Trd, 2591838.463, 265
Trd, 2591838.846, 262
Trd, 2591839.246, 267
Trd, 2591839.596, 262
Trd, 2591840.429, 264
Trd, 2591841.029, 255
Trd, 2591841.379, 251
Trd, 2591844.346, 256
Trd, 2591844.613, 258
Trd, 2591844.646, 254
Trd, 2591844.679, 253
Trd, 2591844.896, 248
Trd, 2591845.096, 260
Trd, 2591845.429, 244
Trd, 2591846.229, 241
Trd, 2591846.896, 234
Trd, 2591847.396, 254
Trd, 2591847.646, 272
Trd, 2591849.663, 263
Trd, 2591849.696, 259
Trd, 2591849.879, 256
Trd, 2591850.179, 253
Trd, 2591850.396, 244
Trd, 2591853.629, 257
Trd, 2591854.196, 258
Trd, 2591854.896, 262
Trd, 2591854.979, 263
Trd, 2591855.629, 265
Trd, 2591855.929, 265
Trd, 2591856.296, 272
Trd, 2591856.963, 265
Trd, 2591857.713, 257
Trd, 2591857.796, 255
Trd, 2591859.063, 252
Trd, 2591859.463, 251
Trd, 2591859.629, 250
Trd, 2591860.246, 269
Trd, 2591861.546, 263
Trd, 2591862.546, 255
Trd, 2591862.613, 254
Trd, 2591862.863, 255
Trd, 2591862.913, 257
Trd, 2591863.446, 276
Trd, 2591863.729, 250
Trd, 2591864.329, 263
Trd, 2591865.096, 255
Trd, 2591865.413, 244
Trd, 2591865.479, 243
Trd, 2591865.779, 272
Trd, 2591867.213, 237
Trd, 2591868.463, 261
Trd, 2591868.679, 257
Trd, 2591869.163, 251
Trd, 2591869.263, 271
Trd, 2591871.246, 266
Trd, 2591872.413, 268
Trd, 2591872.496, 266
Trd, 2591872.896, 262
Trd, 2591873.046, 248
Trd, 2591873.846, 268
Trd, 2591874.379, 270
Trd, 2591875.079, 260
Trd, 2591876.263, 261
Trd, 2591878.213, 265
Trd, 2591878.313, 271
Trd, 2591878.546, 265
Trd, 2591878.613, 274
Trd, 2591879.896, 271
Trd, 2591880.629, 258
Trd, 2591880.679, 255
Trd, 2591881.029, 251
Trd, 2591883.213, 252
Trd, 2591884.046, 265
Trd, 2591884.396, 254
Trd, 2591884.879, 261
Trd, 2591885.363, 260
Trd, 2591886.079, 261
Trd, 2591886.846, 262
Trd, 2591887.563, 265
Trd, 2591888.763, 262
Trd, 2591888.979, 260
Trd, 2591889.063, 259
Trd, 2591889.279, 271
Trd, 2591889.546, 256
Trd, 2591890.079, 270
Trd, 2591891.279, 251
Trd, 2591893.213, 255
Trd, 2591893.829, 254
Trd, 2591894.329, 253
Trd, 2591895.263, 248
Trd, 2591895.596, 256
Trd, 2591895.713, 256
Trd, 2591896.329, 252
Trd, 2591897.546, 255
Trd, 2591897.963, 255
Trd, 2591898.246, 252
Trd, 2591898.713, 256
Trd, 2591899.146, 251
Trd, 2591899.713, 257
Trd, 2591900.163, 257
Trd, 2591900.329, 251
Trd, 2591900.796, 258
Trd, 2591901.129, 245
Trd, 2591901.829, 245
Trd, 2591902.879, 244
Trd, 2591903.346, 241
Trd, 2591903.379, 254
Trd, 2591903.946, 259
Trd, 2591904.396, 262
Trd, 2591904.846, 257
Trd, 2591906.129, 248
Trd, 2591906.813, 270
Trd, 2591907.329, 238
Trd, 2591909.213, 262
Trd, 2591909.613, 243
Trd, 2591910.913, 270
Trd, 2591911.013, 244
Trd, 2591911.563, 245
Trd, 2591913.296, 248
Trd, 2591913.896, 253
Trd, 2591914.379, 254
Trd, 2591914.579, 256
Trd, 2591915.279, 263
Trd, 2591916.029, 256
Trd, 2591916.396, 255
Trd, 2591916.563, 253
Trd, 2591917.046, 260
Trd, 2591917.579, 257
Trd, 2591917.796, 257
Trd, 2591919.113, 253
Trd, 2591919.713, 251
Trd, 2591919.863, 251
Trd, 2591919.979, 257
Trd, 2591920.213, 250
Trd, 2591920.913, 244
Trd, 2591922.863, 246
Trd, 2591923.229, 251
Trd, 2591923.246, 244
Trd, 2591924.729, 256
Trd, 2591924.946, 255
Trd, 2591925.096, 262
Trd, 2591925.863, 258
Trd, 2591925.963, 269
Trd, 2591926.463, 273
Trd, 2591926.996, 253
Trd, 2591928.113, 256
Trd, 2591928.979, 253
Trd, 2591929.179, 250
Trd, 2591929.263, 247
Trd, 2591929.829, 245
Trd, 2591932.213, 248
Trd, 2591933.846, 254
Trd, 2591933.963, 254
Trd, 2591934.013, 255
Trd, 2591934.146, 252
Trd, 2591935.879, 254
Trd, 2591936.396, 255
Trd, 2591936.913, 251
Trd, 2591937.179, 244
Trd, 2591937.729, 256
Trd, 2591939.029, 242
Trd, 2591939.129, 255
Trd, 2591940.479, 252
Trd, 2591941.079, 242
Trd, 2591941.329, 251
Trd, 2591941.529, 252
Trd, 2591941.663, 254
Trd, 2591941.763, 227
Trd, 2591942.979, 248
Trd, 2591943.763, 244
Trd, 2591944.296, 243
Trd, 2591945.696, 261
Trd, 2591946.379, 263
Trd, 2591946.413, 264
Trd, 2591946.746, 247
Trd, 2591947.463, 247
Trd, 2591947.513, 246
Trd, 2591947.629, 244
Trd, 2591949.146, 269
Trd, 2591951.463, 244
Trd, 2591952.629, 246
Trd, 2591953.113, 243
Trd, 2591953.546, 248
Trd, 2591953.579, 254
Trd, 2591953.596, 272
Trd, 2591953.663, 243
Trd, 2591953.863, 242
Trd, 2591953.946, 236
Trd, 2591955.796, 257
Trd, 2591957.363, 258
Trd, 2591957.679, 258
Trd, 2591958.013, 258
Trd, 2591959.113, 259
Trd, 2591960.013, 259
Trd, 2591960.363, 258
Trd, 2591960.763, 255
Trd, 2591961.063, 262
Trd, 2591961.163, 275
Trd, 2591961.729, 279
Trd, 2591962.646, 251
Trd, 2591963.013, 249
Trd, 2591963.613, 246
Trd, 2591964.163, 245
Trd, 2591965.113, 255
Trd, 2591965.646, 247
Trd, 2591966.313, 245
Trd, 2591966.913, 245
Trd, 2591967.113, 244
Trd, 2591967.379, 259
Trd, 2591969.163, 244
Trd, 2591969.379, 242
Trd, 2591969.496, 244
Trd, 2591970.346, 256
Trd, 2591970.929, 247
Trd, 2591972.329, 248
Trd, 2591972.829, 253
Trd, 2591973.029, 253
Trd, 2591974.413, 254
Trd, 2591975.046, 255
Trd, 2591975.613, 262
Trd, 2591976.813, 258
Trd, 2591977.096, 270
Trd, 2591977.929, 257
Trd, 2591978.013, 248
Trd, 2591978.096, 241
Trd, 2591978.763, 230
Trd, 2591980.363, 243
Trd, 2591980.496, 232
Trd, 2591980.796, 244
Trd, 2591981.546, 271
Trd, 2591981.779, 243
Trd, 2591983.246, 265
Trd, 2591985.929, 258
Trd, 2591986.213, 258
Trd, 2591986.313, 256
Trd, 2591987.179, 251
Trd, 2591988.929, 254
Trd, 2591989.146, 253
Trd, 2591989.363, 250
Trd, 2591989.996, 251
Trd, 2591990.279, 254
Trd, 2591990.446, 250
Trd, 2591990.779, 256
Trd, 2591990.929, 254
Trd, 2591991.679, 252
Trd, 2591992.696, 266
Trd, 2591993.413, 268
Trd, 2591995.113, 273
Trd, 2591995.779, 262
Trd, 2591996.446, 263
Trd, 2591996.913, 264
Trd, 2591998.946, 268
Trd, 2591999.079, 268
Trd, 2591999.946, 265
