Trd, 2590682.829, 248
Trd, 2590683.046, 261
Trd, 2590684.213, 248
Trd, 2590684.413, 241
Trd, 2590684.579, 262
Trd, 2590685.363, 263
Trd, 2590685.396, 265
Trd, 2590685.646, 262
Trd, 2590687.413, 264
Trd, 2590687.529, 262
Trd, 2590688.696, 259
Trd, 2590690.846, 259
Trd, 2590691.046, 258
Trd, 2590692.479, 252
Trd, 2590692.629, 250
Trd, 2590693.629, 242
Trd, 2590693.913, 243
Trd, 2590694.113, 244
Trd, 2590694.196, 241
Trd, 2590694.646, 237
Trd, 2590694.996, 247
Trd, 2590695.529, 248
Trd, 2590695.713, 233
Trd, 2590696.513, 232
Trd, 2590698.046, 249
Trd, 2590698.379, 231
Trd, 2590698.413, 246
Trd, 2590698.646, 262
Trd, 2590699.146, 248
Trd, 2590699.396, 263
Trd, 2590700.829, 247
Trd, 2590701.063, 246
Trd, 2590702.096, 242
Trd, 2590703.229, 241
Trd, 2590704.379, 242
Trd, 2590704.596, 239
Trd, 2590704.946, 252
Trd, 2590705.863, 254
Trd, 2590706.179, 256
Trd, 2590706.779, 245
Trd, 2590707.329, 244
Trd, 2590707.496, 243
Trd, 2590709.129, 244
Trd, 2590709.163, 240
Trd, 2590709.213, 249
Trd, 2590710.079, 256
Trd, 2590710.163, 256
Trd, 2590710.446, 254
Trd, 2590711.446, 256
Trd, 2590711.513, 251
Trd, 2590711.846, 262
Trd, 2590712.379, 230
Trd, 2590712.629, 262
Trd, 2590714.279, 265
Trd, 2590715.046, 246
Trd, 2590716.379, 266
Trd, 2590716.396, 245
Trd, 2590716.896, 270
Trd, 2590716.963, 244
Trd, 2590717.179, 243
Trd, 2590718.029, 252
Trd, 2590718.713, 247
Trd, 2590720.196, 240
Trd, 2590720.929, 238
Trd, 2590720.963, 240
Trd, 2590721.329, 241
Trd, 2590721.563, 237
Trd, 2590722.829, 262
Trd, 2590723.779, 250
Trd, 2590724.779, 249
Trd, 2590726.096, 249
Trd, 2590726.213, 242
Trd, 2590726.779, 261
Trd, 2590727.846, 253
Trd, 2590728.779, 254
Trd, 2590729.096, 242
Trd, 2590729.879, 240
Trd, 2590729.929, 262
Trd, 2590730.163, 241
Trd, 2590730.829, 241
Trd, 2590731.179, 260
Trd, 2590731.746, 259
Trd, 2590732.746, 251
Trd, 2590732.963, 235
Trd, 2590733.013, 251
Trd, 2590733.029, 261
Trd, 2590733.146, 262
Trd, 2590734.896, 248
Trd, 2590735.146, 261
Trd, 2590736.363, 248
Trd, 2590737.263, 262
Trd, 2590737.479, 251
Trd, 2590737.546, 250
Trd, 2590738.263, 245
Trd, 2590739.479, 257
Trd, 2590739.929, 255
Trd, 2590741.513, 244
Trd, 2590741.829, 256
Trd, 2590742.213, 243
Trd, 2590742.813, 251
Trd, 2590744.896, 258
Trd, 2590745.713, 247
Trd, 2590745.963, 244
Trd, 2590747.013, 250
Trd, 2590747.096, 242
Trd, 2590748.729, 248
Trd, 2590748.813, 251
Trd, 2590749.363, 252
Trd, 2590749.379, 255
Trd, 2590749.663, 248
Trd, 2590749.713, 261
Trd, 2590749.796, 241
Trd, 2590750.579, 234
Trd, 2590750.813, 231
Trd, 2590751.046, 220
Trd, 2590751.129, 220
Trd, 2590752.196, 256
Trd, 2590752.879, 257
Trd, 2590754.729, 253
Trd, 2590754.863, 262
Trd, 2590755.146, 253
Trd, 2590755.979, 247
Trd, 2590756.513, 258
Trd, 2590756.946, 264
Trd, 2590759.079, 250
Trd, 2590759.246, 248
Trd, 2590759.996, 240
Trd, 2590760.213, 259
Trd, 2590760.646, 254
Trd, 2590761.696, 253
Trd, 2590762.129, 254
Trd, 2590762.196, 256
Trd, 2590763.079, 258
Trd, 2590763.496, 258
Trd, 2590763.529, 267
Trd, 2590763.546, 251
Trd, 2590764.363, 262
Trd, 2590765.679, 255
Trd, 2590765.713, 254
Trd, 2590767.996, 250
Trd, 2590768.096, 248
Trd, 2590768.513, 258
Trd, 2590768.829, 243
Trd, 2590769.629, 239
Trd, 2590770.229, 232
Trd, 2590771.713, 255
Trd, 2590772.063, 235
Trd, 2590772.146, 264
Trd, 2590773.079, 264
Trd, 2590773.979, 234
Trd, 2590774.179, 231
Trd, 2590774.579, 257
Trd, 2590775.729, 257
Trd, 2590777.629, 256
Trd, 2590777.796, 246
Trd, 2590777.879, 245
Trd, 2590778.429, 244
Trd, 2590779.513, 245
Trd, 2590780.463, 251
Trd, 2590781.913, 248
Trd, 2590781.979, 244
Trd, 2590782.146, 244
Trd, 2590782.563, 243
Trd, 2590783.779, 241
Trd, 2590785.463, 234
Trd, 2590785.513, 250
Trd, 2590786.229, 251
Trd, 2590786.596, 248
Trd, 2590787.079, 268
Trd, 2590787.313, 251
Trd, 2590789.029, 237
Trd, 2590789.463, 248
Trd, 2590789.479, 252
Trd, 2590789.596, 237
Trd, 2590790.013, 268
Trd, 2590793.296, 252
Trd, 2590793.446, 251
Trd, 2590794.963, 254
Trd, 2590795.546, 247
Trd, 2590796.663, 245
Trd, 2590796.896, 251
Trd, 2590797.429, 248
Trd, 2590797.729, 249
Trd, 2590797.896, 248
Trd, 2590798.229, 239
Trd, 2590798.363, 237
Trd, 2590798.579, 237
Trd, 2590798.929, 251
Trd, 2590800.679, 236
Trd, 2590800.696, 244
Trd, 2590802.063, 262
Trd, 2590802.746, 265
Trd, 2590803.463, 244
Trd, 2590804.579, 263
Trd, 2590804.963, 265
Trd, 2590804.996, 264
Trd, 2590805.429, 243
Trd, 2590806.663, 243
Trd, 2590808.396, 247
Trd, 2590808.829, 247
Trd, 2590809.213, 239
Trd, 2590809.629, 249
Trd, 2590810.013, 246
Trd, 2590810.246, 239
Trd, 2590811.513, 242
Trd, 2590811.596, 241
Trd, 2590812.396, 240
Trd, 2590812.829, 254
Trd, 2590813.329, 238
Trd, 2590813.729, 264
Trd, 2590814.079, 265
Trd, 2590814.363, 243
Trd, 2590815.946, 260
Trd, 2590816.079, 254
Trd, 2590816.779, 237
Trd, 2590816.796, 233
Trd, 2590817.196, 231
Trd, 2590817.263, 257
Trd, 2590818.279, 251
Trd, 2590820.463, 248
Trd, 2590820.613, 249
Trd, 2590821.863, 243
Trd, 2590823.046, 248
Trd, 2590823.313, 251
Trd, 2590825.963, 257
Trd, 2590826.246, 256
Trd, 2590826.413, 250
Trd, 2590827.363, 252
Trd, 2590827.863, 257
Trd, 2590828.163, 258
Trd, 2590828.429, 250
Trd, 2590829.229, 259
Trd, 2590829.596, 248
Trd, 2590829.729, 250
Trd, 2590830.546, 250
Trd, 2590830.763, 257
Trd, 2590831.063, 256
Trd, 2590831.129, 243
Trd, 2590831.496, 240
Trd, 2590831.913, 237
Trd, 2590833.046, 259
Trd, 2590833.246, 255
Trd, 2590833.296, 260
Trd, 2590835.113, 250
Trd, 2590835.363, 249
Trd, 2590835.646, 252
Trd, 2590835.913, 253
Trd, 2590836.313, 262
Trd, 2590836.829, 241
Trd, 2590836.913, 232
Trd, 2590838.046, 241
Trd, 2590838.663, 255
Trd, 2590838.813, 240
Trd, 2590840.746, 244
Trd, 2590841.146, 244
Trd, 2590841.613, 262
Trd, 2590842.129, 246
Trd, 2590842.629, 254
Trd, 2590843.079, 265
Trd, 2590845.329, 254
Trd, 2590845.396, 253
Trd, 2590845.613, 253
Trd, 2590845.979, 241
Trd, 2590847.163, 245
Trd, 2590847.913, 255
Trd, 2590848.029, 244
Trd, 2590849.079, 237
Trd, 2590849.363, 241
Trd, 2590849.663, 242
Trd, 2590850.713, 245
Trd, 2590850.813, 246
Trd, 2590850.829, 234
Trd, 2590852.013, 234
Trd, 2590853.379, 255
Trd, 2590854.296, 258
Trd, 2590854.879, 252
Trd, 2590854.896, 251
Trd, 2590855.779, 246
Trd, 2590856.313, 242
Trd, 2590857.046, 243
Trd, 2590858.746, 244
Trd, 2590859.479, 244
Trd, 2590859.763, 246
Trd, 2590859.879, 248
Trd, 2590860.063, 243
Trd, 2590860.496, 237
Trd, 2590861.796, 244
Trd, 2590862.729, 261
Trd, 2590863.196, 262
Trd, 2590863.663, 237
Trd, 2590863.829, 264
Trd, 2590863.913, 226
Trd, 2590864.196, 248
Trd, 2590865.379, 255
Trd, 2590865.429, 241
Trd, 2590867.613, 251
Trd, 2590867.663, 237
Trd, 2590867.679, 235
Trd, 2590867.946, 242
Trd, 2590868.179, 262
Trd, 2590868.246, 233
Trd, 2590870.496, 235
Trd, 2590871.396, 251
Trd, 2590874.013, 247
Trd, 2590874.313, 246
Trd, 2590874.429, 244
Trd, 2590874.563, 244
Trd, 2590875.596, 244
Trd, 2590875.946, 245
Trd, 2590876.063, 241
Trd, 2590877.379, 246
Trd, 2590877.479, 255
Trd, 2590877.996, 262
Trd, 2590878.296, 265
Trd, 2590878.679, 243
Trd, 2590879.413, 244
Trd, 2590880.329, 245
Trd, 2590881.579, 262
Trd, 2590882.296, 258
Trd, 2590882.346, 253
Trd, 2590882.846, 237
Trd, 2590884.613, 250
Trd, 2590886.096, 248
Trd, 2590886.979, 244
Trd, 2590887.163, 235
Trd, 2590888.029, 241
Trd, 2590888.363, 246
Trd, 2590890.229, 237
Trd, 2590890.463, 244
Trd, 2590890.513, 262
Trd, 2590890.529, 263
Trd, 2590890.613, 239
Trd, 2590891.629, 263
Trd, 2590892.763, 259
Trd, 2590892.879, 248
Trd, 2590893.179, 262
Trd, 2590893.263, 247
Trd, 2590893.929, 263
Trd, 2590894.496, 264
Trd, 2590894.846, 261
Trd, 2590896.846, 261
Trd, 2590897.213, 265
Trd, 2590897.296, 258
Trd, 2590898.196, 256
Trd, 2590898.913, 254
Trd, 2590899.479, 248
Trd, 2590900.146, 241
Trd, 2590900.946, 253
Trd, 2590901.529, 256
Trd, 2590902.313, 257
Trd, 2590902.396, 254
Trd, 2590903.279, 253
Trd, 2590905.179, 254
Trd, 2590905.563, 241
Trd, 2590905.646, 240
Trd, 2590905.963, 233
Trd, 2590906.179, 248
Trd, 2590906.313, 231
Trd, 2590906.513, 249
Trd, 2590906.529, 224
Trd, 2590906.579, 250
Trd, 2590907.929, 224
Trd, 2590908.229, 242
Trd, 2590909.279, 244
Trd, 2590909.496, 262
Trd, 2590909.663, 266
Trd, 2590910.196, 246
Trd, 2590910.796, 237
Trd, 2590911.579, 248
Trd, 2590912.763, 221
Trd, 2590912.846, 220
Trd, 2590913.546, 230
Trd, 2590914.546, 262
Trd, 2590916.196, 237
Trd, 2590916.279, 235
Trd, 2590917.096, 234
Trd, 2590917.663, 233
Trd, 2590917.963, 264
Trd, 2590918.013, 266
Trd, 2590918.463, 233
Trd, 2590920.379, 253
Trd, 2590920.746, 259
Trd, 2590921.063, 251
Trd, 2590922.163, 241
Trd, 2590922.296, 240
Trd, 2590922.663, 237
Trd, 2590922.763, 260
Trd, 2590923.996, 260
Trd, 2590924.096, 261
Trd, 2590924.713, 245
Trd, 2590924.863, 261
Trd, 2590925.113, 231
Trd, 2590925.746, 237
Trd, 2590926.763, 257
Trd, 2590928.463, 255
Trd, 2590928.596, 254
Trd, 2590928.929, 260
Trd, 2590931.529, 254
Trd, 2590931.763, 253
Trd, 2590932.246, 248
Trd, 2590932.296, 262
Trd, 2590932.629, 263
Trd, 2590933.429, 259
Trd, 2590933.479, 249
Trd, 2590934.513, 248
Trd, 2590935.563, 267
Trd, 2590937.413, 264
Trd, 2590937.463, 258
Trd, 2590937.929, 249
Trd, 2590938.079, 245
Trd, 2590938.279, 242
Trd, 2590938.346, 266
Trd, 2590939.246, 242
Trd, 2590940.363, 244
Trd, 2590940.763, 246
Trd, 2590942.329, 245
Trd, 2590942.363, 241
Trd, 2590942.929, 248
Trd, 2590943.696, 258
Trd, 2590943.829, 241
Trd, 2590944.313, 268
Trd, 2590944.329, 242
Trd, 2590945.379, 244
Trd, 2590946.663, 257
Trd, 2590946.863, 253
Trd, 2590947.363, 235
Trd, 2590948.013, 263
Trd, 2590948.279, 232
Trd, 2590948.413, 231
Trd, 2590950.296, 261
Trd, 2590950.879, 256
Trd, 2590950.996, 251
Trd, 2590951.479, 247
Trd, 2590952.379, 241
Trd, 2590953.646, 255
Trd, 2590953.813, 254
Trd, 2590955.046, 252
Trd, 2590955.996, 247
Trd, 2590956.979, 245
Trd, 2590958.396, 243
Trd, 2590959.163, 239
Trd, 2590959.179, 241
Trd, 2590959.279, 237
Trd, 2590959.313, 244
Trd, 2590959.479, 232
Trd, 2590960.063, 224
Trd, 2590960.379, 248
Trd, 2590960.796, 254
Trd, 2590961.013, 254
Trd, 2590962.446, 246
Trd, 2590962.729, 245
Trd, 2590962.963, 257
Trd, 2590963.979, 240
Trd, 2590964.079, 261
Trd, 2590965.096, 244
Trd, 2590965.129, 231
Trd, 2590966.329, 251
Trd, 2590966.729, 234
Trd, 2590967.013, 234
Trd, 2590967.063, 257
Trd, 2590967.863, 262
Trd, 2590969.396, 252
Trd, 2590970.596, 263
Trd, 2590971.663, 253
Trd, 2590972.379, 252
Trd, 2590972.563, 255
Trd, 2590973.679, 251
Trd, 2590974.113, 262
Trd, 2590974.313, 246
Trd, 2590976.579, 244
Trd, 2590977.013, 237
Trd, 2590977.196, 256
Trd, 2590979.129, 255
Trd, 2590979.213, 248
Trd, 2590979.529, 241
Trd, 2590980.646, 255
Trd, 2590982.179, 255
Trd, 2590983.113, 245
Trd, 2590983.663, 248
Trd, 2590984.263, 249
Trd, 2590984.646, 249
Trd, 2590985.013, 248
Trd, 2590985.496, 248
Trd, 2590985.563, 238
Trd, 2590986.829, 247
Trd, 2590987.813, 245
Trd, 2590987.879, 244
Trd, 2590988.479, 238
Trd, 2590989.013, 237
Trd, 2590989.346, 234
Trd, 2590989.846, 247
Trd, 2590990.079, 257
Trd, 2590990.413, 256
Trd, 2590991.363, 255
Trd, 2590992.596, 258
Trd, 2590994.479, 254
Trd, 2590994.596, 254
Trd, 2590996.013, 256
Trd, 2590996.296, 257
Trd, 2590996.513, 257
Trd, 2590996.946, 249
Trd, 2590997.763, 240
Trd, 2590998.346, 252
Trd, 2590999.279, 246
Trd, 2590999.379, 251
Trd, 2590999.646, 252
Trd, 2590999.863, 237
Trd, 2590999.896, 234
Trd, 2591000.379, 231
Trd, 2591001.479, 259
Trd, 2591002.829, 249
Trd, 2591003.079, 225
Trd, 2591003.996, 254
Trd, 2591004.563, 243
Trd, 2591006.046, 228
Trd, 2591006.546, 244
Trd, 2591007.613, 247
Trd, 2591008.629, 236
Trd, 2591008.813, 237
Trd, 2591009.196, 239
Trd, 2591009.346, 246
Trd, 2591009.413, 248
Trd, 2591009.946, 264
Trd, 2591010.046, 256
Trd, 2591010.346, 237
Trd, 2591011.196, 267
Trd, 2591011.846, 266
Trd, 2591012.679, 262
Trd, 2591013.763, 262
Trd, 2591014.329, 269
Trd, 2591014.379, 249
Trd, 2591014.896, 248
Trd, 2591015.229, 257
Trd, 2591015.496, 237
Trd, 2591016.279, 234
Trd, 2591017.213, 262
Trd, 2591018.079, 251
Trd, 2591019.096, 260
Trd, 2591019.163, 241
Trd, 2591020.429, 243
Trd, 2591021.046, 242
Trd, 2591021.213, 241
Trd, 2591021.279, 244
Trd, 2591021.696, 248
Trd, 2591021.946, 262
Trd, 2591022.179, 240
Trd, 2591022.996, 240
Trd, 2591024.463, 244
Trd, 2591025.129, 263
Trd, 2591025.379, 264
Trd, 2591025.729, 262
Trd, 2591026.029, 258
Trd, 2591028.013, 251
Trd, 2591028.029, 249
Trd, 2591028.546, 245
Trd, 2591028.713, 251
Trd, 2591029.613, 249
Trd, 2591029.629, 237
Trd, 2591030.213, 241
Trd, 2591030.696, 248
Trd, 2591030.779, 234
Trd, 2591031.196, 261
Trd, 2591031.946, 262
Trd, 2591032.229, 265
Trd, 2591033.046, 267
Trd, 2591033.663, 262
Trd, 2591034.413, 258
Trd, 2591034.846, 269
Trd, 2591035.246, 251
Trd, 2591036.996, 250
Trd, 2591038.313, 247
Trd, 2591038.629, 244
Trd, 2591038.713, 241
Trd, 2591039.896, 237
Trd, 2591040.196, 231
Trd, 2591040.863, 241
Trd, 2591041.646, 242
Trd, 2591041.713, 241
Trd, 2591042.663, 232
Trd, 2591042.996, 235
Trd, 2591043.163, 244
Trd, 2591045.229, 249
Trd, 2591045.296, 261
Trd, 2591046.679, 250
Trd, 2591046.929, 248
Trd, 2591047.013, 248
Trd, 2591047.313, 249
Trd, 2591048.113, 240
Trd, 2591048.463, 240
Trd, 2591048.913, 255
Trd, 2591048.946, 256
Trd, 2591049.429, 239
Trd, 2591049.846, 258
Trd, 2591052.063, 250
Trd, 2591052.146, 237
Trd, 2591052.263, 231
Trd, 2591052.596, 232
Trd, 2591052.829, 239
Trd, 2591053.146, 231
Trd, 2591054.229, 247
Trd, 2591055.946, 226
Trd, 2591056.679, 228
Trd, 2591056.713, 234
Trd, 2591057.563, 248
Trd, 2591057.579, 256
Trd, 2591059.429, 255
Trd, 2591059.929, 253
Trd, 2591060.179, 262
Trd, 2591061.163, 250
Trd, 2591061.646, 264
Trd, 2591061.896, 266
Trd, 2591063.479, 249
Trd, 2591064.229, 246
Trd, 2591064.313, 244
Trd, 2591064.879, 240
Trd, 2591065.546, 261
Trd, 2591065.963, 262
Trd, 2591066.563, 265
Trd, 2591066.796, 264
Trd, 2591067.013, 237
Trd, 2591068.046, 251
Trd, 2591068.513, 248
Trd, 2591069.929, 242
Trd, 2591071.046, 244
Trd, 2591071.629, 245
Trd, 2591071.946, 262
Trd, 2591074.113, 258
Trd, 2591074.213, 260
Trd, 2591074.313, 257
Trd, 2591074.363, 255
Trd, 2591074.479, 245
Trd, 2591074.496, 253
Trd, 2591074.763, 256
Trd, 2591075.829, 243
Trd, 2591077.029, 237
Trd, 2591077.263, 237
Trd, 2591077.596, 231
Trd, 2591078.079, 248
Trd, 2591078.679, 269
Trd, 2591079.713, 251
Trd, 2591080.729, 263
Trd, 2591081.979, 242
Trd, 2591082.213, 243
Trd, 2591082.396, 244
Trd, 2591083.146, 257
Trd, 2591083.346, 258
Trd, 2591083.563, 242
Trd, 2591083.746, 248
Trd, 2591083.896, 251
Trd, 2591084.363, 238
Trd, 2591084.463, 264
Trd, 2591085.946, 259
Trd, 2591086.713, 237
Trd, 2591088.396, 251
Trd, 2591088.979, 237
Trd, 2591090.863, 235
Trd, 2591091.979, 237
Trd, 2591092.163, 235
Trd, 2591092.196, 241
Trd, 2591092.729, 235
Trd, 2591093.979, 246
Trd, 2591094.229, 258
Trd, 2591094.296, 259
Trd, 2591094.363, 240
Trd, 2591095.313, 253
Trd, 2591095.563, 256
Trd, 2591095.813, 245
Trd, 2591097.846, 249
Trd, 2591099.896, 241
Trd, 2591100.096, 243
Trd, 2591100.163, 245
Trd, 2591100.663, 249
Trd, 2591101.179, 250
Trd, 2591101.229, 248
Trd, 2591101.729, 243
Trd, 2591102.396, 237
Trd, 2591102.663, 240
Trd, 2591103.413, 233
Trd, 2591104.396, 232
Trd, 2591105.029, 244
Trd, 2591105.146, 232
Trd, 2591105.929, 232
Trd, 2591107.013, 233
Trd, 2591107.263, 254
Trd, 2591107.329, 231
Trd, 2591108.629, 259
Trd, 2591108.763, 262
Trd, 2591109.629, 245
Trd, 2591111.129, 233
Trd, 2591111.829, 240
Trd, 2591112.179, 225
Trd, 2591112.979, 224
Trd, 2591113.013, 239
Trd, 2591113.079, 241
Trd, 2591113.263, 220
Trd, 2591114.263, 250
Trd, 2591114.579, 260
Trd, 2591115.129, 255
Trd, 2591115.146, 261
Trd, 2591115.829, 261
Trd, 2591116.163, 251
Trd, 2591116.196, 250
Trd, 2591116.379, 246
Trd, 2591117.529, 237
Trd, 2591118.613, 261
Trd, 2591119.563, 252
Trd, 2591119.879, 243
Trd, 2591120.729, 261
Trd, 2591121.479, 247
Trd, 2591121.846, 241
Trd, 2591123.129, 250
Trd, 2591123.146, 251
Trd, 2591124.579, 245
Trd, 2591124.863, 248
Trd, 2591127.363, 245
Trd, 2591127.979, 251
Trd, 2591128.829, 248
Trd, 2591129.013, 247
Trd, 2591129.146, 251
Trd, 2591129.846, 240
Trd, 2591130.196, 241
Trd, 2591130.329, 235
Trd, 2591130.429, 251
Trd, 2591132.646, 262
Trd, 2591133.629, 252
Trd, 2591134.613, 252
Trd, 2591135.029, 251
Trd, 2591135.629, 252
Trd, 2591136.096, 262
Trd, 2591137.146, 253
Trd, 2591137.463, 265
Trd, 2591137.729, 252
Trd, 2591137.763, 250
Trd, 2591138.113, 243
Trd, 2591139.463, 263
Trd, 2591139.629, 236
Trd, 2591140.513, 241
Trd, 2591141.396, 243
Trd, 2591142.646, 241
Trd, 2591142.863, 241
Trd, 2591142.963, 236
Trd, 2591143.229, 232
Trd, 2591143.563, 251
Trd, 2591143.713, 253
Trd, 2591144.679, 256
Trd, 2591146.213, 231
Trd, 2591146.513, 228
Trd, 2591146.763, 246
Trd, 2591147.096, 247
Trd, 2591147.179, 268
Trd, 2591148.463, 265
Trd, 2591148.996, 231
Trd, 2591149.579, 231
Trd, 2591149.913, 233
Trd, 2591150.279, 233
Trd, 2591152.479, 256
Trd, 2591152.746, 240
Trd, 2591153.029, 258
Trd, 2591154.129, 257
Trd, 2591154.646, 255
Trd, 2591155.579, 257
Trd, 2591155.629, 255
Trd, 2591157.129, 251
Trd, 2591157.146, 247
Trd, 2591157.479, 248
Trd, 2591157.729, 234
Trd, 2591157.913, 243
Trd, 2591159.029, 249
Trd, 2591161.796, 244
Trd, 2591161.896, 242
Trd, 2591162.263, 250
Trd, 2591163.279, 253
Trd, 2591163.696, 233
Trd, 2591163.913, 254
Trd, 2591164.463, 245
Trd, 2591165.963, 255
Trd, 2591166.129, 229
Trd, 2591167.396, 255
Trd, 2591167.913, 238
Trd, 2591168.213, 232
Trd, 2591168.663, 251
Trd, 2591169.246, 232
Trd, 2591171.179, 240
Trd, 2591171.629, 265
Trd, 2591172.579, 240
Trd, 2591174.146, 251
Trd, 2591174.613, 246
Trd, 2591174.763, 245
Trd, 2591175.413, 244
Trd, 2591175.579, 244
Trd, 2591175.596, 250
Trd, 2591176.146, 243
Trd, 2591177.729, 249
Trd, 2591178.246, 234
Trd, 2591178.513, 231
Trd, 2591179.079, 260
Trd, 2591179.346, 248
Trd, 2591179.446, 258
Trd, 2591180.396, 241
Trd, 2591180.779, 256
Trd, 2591181.329, 240
Trd, 2591183.363, 244
Trd, 2591184.063, 251
Trd, 2591184.213, 252
Trd, 2591184.713, 253
Trd, 2591185.929, 251
Trd, 2591186.279, 237
Trd, 2591186.363, 233
Trd, 2591187.279, 226
Trd, 2591187.696, 220
Trd, 2591188.063, 232
Trd, 2591188.513, 250
Trd, 2591188.913, 224
Trd, 2591189.146, 262
Trd, 2591189.346, 264
Trd, 2591189.729, 249
Trd, 2591191.479, 254
Trd, 2591191.863, 249
Trd, 2591191.929, 262
Trd, 2591192.396, 250
Trd, 2591192.896, 247
Trd, 2591193.796, 243
Trd, 2591195.229, 247
Trd, 2591195.246, 241
Trd, 2591195.546, 251
Trd, 2591195.829, 261
Trd, 2591196.863, 261
Trd, 2591197.046, 255
Trd, 2591197.546, 237
Trd, 2591197.646, 258
Trd, 2591197.863, 262
Trd, 2591198.846, 263
Trd, 2591198.896, 234
Trd, 2591200.979, 250
Trd, 2591201.513, 268
Trd, 2591201.746, 235
Trd, 2591202.113, 264
Trd, 2591202.746, 235
Trd, 2591202.813, 252
Trd, 2591202.946, 233
Trd, 2591203.696, 244
Trd, 2591205.029, 235
Trd, 2591205.429, 246
Trd, 2591205.513, 232
Trd, 2591205.829, 262
Trd, 2591207.613, 256
Trd, 2591207.713, 241
Trd, 2591207.929, 238
Trd, 2591209.413, 263
Trd, 2591209.829, 258
Trd, 2591211.396, 248
Trd, 2591211.563, 247
Trd, 2591212.563, 245
Trd, 2591213.163, 245
Trd, 2591214.163, 245
Trd, 2591214.529, 244
Trd, 2591215.196, 244
Trd, 2591216.379, 237
Trd, 2591217.163, 240
Trd, 2591217.213, 242
Trd, 2591217.413, 248
Trd, 2591218.413, 256
Trd, 2591218.796, 229
Trd, 2591219.696, 245
Trd, 2591219.929, 240
Trd, 2591221.563, 236
Trd, 2591222.013, 255
Trd, 2591222.779, 262
Trd, 2591222.929, 236
Trd, 2591223.246, 257
Trd, 2591223.429, 263
Trd, 2591223.763, 266
Trd, 2591224.179, 234
Trd, 2591224.529, 245
Trd, 2591225.746, 245
Trd, 2591226.263, 240
Trd, 2591228.029, 251
Trd, 2591228.096, 235
Trd, 2591228.196, 231
Trd, 2591229.929, 254
Trd, 2591230.496, 245
Trd, 2591231.229, 252
Trd, 2591231.363, 252
Trd, 2591231.729, 251
Trd, 2591231.779, 253
Trd, 2591232.013, 239
Trd, 2591232.513, 234
Trd, 2591232.779, 225
Trd, 2591232.813, 260
Trd, 2591233.713, 248
Trd, 2591235.329, 244
Trd, 2591235.663, 238
Trd, 2591235.863, 250
Trd, 2591237.029, 244
Trd, 2591237.313, 243
Trd, 2591237.346, 245
Trd, 2591237.546, 253
Trd, 2591238.013, 237
Trd, 2591238.846, 255
Trd, 2591239.213, 256
Trd, 2591239.279, 259
Trd, 2591239.513, 257
Trd, 2591239.613, 257
Trd, 2591239.879, 262
Trd, 2591242.029, 256
Trd, 2591242.279, 255
Trd, 2591244.596, 253
Trd, 2591244.979, 253
Trd, 2591245.129, 263
Trd, 2591245.229, 252
Trd, 2591246.596, 251
Trd, 2591247.513, 272
Trd, 2591248.063, 248
Trd, 2591250.263, 239
Trd, 2591250.746, 241
Trd, 2591251.246, 243
Trd, 2591251.813, 243
Trd, 2591251.963, 243
Trd, 2591252.196, 234
Trd, 2591253.529, 232
Trd, 2591253.579, 239
Trd, 2591253.946, 248
Trd, 2591254.346, 237
Trd, 2591255.229, 232
Trd, 2591255.313, 243
Trd, 2591257.563, 223
Trd, 2591257.913, 244
Trd, 2591258.879, 248
Trd, 2591259.429, 254
Trd, 2591259.629, 262
Trd, 2591259.763, 252
Trd, 2591260.779, 253
Trd, 2591261.296, 267
Trd, 2591261.896, 256
Trd, 2591262.213, 251
Trd, 2591263.079, 251
Trd, 2591263.913, 264
Trd, 2591265.146, 269
Trd, 2591265.979, 253
Trd, 2591266.379, 271
Trd, 2591267.379, 273
Trd, 2591268.063, 246
Trd, 2591268.096, 243
Trd, 2591268.696, 262
Trd, 2591268.796, 246
Trd, 2591268.979, 246
Trd, 2591269.463, 265
Trd, 2591269.513, 252
Trd, 2591269.729, 249
Trd, 2591269.913, 249
Trd, 2591270.546, 247
Trd, 2591271.146, 265
Trd, 2591271.179, 244
Trd, 2591271.613, 238
Trd, 2591272.596, 261
Trd, 2591273.029, 237
Trd, 2591273.396, 234
Trd, 2591273.596, 231
Trd, 2591275.213, 253
Trd, 2591275.613, 241
Trd, 2591276.263, 237
Trd, 2591276.563, 233
Trd, 2591276.579, 255
Trd, 2591277.679, 262
Trd, 2591279.296, 264
Trd, 2591279.629, 262
Trd, 2591279.713, 265
Trd, 2591279.963, 267
Trd, 2591281.979, 263
Trd, 2591282.179, 261
Trd, 2591283.513, 253
Trd, 2591283.579, 255
Trd, 2591284.679, 253
Trd, 2591285.396, 255
Trd, 2591285.513, 246
Trd, 2591286.246, 253
Trd, 2591286.296, 242
Trd, 2591287.446, 253
Trd, 2591287.946, 244
Trd, 2591287.979, 240
Trd, 2591288.529, 247
Trd, 2591288.746, 231
Trd, 2591289.163, 249
Trd, 2591289.529, 249
Trd, 2591291.913, 234
Trd, 2591292.579, 236
Trd, 2591293.463, 243
Trd, 2591293.629, 244
Trd, 2591293.763, 236
Trd, 2591293.963, 242
Trd, 2591294.813, 261
Trd, 2591296.663, 258
Trd, 2591297.063, 239
Trd, 2591297.796, 237
Trd, 2591298.963, 240
Trd, 2591299.646, 247
Trd, 2591300.113, 247
Trd, 2591300.163, 248
Trd, 2591300.196, 234
Trd, 2591301.779, 249
Trd, 2591302.029, 249
Trd, 2591302.213, 262
Trd, 2591302.413, 248
Trd, 2591303.546, 261
Trd, 2591303.729, 248
Trd, 2591304.179, 263
Trd, 2591304.613, 246
Trd, 2591305.063, 241
Trd, 2591306.546, 248
Trd, 2591306.746, 265
Trd, 2591306.913, 243
Trd, 2591307.063, 242
Trd, 2591307.513, 242
Trd, 2591308.179, 269
Trd, 2591308.696, 238
Trd, 2591308.729, 237
Trd, 2591308.913, 243
Trd, 2591310.196, 245
Trd, 2591310.296, 247
Trd, 2591314.696, 234
Trd, 2591315.996, 248
Trd, 2591317.346, 250
Trd, 2591317.596, 243
Trd, 2591317.696, 242
Trd, 2591317.863, 241
Trd, 2591318.263, 261
Trd, 2591319.296, 256
Trd, 2591319.463, 264
Trd, 2591319.546, 265
Trd, 2591320.279, 263
Trd, 2591320.313, 237
Trd, 2591320.413, 266
Trd, 2591321.263, 247
Trd, 2591321.846, 236
Trd, 2591322.429, 267
Trd, 2591323.496, 250
Trd, 2591323.546, 237
Trd, 2591323.829, 233
Trd, 2591324.163, 244
Trd, 2591324.846, 231
Trd, 2591325.246, 259
Trd, 2591325.913, 261
Trd, 2591325.929, 262
Trd, 2591326.363, 259
Trd, 2591327.213, 251
Trd, 2591328.679, 231
Trd, 2591329.329, 231
Trd, 2591329.546, 253
Trd, 2591329.846, 230
Trd, 2591330.179, 227
Trd, 2591330.813, 262
Trd, 2591331.996, 253
Trd, 2591332.113, 249
Trd, 2591333.029, 247
Trd, 2591334.113, 246
Trd, 2591334.229, 232
Trd, 2591334.829, 231
Trd, 2591335.596, 262
Trd, 2591337.713, 243
Trd, 2591339.263, 245
Trd, 2591339.729, 231
Trd, 2591339.913, 246
Trd, 2591340.113, 247
Trd, 2591340.329, 248
Trd, 2591341.546, 238
Trd, 2591341.746, 258
Trd, 2591341.763, 237
Trd, 2591343.163, 255
Trd, 2591343.279, 252
Trd, 2591343.296, 264
Trd, 2591343.763, 252
Trd, 2591344.663, 243
Trd, 2591344.863, 235
Trd, 2591346.313, 258
Trd, 2591347.213, 246
Trd, 2591347.729, 248
Trd, 2591348.063, 235
Trd, 2591348.113, 263
Trd, 2591348.179, 232
Trd, 2591351.629, 245
Trd, 2591351.729, 245
Trd, 2591351.829, 246
Trd, 2591353.379, 246
Trd, 2591354.779, 246
Trd, 2591354.963, 244
Trd, 2591354.996, 243
Trd, 2591355.313, 255
Trd, 2591355.346, 249
Trd, 2591355.613, 238
Trd, 2591355.763, 257
Trd, 2591357.296, 256
Trd, 2591358.913, 249
Trd, 2591358.929, 251
Trd, 2591359.296, 249
Trd, 2591359.713, 249
Trd, 2591360.063, 255
Trd, 2591360.179, 244
Trd, 2591360.796, 242
Trd, 2591361.763, 241
Trd, 2591363.046, 262
Trd, 2591364.446, 258
Trd, 2591364.763, 252
Trd, 2591364.896, 251
Trd, 2591365.179, 248
Trd, 2591365.646, 244
Trd, 2591366.746, 243
Trd, 2591367.579, 241
Trd, 2591368.396, 248
Trd, 2591369.129, 251
Trd, 2591369.913, 242
Trd, 2591371.129, 251
Trd, 2591371.479, 251
Trd, 2591372.079, 248
Trd, 2591372.513, 238
Trd, 2591372.613, 251
Trd, 2591374.229, 244
Trd, 2591374.396, 241
Trd, 2591375.563, 248
Trd, 2591375.663, 249
Trd, 2591375.696, 250
Trd, 2591376.479, 253
Trd, 2591376.996, 262
Trd, 2591378.096, 241
Trd, 2591378.663, 237
Trd, 2591379.579, 234
Trd, 2591379.613, 243
Trd, 2591379.663, 245
Trd, 2591380.013, 231
Trd, 2591380.679, 224
Trd, 2591380.813, 228
Trd, 2591381.829, 243
Trd, 2591382.763, 255
Trd, 2591386.129, 255
Trd, 2591386.913, 253
Trd, 2591387.113, 248
Trd, 2591387.163, 255
Trd, 2591387.679, 249
Trd, 2591388.346, 248
Trd, 2591388.496, 243
Trd, 2591388.763, 236
Trd, 2591388.813, 231
Trd, 2591389.496, 247
Trd, 2591390.313, 231
Trd, 2591391.896, 237
Trd, 2591392.529, 248
Trd, 2591392.646, 262
Trd, 2591392.929, 238
Trd, 2591394.163, 249
Trd, 2591394.496, 242
Trd, 2591395.579, 268
Trd, 2591397.146, 244
Trd, 2591397.246, 237
Trd, 2591397.263, 231
Trd, 2591397.313, 241
Trd, 2591397.813, 239
Trd, 2591398.129, 230
Trd, 2591399.579, 257
Trd, 2591400.163, 257
Trd, 2591400.563, 257
Trd, 2591400.796, 261
Trd, 2591401.713, 254
Trd, 2591402.646, 242
Trd, 2591406.513, 242
Trd, 2591406.563, 241
Trd, 2591406.596, 243
Trd, 2591407.046, 248
Trd, 2591407.313, 247
Trd, 2591407.363, 240
Trd, 2591408.196, 245
Trd, 2591408.246, 244
Trd, 2591408.296, 241
Trd, 2591408.946, 239
Trd, 2591409.029, 240
Trd, 2591409.279, 237
Trd, 2591409.796, 254
Trd, 2591410.363, 262
Trd, 2591411.429, 242
Trd, 2591412.313, 248
Trd, 2591413.013, 255
Trd, 2591413.329, 268
Trd, 2591413.529, 262
Trd, 2591416.629, 241
Trd, 2591416.796, 245
Trd, 2591416.946, 238
Trd, 2591418.246, 244
Trd, 2591419.696, 239
Trd, 2591420.396, 239
Trd, 2591420.763, 237
Trd, 2591420.796, 263
Trd, 2591421.579, 244
Trd, 2591422.513, 236
Trd, 2591423.229, 238
Trd, 2591424.046, 247
Trd, 2591425.279, 247
Trd, 2591425.346, 248
Trd, 2591425.863, 247
Trd, 2591426.546, 250
Trd, 2591426.646, 248
Trd, 2591426.663, 239
Trd, 2591426.863, 252
Trd, 2591427.113, 255
Trd, 2591427.313, 262
Trd, 2591427.696, 240
Trd, 2591428.179, 232
Trd, 2591429.079, 263
Trd, 2591430.163, 231
Trd, 2591431.096, 244
Trd, 2591432.129, 246
Trd, 2591432.246, 262
Trd, 2591432.879, 253
Trd, 2591433.529, 232
Trd, 2591434.863, 244
Trd, 2591435.846, 244
Trd, 2591436.063, 247
Trd, 2591436.679, 241
Trd, 2591437.146, 243
Trd, 2591437.746, 231
Trd, 2591437.979, 243
Trd, 2591437.996, 245
Trd, 2591438.229, 220
Trd, 2591438.346, 261
Trd, 2591440.363, 230
Trd, 2591440.813, 229
Trd, 2591441.363, 232
Trd, 2591442.379, 231
Trd, 2591442.579, 259
Trd, 2591442.796, 261
Trd, 2591443.079, 232
Trd, 2591444.263, 249
Trd, 2591447.029, 255
Trd, 2591447.213, 254
Trd, 2591447.429, 254
Trd, 2591448.546, 255
Trd, 2591449.346, 255
Trd, 2591449.679, 256
Trd, 2591450.179, 255
Trd, 2591450.663, 247
Trd, 2591450.963, 248
Trd, 2591451.029, 237
Trd, 2591451.613, 237
Trd, 2591452.146, 244
Trd, 2591452.246, 251
Trd, 2591452.929, 236
Trd, 2591453.413, 262
Trd, 2591454.863, 268
Trd, 2591455.313, 247
Trd, 2591455.363, 231
Trd, 2591456.363, 230
Trd, 2591456.563, 232
Trd, 2591456.896, 257
Trd, 2591457.146, 255
Trd, 2591459.263, 267
Trd, 2591459.663, 254
Trd, 2591460.363, 255
Trd, 2591460.479, 262
Trd, 2591461.663, 261
Trd, 2591462.779, 259
Trd, 2591463.446, 258
Trd, 2591463.546, 251
Trd, 2591463.679, 247
Trd, 2591463.813, 260
Trd, 2591463.979, 244
Trd, 2591466.229, 243
Trd, 2591466.379, 256
Trd, 2591466.829, 262
Trd, 2591467.296, 265
Trd, 2591467.513, 270
Trd, 2591468.479, 252
Trd, 2591469.429, 255
Trd, 2591470.313, 250
Trd, 2591470.379, 267
Trd, 2591470.846, 245
Trd, 2591472.313, 249
Trd, 2591472.413, 248
Trd, 2591473.296, 244
Trd, 2591473.413, 241
Trd, 2591475.163, 237
Trd, 2591475.813, 238
Trd, 2591475.963, 231
Trd, 2591476.063, 243
Trd, 2591476.096, 223
Trd, 2591476.646, 225
Trd, 2591476.663, 223
Trd, 2591477.763, 227
Trd, 2591479.263, 252
Trd, 2591479.696, 265
Trd, 2591480.729, 249
Trd, 2591481.146, 249
Trd, 2591481.696, 248
Trd, 2591482.263, 260
Trd, 2591482.413, 261
Trd, 2591485.363, 256
Trd, 2591485.596, 256
Trd, 2591485.763, 257
Trd, 2591485.863, 262
Trd, 2591487.579, 257
Trd, 2591487.629, 255
Trd, 2591487.813, 247
Trd, 2591487.829, 246
Trd, 2591488.263, 260
Trd, 2591489.013, 247
Trd, 2591491.279, 245
Trd, 2591491.763, 243
Trd, 2591492.779, 241
Trd, 2591492.913, 238
Trd, 2591493.163, 237
Trd, 2591493.629, 234
Trd, 2591493.646, 244
Trd, 2591494.229, 262
Trd, 2591495.113, 264
Trd, 2591495.629, 261
Trd, 2591495.863, 240
Trd, 2591497.929, 258
Trd, 2591497.963, 234
Trd, 2591498.513, 236
Trd, 2591499.246, 255
Trd, 2591500.013, 265
Trd, 2591500.146, 247
Trd, 2591500.479, 246
Trd, 2591500.513, 238
Trd, 2591500.563, 237
Trd, 2591502.229, 251
Trd, 2591502.846, 248
Trd, 2591504.013, 249
Trd, 2591504.379, 237
Trd, 2591504.396, 250
Trd, 2591505.863, 243
Trd, 2591505.963, 244
Trd, 2591506.079, 235
Trd, 2591506.879, 232
Trd, 2591507.379, 231
Trd, 2591507.713, 248
Trd, 2591508.363, 234
Trd, 2591508.879, 234
Trd, 2591509.846, 245
Trd, 2591510.896, 235
Trd, 2591511.546, 237
Trd, 2591511.846, 245
Trd, 2591513.013, 244
Trd, 2591513.129, 243
Trd, 2591514.213, 257
Trd, 2591514.763, 255
Trd, 2591515.646, 254
Trd, 2591515.663, 241
Trd, 2591515.713, 237
Trd, 2591515.746, 231
Trd, 2591516.779, 251
Trd, 2591517.513, 255
Trd, 2591518.263, 255
Trd, 2591518.713, 256
Trd, 2591519.196, 256
Trd, 2591520.613, 257
Trd, 2591521.279, 254
Trd, 2591521.813, 260
Trd, 2591522.463, 255
Trd, 2591522.863, 265
Trd, 2591523.046, 254
Trd, 2591523.446, 263
Trd, 2591524.729, 269
Trd, 2591525.829, 249
Trd, 2591526.346, 245
Trd, 2591526.396, 265
Trd, 2591526.729, 262
Trd, 2591527.396, 241
Trd, 2591527.663, 265
Trd, 2591528.613, 244
Trd, 2591530.196, 255
Trd, 2591531.746, 248
Trd, 2591532.613, 246
Trd, 2591532.763, 251
Trd, 2591532.929, 247
Trd, 2591533.313, 234
Trd, 2591533.479, 231
Trd, 2591533.846, 248
Trd, 2591533.913, 240
Trd, 2591534.079, 255
Trd, 2591534.296, 220
Trd, 2591535.346, 222
Trd, 2591535.979, 229
Trd, 2591538.496, 241
Trd, 2591538.679, 244
Trd, 2591538.813, 244
Trd, 2591538.913, 232
Trd, 2591539.746, 241
Trd, 2591540.779, 240
Trd, 2591540.979, 250
Trd, 2591542.413, 247
Trd, 2591542.546, 246
Trd, 2591543.829, 248
Trd, 2591544.579, 244
Trd, 2591545.163, 251
Trd, 2591545.446, 247
Trd, 2591546.246, 260
Trd, 2591546.713, 262
Trd, 2591547.513, 245
Trd, 2591548.579, 242
Trd, 2591548.946, 248
Trd, 2591549.063, 249
Trd, 2591549.196, 241
Trd, 2591549.246, 258
Trd, 2591550.363, 238
Trd, 2591551.096, 266
Trd, 2591551.796, 268
Trd, 2591551.829, 255
Trd, 2591552.446, 242
Trd, 2591553.429, 243
Trd, 2591553.779, 237
Trd, 2591553.796, 223
Trd, 2591553.929, 248
Trd, 2591554.263, 230
Trd, 2591554.896, 262
Trd, 2591555.513, 221
Trd, 2591557.413, 242
Trd, 2591557.813, 240
Trd, 2591557.863, 240
Trd, 2591558.313, 272
Trd, 2591560.263, 250
Trd, 2591560.529, 251
Trd, 2591561.363, 247
Trd, 2591562.896, 261
Trd, 2591563.679, 251
Trd, 2591563.913, 248
Trd, 2591563.946, 261
Trd, 2591564.613, 258
Trd, 2591564.796, 253
Trd, 2591564.996, 248
Trd, 2591566.446, 246
Trd, 2591567.979, 249
Trd, 2591568.429, 248
Trd, 2591568.446, 246
Trd, 2591569.096, 253
Trd, 2591569.613, 244
Trd, 2591569.663, 248
Trd, 2591570.229, 241
Trd, 2591570.346, 253
Trd, 2591570.363, 237
Trd, 2591571.013, 235
Trd, 2591571.696, 254
Trd, 2591573.713, 251
Trd, 2591574.096, 244
Trd, 2591575.679, 232
Trd, 2591576.079, 252
Trd, 2591576.379, 234
Trd, 2591577.246, 261
Trd, 2591577.596, 262
Trd, 2591577.929, 247
Trd, 2591578.479, 239
Trd, 2591579.646, 256
Trd, 2591580.846, 237
Trd, 2591581.129, 243
Trd, 2591581.479, 244
Trd, 2591581.829, 237
Trd, 2591582.479, 264
Trd, 2591582.813, 252
Trd, 2591583.046, 234
Trd, 2591583.379, 251
Trd, 2591583.963, 253
Trd, 2591584.546, 265
Trd, 2591585.029, 251
Trd, 2591585.563, 231
Trd, 2591586.979, 261
Trd, 2591587.663, 268
Trd, 2591588.846, 231
Trd, 2591590.013, 250
Trd, 2591590.463, 262
Trd, 2591590.563, 249
Trd, 2591591.196, 252
Trd, 2591591.763, 251
Trd, 2591592.396, 246
Trd, 2591592.946, 243
Trd, 2591593.096, 254
Trd, 2591593.313, 241
Trd, 2591594.263, 254
Trd, 2591594.413, 255
Trd, 2591594.896, 247
Trd, 2591595.746, 267
Trd, 2591596.746, 245
Trd, 2591597.096, 265
Trd, 2591597.129, 243
Trd, 2591598.129, 266
Trd, 2591599.729, 251
Trd, 2591600.713, 250
Trd, 2591601.179, 240
Trd, 2591601.663, 249
Trd, 2591603.079, 248
Trd, 2591603.113, 246
Trd, 2591603.313, 242
Trd, 2591604.029, 244
Trd, 2591604.146, 245
Trd, 2591605.079, 254
Trd, 2591605.413, 238
Trd, 2591605.563, 237
Trd, 2591607.496, 248
Trd, 2591607.629, 244
Trd, 2591609.096, 261
Trd, 2591609.129, 247
Trd, 2591611.563, 251
Trd, 2591611.663, 252
Trd, 2591611.746, 261
Trd, 2591612.429, 259
Trd, 2591613.113, 250
Trd, 2591613.696, 258
Trd, 2591614.546, 251
Trd, 2591614.696, 261
Trd, 2591615.163, 237
Trd, 2591615.596, 233
Trd, 2591615.913, 254
Trd, 2591616.013, 255
Trd, 2591616.329, 262
Trd, 2591619.613, 245
Trd, 2591619.713, 242
Trd, 2591620.129, 240
Trd, 2591621.446, 251
Trd, 2591621.496, 254
Trd, 2591621.763, 252
Trd, 2591622.179, 254
Trd, 2591622.279, 251
Trd, 2591623.946, 256
Trd, 2591624.046, 251
Trd, 2591624.263, 260
Trd, 2591624.613, 250
Trd, 2591624.679, 250
Trd, 2591625.046, 244
Trd, 2591625.263, 245
Trd, 2591625.546, 235
Trd, 2591625.979, 242
Trd, 2591626.013, 232
Trd, 2591627.213, 232
Trd, 2591629.413, 231
Trd, 2591629.513, 244
Trd, 2591631.096, 247
Trd, 2591631.129, 248
Trd, 2591631.563, 251
Trd, 2591631.646, 262
Trd, 2591632.063, 265
Trd, 2591634.996, 245
Trd, 2591635.396, 242
Trd, 2591635.446, 248
Trd, 2591635.579, 237
Trd, 2591635.896, 266
Trd, 2591638.063, 244
Trd, 2591638.829, 243
Trd, 2591639.096, 243
Trd, 2591639.613, 242
Trd, 2591640.713, 244
Trd, 2591641.813, 244
Trd, 2591642.213, 241
Trd, 2591642.663, 231
Trd, 2591642.679, 237
Trd, 2591642.996, 262
Trd, 2591643.046, 265
Trd, 2591644.096, 270
Trd, 2591644.313, 272
Trd, 2591644.413, 271
Trd, 2591644.446, 250
Trd, 2591645.396, 264
Trd, 2591646.846, 248
Trd, 2591647.829, 247
Trd, 2591648.996, 247
Trd, 2591649.613, 248
Trd, 2591649.746, 246
Trd, 2591650.079, 255
Trd, 2591650.396, 238
Trd, 2591653.696, 244
Trd, 2591655.113, 251
Trd, 2591655.313, 248
Trd, 2591656.863, 248
Trd, 2591656.913, 240
Trd, 2591657.013, 249
Trd, 2591657.896, 243
Trd, 2591658.179, 261
Trd, 2591658.696, 250
Trd, 2591659.279, 255
Trd, 2591660.629, 246
Trd, 2591660.946, 246
Trd, 2591661.079, 244
Trd, 2591663.013, 255
Trd, 2591663.163, 254
Trd, 2591664.063, 244
Trd, 2591664.763, 244
Trd, 2591665.063, 242
Trd, 2591665.379, 241
Trd, 2591666.146, 244
Trd, 2591666.863, 242
Trd, 2591667.796, 247
Trd, 2591668.479, 244
Trd, 2591668.779, 248
Trd, 2591670.446, 262
Trd, 2591670.613, 263
Trd, 2591670.796, 243
Trd, 2591671.596, 234
Trd, 2591671.946, 236
Trd, 2591672.146, 241
Trd, 2591672.246, 243
Trd, 2591672.496, 231
Trd, 2591672.579, 230
Trd, 2591673.413, 244
Trd, 2591675.429, 255
Trd, 2591675.496, 254
Trd, 2591675.813, 239
Trd, 2591676.496, 232
Trd, 2591676.529, 259
Trd, 2591676.879, 231
Trd, 2591677.429, 234
Trd, 2591677.563, 258
Trd, 2591679.263, 234
Trd, 2591679.479, 244
Trd, 2591679.713, 224
Trd, 2591680.196, 224
Trd, 2591682.779, 256
Trd, 2591683.313, 256
Trd, 2591683.363, 248
Trd, 2591683.596, 257
Trd, 2591685.013, 252
Trd, 2591685.363, 253
Trd, 2591685.629, 250
Trd, 2591686.813, 262
Trd, 2591686.896, 263
Trd, 2591687.113, 249
Trd, 2591687.596, 245
Trd, 2591688.779, 243
Trd, 2591688.879, 244
Trd, 2591690.363, 246
Trd, 2591690.563, 244
Trd, 2591691.129, 245
Trd, 2591692.863, 246
Trd, 2591693.263, 244
Trd, 2591693.463, 243
Trd, 2591693.763, 241
Trd, 2591694.829, 236
Trd, 2591695.513, 232
Trd, 2591697.163, 229
Trd, 2591697.313, 228
Trd, 2591697.513, 234
Trd, 2591697.763, 240
Trd, 2591698.046, 241
Trd, 2591699.729, 233
Trd, 2591699.846, 232
Trd, 2591700.479, 244
Trd, 2591700.929, 244
Trd, 2591701.196, 245
Trd, 2591701.746, 248
Trd, 2591702.429, 244
Trd, 2591704.279, 259
Trd, 2591705.396, 262
Trd, 2591705.896, 246
Trd, 2591705.979, 245
Trd, 2591706.246, 244
Trd, 2591706.963, 264
Trd, 2591707.413, 242
Trd, 2591708.529, 259
Trd, 2591709.879, 251
Trd, 2591709.946, 240
Trd, 2591710.346, 242
Trd, 2591711.013, 241
Trd, 2591711.296, 239
Trd, 2591711.929, 237
Trd, 2591712.713, 244
Trd, 2591712.879, 256
Trd, 2591713.379, 255
Trd, 2591713.679, 240
Trd, 2591713.713, 253
Trd, 2591714.996, 231
Trd, 2591715.529, 252
Trd, 2591716.363, 249
Trd, 2591716.379, 229
Trd, 2591716.413, 253
Trd, 2591717.329, 231
Trd, 2591717.813, 246
Trd, 2591718.246, 251
Trd, 2591720.113, 230
Trd, 2591720.129, 231
Trd, 2591720.363, 241
Trd, 2591722.396, 258
Trd, 2591722.663, 256
Trd, 2591723.096, 237
Trd, 2591724.129, 266
Trd, 2591724.479, 268
Trd, 2591724.663, 269
Trd, 2591724.763, 235
Trd, 2591725.629, 252
Trd, 2591726.296, 266
Trd, 2591726.929, 256
Trd, 2591727.479, 265
Trd, 2591728.713, 265
Trd, 2591729.079, 255
Trd, 2591730.746, 260
Trd, 2591731.446, 252
Trd, 2591731.846, 250
Trd, 2591731.996, 241
Trd, 2591732.163, 241
Trd, 2591733.296, 241
Trd, 2591733.546, 256
Trd, 2591733.763, 235
Trd, 2591733.779, 257
Trd, 2591734.546, 237
Trd, 2591734.713, 233
Trd, 2591736.479, 251
Trd, 2591736.563, 250
Trd, 2591736.896, 257
Trd, 2591737.779, 249
Trd, 2591737.913, 247
Trd, 2591738.129, 245
Trd, 2591739.346, 245
Trd, 2591739.529, 251
Trd, 2591739.546, 262
Trd, 2591741.579, 243
Trd, 2591741.913, 240
Trd, 2591743.029, 240
Trd, 2591743.596, 240
Trd, 2591743.729, 256
Trd, 2591744.329, 240
Trd, 2591744.763, 240
Trd, 2591745.546, 239
Trd, 2591746.829, 241
Trd, 2591746.846, 253
Trd, 2591747.313, 237
Trd, 2591748.463, 233
Trd, 2591748.696, 244
Trd, 2591748.863, 258
Trd, 2591749.029, 259
Trd, 2591749.796, 235
Trd, 2591750.863, 251
Trd, 2591751.663, 261
Trd, 2591751.896, 231
Trd, 2591753.513, 242
Trd, 2591753.529, 238
Trd, 2591754.113, 251
Trd, 2591754.196, 231
Trd, 2591754.879, 254
Trd, 2591755.013, 262
Trd, 2591755.879, 236
Trd, 2591757.029, 262
Trd, 2591757.396, 234
Trd, 2591758.513, 244
Trd, 2591759.679, 242
Trd, 2591759.979, 242
Trd, 2591760.696, 236
Trd, 2591761.163, 234
Trd, 2591761.196, 233
Trd, 2591761.729, 242
Trd, 2591762.079, 245
Trd, 2591763.063, 244
Trd, 2591763.079, 248
Trd, 2591763.346, 241
Trd, 2591763.529, 237
Trd, 2591765.046, 234
Trd, 2591765.296, 233
Trd, 2591765.346, 235
Trd, 2591766.413, 237
Trd, 2591766.563, 244
Trd, 2591766.663, 248
Trd, 2591766.946, 224
Trd, 2591767.296, 246
Trd, 2591769.063, 223
Trd, 2591769.846, 250
Trd, 2591770.813, 269
Trd, 2591772.546, 254
Trd, 2591772.779, 254
Trd, 2591773.563, 255
Trd, 2591774.979, 253
Trd, 2591775.246, 260
Trd, 2591775.413, 252
Trd, 2591775.496, 244
Trd, 2591776.096, 241
Trd, 2591776.646, 249
Trd, 2591777.213, 262
Trd, 2591779.679, 258
Trd, 2591780.696, 248
Trd, 2591781.096, 256
Trd, 2591781.296, 258
Trd, 2591781.496, 247
Trd, 2591782.729, 252
Trd, 2591783.046, 251
Trd, 2591783.613, 257
Trd, 2591785.829, 256
Trd, 2591785.896, 255
Trd, 2591786.313, 247
Trd, 2591786.429, 262
Trd, 2591787.346, 262
Trd, 2591788.496, 259
Trd, 2591789.463, 258
Trd, 2591790.263, 254
Trd, 2591790.446, 237
Trd, 2591791.363, 242
Trd, 2591791.479, 243
Trd, 2591792.563, 241
Trd, 2591792.713, 244
Trd, 2591792.929, 238
Trd, 2591793.179, 262
Trd, 2591794.379, 256
Trd, 2591794.563, 257
Trd, 2591794.846, 247
Trd, 2591795.163, 247
Trd, 2591795.529, 255
Trd, 2591796.029, 242
Trd, 2591796.229, 240
Trd, 2591797.279, 236
Trd, 2591797.629, 258
Trd, 2591798.629, 251
Trd, 2591799.213, 241
Trd, 2591800.696, 243
Trd, 2591800.979, 250
Trd, 2591801.113, 242
Trd, 2591802.029, 252
Trd, 2591803.246, 262
Trd, 2591803.346, 257
Trd, 2591803.863, 252
Trd, 2591804.629, 265
Trd, 2591804.846, 265
Trd, 2591805.096, 251
Trd, 2591805.329, 247
Trd, 2591805.429, 247
Trd, 2591805.646, 282
Trd, 2591806.179, 245
Trd, 2591806.746, 264
Trd, 2591808.146, 262
Trd, 2591808.563, 251
Trd, 2591809.363, 242
Trd, 2591811.563, 255
Trd, 2591811.796, 246
Trd, 2591812.013, 239
Trd, 2591813.263, 247
Trd, 2591813.579, 236
Trd, 2591814.596, 235
Trd, 2591815.246, 241
Trd, 2591815.529, 246
Trd, 2591815.863, 253
Trd, 2591816.629, 251
Trd, 2591817.013, 261
Trd, 2591818.846, 256
Trd, 2591819.229, 257
Trd, 2591820.129, 255
Trd, 2591820.496, 255
Trd, 2591820.646, 262
Trd, 2591820.696, 254
Trd, 2591822.863, 245
Trd, 2591823.029, 242
Trd, 2591823.113, 240
Trd, 2591823.296, 237
Trd, 2591823.363, 232
Trd, 2591823.379, 265
Trd, 2591823.629, 265
Trd, 2591823.713, 231
Trd, 2591825.479, 222
Trd, 2591825.729, 217
Trd, 2591826.013, 249
Trd, 2591826.063, 250
Trd, 2591826.463, 217
Trd, 2591826.613, 220
Trd, 2591826.879, 232
Trd, 2591827.663, 252
Trd, 2591828.263, 253
Trd, 2591831.346, 248
Trd, 2591831.879, 260
Trd, 2591831.979, 262
Trd, 2591832.729, 253
Trd, 2591832.896, 254
Trd, 2591833.279, 255
Trd, 2591833.896, 252
Trd, 2591834.363, 253
Trd, 2591836.413, 248
Trd, 2591836.446, 244
Trd, 2591837.946, 245
Trd, 2591838.246, 247
Trd, 2591838.913, 244
Trd, 2591840.063, 250
Trd, 2591840.413, 250
Trd, 2591840.429, 249
Trd, 2591841.613, 240
Trd, 2591842.313, 248
Trd, 2591842.329, 261
Trd, 2591842.829, 249
Trd, 2591843.313, 260
Trd, 2591843.346, 260
Trd, 2591844.046, 247
Trd, 2591844.663, 240
Trd, 2591845.163, 262
Trd, 2591846.863, 255
Trd, 2591846.996, 253
Trd, 2591847.046, 241
Trd, 2591847.096, 237
Trd, 2591847.496, 262
Trd, 2591848.613, 263
Trd, 2591849.613, 250
Trd, 2591849.763, 263
Trd, 2591849.996, 235
Trd, 2591850.079, 234
Trd, 2591850.263, 257
Trd, 2591850.696, 239
Trd, 2591852.596, 259
Trd, 2591853.396, 256
Trd, 2591854.363, 256
Trd, 2591854.813, 256
Trd, 2591855.279, 256
Trd, 2591856.179, 254
Trd, 2591856.663, 240
Trd, 2591857.463, 244
Trd, 2591858.446, 247
Trd, 2591858.579, 246
Trd, 2591858.679, 244
Trd, 2591859.496, 251
Trd, 2591859.663, 252
Trd, 2591860.579, 241
Trd, 2591860.629, 257
Trd, 2591861.696, 260
Trd, 2591862.579, 262
Trd, 2591864.429, 249
Trd, 2591865.113, 244
Trd, 2591865.763, 242
Trd, 2591865.779, 257
Trd, 2591867.313, 241
Trd, 2591867.796, 244
Trd, 2591868.613, 237
Trd, 2591868.863, 233
Trd, 2591868.913, 256
Trd, 2591869.746, 232
Trd, 2591869.863, 255
Trd, 2591870.229, 231
Trd, 2591870.746, 257
Trd, 2591871.996, 259
Trd, 2591873.596, 261
Trd, 2591873.829, 259
Trd, 2591875.413, 258
Trd, 2591876.096, 262
Trd, 2591876.596, 255
Trd, 2591876.729, 251
Trd, 2591876.979, 245
Trd, 2591877.096, 240
Trd, 2591878.063, 255
Trd, 2591879.579, 255
Trd, 2591879.696, 255
Trd, 2591879.796, 254
Trd, 2591881.279, 266
Trd, 2591881.679, 269
Trd, 2591881.996, 263
Trd, 2591882.079, 261
Trd, 2591882.129, 255
Trd, 2591882.913, 259
Trd, 2591885.779, 252
Trd, 2591886.263, 251
Trd, 2591886.596, 252
Trd, 2591886.696, 248
Trd, 2591886.963, 244
Trd, 2591887.896, 251
Trd, 2591888.379, 255
Trd, 2591888.479, 256
Trd, 2591889.913, 246
Trd, 2591890.263, 239
Trd, 2591890.563, 237
Trd, 2591891.213, 231
Trd, 2591891.796, 256
Trd, 2591892.446, 259
Trd, 2591893.029, 253
Trd, 2591893.579, 252
Trd, 2591893.796, 234
Trd, 2591893.896, 233
Trd, 2591894.996, 224
Trd, 2591895.029, 255
Trd, 2591895.346, 223
Trd, 2591895.813, 233
Trd, 2591897.163, 247
Trd, 2591899.363, 252
Trd, 2591899.396, 265
Trd, 2591899.846, 252
Trd, 2591900.629, 253
Trd, 2591901.296, 250
Trd, 2591901.896, 255
Trd, 2591903.129, 248
Trd, 2591903.213, 257
Trd, 2591904.179, 250
Trd, 2591906.396, 250
Trd, 2591906.729, 241
Trd, 2591907.246, 247
Trd, 2591907.813, 247
Trd, 2591908.346, 247
Trd, 2591908.946, 241
Trd, 2591909.913, 240
Trd, 2591911.346, 244
Trd, 2591911.379, 246
Trd, 2591911.496, 246
Trd, 2591911.646, 245
Trd, 2591911.763, 243
Trd, 2591912.263, 248
Trd, 2591912.479, 239
Trd, 2591912.896, 258
Trd, 2591913.196, 270
Trd, 2591913.913, 244
Trd, 2591915.229, 254
Trd, 2591915.763, 253
Trd, 2591916.496, 253
Trd, 2591916.729, 263
Trd, 2591916.913, 266
Trd, 2591917.746, 266
Trd, 2591917.913, 247
Trd, 2591918.379, 244
Trd, 2591919.029, 247
Trd, 2591919.329, 248
Trd, 2591919.363, 265
Trd, 2591919.879, 246
Trd, 2591920.163, 247
Trd, 2591921.963, 251
Trd, 2591923.646, 239
Trd, 2591923.879, 262
Trd, 2591926.463, 251
Trd, 2591926.646, 238
Trd, 2591927.613, 256
Trd, 2591929.229, 247
Trd, 2591929.413, 246
Trd, 2591930.113, 253
Trd, 2591930.596, 241
Trd, 2591931.013, 241
Trd, 2591931.679, 248
Trd, 2591931.813, 251
Trd, 2591931.863, 247
Trd, 2591933.179, 247
Trd, 2591933.296, 246
Trd, 2591933.313, 257
Trd, 2591933.779, 244
Trd, 2591934.063, 254
Trd, 2591934.713, 239
Trd, 2591935.796, 258
Trd, 2591937.113, 238
Trd, 2591938.046, 251
Trd, 2591938.063, 237
Trd, 2591938.696, 262
Trd, 2591939.896, 262
Trd, 2591940.029, 262
Trd, 2591940.479, 250
Trd, 2591940.646, 246
Trd, 2591941.396, 240
Trd, 2591942.346, 235
Trd, 2591942.429, 240
Trd, 2591943.096, 234
Trd, 2591943.963, 258
Trd, 2591944.796, 236
Trd, 2591945.596, 239
Trd, 2591945.763, 234
Trd, 2591945.979, 231
Trd, 2591946.296, 241
Trd, 2591946.446, 244
Trd, 2591947.179, 244
Trd, 2591948.246, 226
Trd, 2591948.663, 245
Trd, 2591950.263, 234
Trd, 2591951.613, 242
Trd, 2591952.746, 234
Trd, 2591952.779, 236
Trd, 2591952.946, 241
Trd, 2591953.146, 248
Trd, 2591954.846, 251
Trd, 2591955.479, 242
Trd, 2591956.496, 254
Trd, 2591956.629, 256
Trd, 2591956.696, 262
Trd, 2591957.029, 256
Trd, 2591958.929, 260
Trd, 2591959.229, 246
Trd, 2591960.646, 249
Trd, 2591961.096, 250
Trd, 2591962.063, 244
Trd, 2591962.263, 248
Trd, 2591962.596, 243
Trd, 2591963.346, 244
Trd, 2591963.713, 247
Trd, 2591964.796, 243
Trd, 2591965.046, 244
Trd, 2591965.863, 262
Trd, 2591966.329, 239
Trd, 2591967.113, 260
Trd, 2591967.879, 241
Trd, 2591968.113, 240
Trd, 2591969.796, 245
Trd, 2591970.429, 249
Trd, 2591972.079, 247
Trd, 2591972.713, 246
Trd, 2591972.863, 245
Trd, 2591972.929, 234
Trd, 2591973.346, 231
Trd, 2591973.446, 248
Trd, 2591974.296, 251
Trd, 2591974.413, 244
Trd, 2591974.613, 262
Trd, 2591974.679, 265
Trd, 2591974.779, 237
Trd, 2591974.846, 267
Trd, 2591975.846, 225
Trd, 2591976.496, 225
Trd, 2591976.546, 234
Trd, 2591976.929, 240
Trd, 2591977.429, 237
Trd, 2591979.296, 239
Trd, 2591979.763, 246
Trd, 2591980.496, 261
Trd, 2591980.929, 236
Trd, 2591982.463, 234
Trd, 2591983.013, 241
Trd, 2591983.763, 259
Trd, 2591984.246, 227
Trd, 2591985.413, 256
Trd, 2591985.496, 256
Trd, 2591986.079, 256
Trd, 2591987.013, 251
Trd, 2591987.263, 228
Trd, 2591987.379, 260
Trd, 2591987.729, 220
Trd, 2591988.813, 231
Trd, 2591989.763, 246
Trd, 2591990.163, 228
Trd, 2591990.429, 231
Trd, 2591990.996, 247
Trd, 2591991.613, 247
Trd, 2591995.346, 249
Trd, 2591995.429, 245
Trd, 2591996.096, 249
Trd, 2591996.896, 250
Trd, 2591997.413, 251
Trd, 2591998.046, 250
Trd, 2591998.513, 251
Trd, 2591998.863, 252
Trd, 2591999.263, 247
