Trd, 2590657.096, 262
Trd, 2590657.946, 261
Trd, 2590658.863, 261
Trd, 2590658.979, 258
Trd, 2590659.529, 262
Trd, 2590659.846, 253
Trd, 2590660.163, 252
Trd, 2590660.546, 246
Trd, 2590661.063, 246
Trd, 2590661.529, 246
Trd, 2590662.146, 248
Trd, 2590662.163, 248
Trd, 2590662.229, 260
Trd, 2590665.513, 252
Trd, 2590665.913, 255
Trd, 2590667.196, 256
Trd, 2590667.379, 257
Trd, 2590667.763, 261
Trd, 2590667.996, 254
Trd, 2590668.529, 251
Trd, 2590668.679, 244
Trd, 2590670.013, 243
Trd, 2590671.096, 244
Trd, 2590671.246, 240
Trd, 2590674.579, 249
Trd, 2590674.679, 250
Trd, 2590674.879, 249
Trd, 2590675.496, 251
Trd, 2590675.546, 250
Trd, 2590675.996, 258
Trd, 2590676.546, 262
Trd, 2590677.729, 260
Trd, 2590677.913, 259
Trd, 2590677.996, 261
Trd, 2590678.446, 256
Trd, 2590678.613, 262
Trd, 2590679.096, 256
Trd, 2590680.479, 251
Trd, 2590682.646, 252
Trd, 2590683.046, 253
Trd, 2590683.346, 259
Trd, 2590684.579, 253
Trd, 2590685.263, 250
Trd, 2590685.813, 247
Trd, 2590686.479, 241
Trd, 2590686.563, 240
Trd, 2590687.963, 238
Trd, 2590688.246, 246
Trd, 2590689.796, 248
Trd, 2590690.246, 249
Trd, 2590690.679, 250
Trd, 2590691.663, 251
Trd, 2590691.713, 260
Trd, 2590692.263, 261
Trd, 2590692.413, 250
Trd, 2590692.846, 252
Trd, 2590693.279, 253
Trd, 2590693.513, 255
Trd, 2590694.146, 252
Trd, 2590696.779, 257
Trd, 2590697.046, 253
Trd, 2590697.546, 253
Trd, 2590697.629, 258
Trd, 2590699.296, 256
Trd, 2590699.996, 255
Trd, 2590700.046, 261
Trd, 2590700.729, 254
Trd, 2590700.813, 250
Trd, 2590701.196, 262
Trd, 2590702.079, 251
Trd, 2590702.929, 261
Trd, 2590705.129, 261
Trd, 2590705.779, 261
Trd, 2590705.846, 262
Trd, 2590706.129, 260
Trd, 2590706.863, 264
Trd, 2590707.396, 260
Trd, 2590707.446, 265
Trd, 2590707.729, 271
Trd, 2590708.663, 261
Trd, 2590708.879, 251
Trd, 2590709.479, 242
Trd, 2590712.596, 250
Trd, 2590712.779, 249
Trd, 2590713.313, 241
Trd, 2590714.296, 251
Trd, 2590714.863, 258
Trd, 2590715.246, 255
Trd, 2590716.763, 255
Trd, 2590717.013, 254
Trd, 2590717.763, 255
Trd, 2590718.413, 256
Trd, 2590718.813, 257
Trd, 2590719.079, 262
Trd, 2590719.346, 265
Trd, 2590719.913, 258
Trd, 2590719.996, 244
Trd, 2590720.479, 251
Trd, 2590721.463, 238
Trd, 2590721.679, 238
Trd, 2590721.846, 238
Trd, 2590722.079, 240
Trd, 2590723.263, 256
Trd, 2590724.813, 242
Trd, 2590724.829, 239
Trd, 2590725.129, 261
Trd, 2590725.379, 265
Trd, 2590727.129, 255
Trd, 2590727.196, 242
Trd, 2590727.946, 236
Trd, 2590728.913, 232
Trd, 2590729.246, 227
Trd, 2590729.513, 252
Trd, 2590731.446, 237
Trd, 2590732.129, 239
Trd, 2590732.629, 240
Trd, 2590733.213, 241
Trd, 2590733.246, 259
Trd, 2590733.563, 261
Trd, 2590734.129, 243
Trd, 2590734.279, 240
Trd, 2590737.096, 239
Trd, 2590738.446, 244
Trd, 2590738.479, 248
Trd, 2590738.563, 240
Trd, 2590739.413, 249
Trd, 2590739.496, 250
Trd, 2590740.196, 251
Trd, 2590740.363, 261
Trd, 2590740.729, 262
Trd, 2590741.179, 253
Trd, 2590741.829, 258
Trd, 2590743.063, 263
Trd, 2590743.313, 261
Trd, 2590743.379, 259
Trd, 2590745.113, 245
Trd, 2590745.263, 259
Trd, 2590746.179, 245
Trd, 2590746.763, 261
Trd, 2590748.329, 257
Trd, 2590748.463, 261
Trd, 2590748.646, 257
Trd, 2590749.713, 260
Trd, 2590749.763, 262
Trd, 2590749.996, 261
Trd, 2590750.479, 260
Trd, 2590751.163, 251
Trd, 2590752.196, 261
Trd, 2590753.596, 245
Trd, 2590755.596, 250
Trd, 2590756.096, 249
Trd, 2590756.346, 249
Trd, 2590756.663, 254
Trd, 2590756.746, 248
Trd, 2590758.296, 249
Trd, 2590758.946, 249
Trd, 2590759.196, 249
Trd, 2590760.896, 259
Trd, 2590760.979, 258
Trd, 2590761.096, 254
Trd, 2590761.496, 255
Trd, 2590762.879, 240
Trd, 2590763.413, 244
Trd, 2590763.746, 249
Trd, 2590763.996, 260
Trd, 2590765.179, 252
Trd, 2590765.813, 238
Trd, 2590767.279, 248
Trd, 2590769.413, 249
Trd, 2590769.563, 250
Trd, 2590770.013, 249
Trd, 2590770.296, 250
Trd, 2590770.446, 249
Trd, 2590770.579, 259
Trd, 2590771.163, 248
Trd, 2590773.379, 257
Trd, 2590773.863, 253
Trd, 2590774.863, 262
Trd, 2590775.329, 259
Trd, 2590775.696, 258
Trd, 2590775.846, 258
Trd, 2590776.013, 258
Trd, 2590776.363, 262
Trd, 2590776.879, 257
Trd, 2590779.963, 251
Trd, 2590780.129, 251
Trd, 2590780.179, 250
Trd, 2590780.779, 248
Trd, 2590781.446, 239
Trd, 2590781.463, 238
Trd, 2590783.046, 244
Trd, 2590784.429, 243
Trd, 2590784.596, 244
Trd, 2590785.563, 245
Trd, 2590786.079, 244
Trd, 2590787.046, 248
Trd, 2590787.813, 245
Trd, 2590787.946, 261
Trd, 2590789.613, 253
Trd, 2590789.829, 259
Trd, 2590790.229, 258
Trd, 2590790.546, 257
Trd, 2590790.613, 248
Trd, 2590790.896, 250
Trd, 2590791.296, 245
Trd, 2590793.646, 246
Trd, 2590793.779, 247
Trd, 2590794.629, 249
Trd, 2590794.929, 250
Trd, 2590795.463, 250
Trd, 2590795.946, 251
Trd, 2590796.463, 248
Trd, 2590796.863, 242
Trd, 2590797.479, 241
Trd, 2590797.696, 261
Trd, 2590797.846, 254
Trd, 2590798.429, 241
Trd, 2590800.296, 260
Trd, 2590801.313, 240
Trd, 2590802.713, 239
Trd, 2590803.629, 250
Trd, 2590804.179, 236
Trd, 2590804.729, 238
Trd, 2590806.729, 251
Trd, 2590807.046, 241
Trd, 2590807.529, 244
Trd, 2590808.013, 249
Trd, 2590809.096, 257
Trd, 2590809.346, 258
Trd, 2590810.663, 267
Trd, 2590810.696, 251
Trd, 2590811.329, 251
Trd, 2590811.696, 248
Trd, 2590811.896, 245
Trd, 2590812.029, 249
Trd, 2590812.846, 248
Trd, 2590813.929, 245
Trd, 2590814.379, 243
Trd, 2590815.629, 245
Trd, 2590816.096, 246
Trd, 2590816.396, 248
Trd, 2590817.463, 248
Trd, 2590818.413, 250
Trd, 2590818.613, 251
Trd, 2590819.246, 253
Trd, 2590821.196, 258
Trd, 2590821.246, 259
Trd, 2590821.879, 261
Trd, 2590822.163, 262
Trd, 2590823.179, 265
Trd, 2590825.346, 264
Trd, 2590825.446, 262
Trd, 2590826.263, 265
Trd, 2590826.313, 258
Trd, 2590826.463, 248
Trd, 2590826.729, 264
Trd, 2590826.863, 263
Trd, 2590827.463, 258
Trd, 2590827.479, 242
Trd, 2590829.046, 270
Trd, 2590829.229, 268
Trd, 2590831.379, 247
Trd, 2590831.896, 244
Trd, 2590832.179, 242
Trd, 2590832.613, 259
Trd, 2590833.146, 241
Trd, 2590834.746, 247
Trd, 2590836.579, 248
Trd, 2590836.729, 241
Trd, 2590837.879, 250
Trd, 2590838.163, 243
Trd, 2590839.096, 244
Trd, 2590839.179, 245
Trd, 2590839.629, 243
Trd, 2590841.246, 250
Trd, 2590841.763, 250
Trd, 2590842.013, 251
Trd, 2590842.079, 250
Trd, 2590842.313, 246
Trd, 2590843.763, 247
Trd, 2590844.129, 246
Trd, 2590844.679, 256
Trd, 2590846.263, 239
Trd, 2590846.996, 252
Trd, 2590847.096, 253
Trd, 2590848.613, 251
Trd, 2590848.863, 252
Trd, 2590849.846, 255
Trd, 2590850.796, 258
Trd, 2590851.496, 258
Trd, 2590851.613, 257
Trd, 2590851.746, 254
Trd, 2590851.779, 250
Trd, 2590851.863, 262
Trd, 2590853.063, 244
Trd, 2590853.429, 241
Trd, 2590854.946, 247
Trd, 2590855.046, 248
Trd, 2590857.096, 239
Trd, 2590857.913, 252
Trd, 2590858.813, 250
Trd, 2590858.979, 252
Trd, 2590860.679, 255
Trd, 2590860.863, 255
Trd, 2590861.546, 259
Trd, 2590861.913, 260
Trd, 2590861.963, 259
Trd, 2590862.363, 258
Trd, 2590862.996, 262
Trd, 2590864.379, 265
Trd, 2590864.946, 265
Trd, 2590864.979, 268
Trd, 2590865.229, 265
Trd, 2590865.363, 262
Trd, 2590866.713, 261
Trd, 2590866.863, 259
Trd, 2590866.996, 264
Trd, 2590869.646, 260
Trd, 2590869.746, 258
Trd, 2590869.996, 244
Trd, 2590870.513, 261
Trd, 2590871.496, 253
Trd, 2590873.563, 257
Trd, 2590873.663, 248
Trd, 2590874.079, 238
Trd, 2590874.763, 258
Trd, 2590875.396, 262
Trd, 2590876.929, 253
Trd, 2590877.479, 253
Trd, 2590877.563, 259
Trd, 2590877.946, 252
Trd, 2590879.279, 252
Trd, 2590879.746, 259
Trd, 2590879.929, 252
Trd, 2590880.313, 251
Trd, 2590880.746, 242
Trd, 2590881.896, 254
Trd, 2590882.563, 255
Trd, 2590883.196, 255
Trd, 2590884.129, 253
Trd, 2590884.213, 258
Trd, 2590885.296, 248
Trd, 2590885.813, 249
Trd, 2590886.129, 248
Trd, 2590886.346, 259
Trd, 2590886.746, 233
Trd, 2590888.079, 245
Trd, 2590888.229, 245
Trd, 2590889.529, 238
Trd, 2590891.029, 243
Trd, 2590891.179, 240
Trd, 2590891.196, 244
Trd, 2590892.529, 248
Trd, 2590892.746, 243
Trd, 2590893.379, 249
Trd, 2590894.196, 248
Trd, 2590895.596, 248
Trd, 2590896.163, 260
Trd, 2590896.646, 261
Trd, 2590898.029, 247
Trd, 2590899.463, 243
Trd, 2590900.263, 246
Trd, 2590900.296, 243
Trd, 2590900.879, 247
Trd, 2590901.046, 245
Trd, 2590901.746, 246
Trd, 2590902.079, 246
Trd, 2590902.479, 248
Trd, 2590902.996, 249
Trd, 2590903.179, 251
Trd, 2590903.579, 249
Trd, 2590904.763, 249
Trd, 2590905.796, 262
Trd, 2590907.596, 253
Trd, 2590908.963, 251
Trd, 2590909.463, 250
Trd, 2590909.913, 250
Trd, 2590910.363, 257
Trd, 2590910.879, 253
Trd, 2590911.663, 259
Trd, 2590911.696, 248
Trd, 2590911.729, 244
Trd, 2590912.913, 237
Trd, 2590913.213, 236
Trd, 2590913.246, 233
Trd, 2590913.296, 227
Trd, 2590914.346, 240
Trd, 2590915.663, 246
Trd, 2590916.979, 254
Trd, 2590917.696, 259
Trd, 2590917.913, 252
Trd, 2590918.179, 250
Trd, 2590919.096, 261
Trd, 2590919.179, 262
Trd, 2590919.963, 261
Trd, 2590920.529, 260
Trd, 2590921.313, 262
Trd, 2590921.846, 259
Trd, 2590922.079, 255
Trd, 2590923.313, 253
Trd, 2590923.713, 261
Trd, 2590923.779, 255
Trd, 2590924.429, 255
Trd, 2590925.529, 262
Trd, 2590926.046, 255
Trd, 2590926.463, 249
Trd, 2590928.029, 251
Trd, 2590928.179, 263
Trd, 2590928.263, 245
Trd, 2590928.696, 243
Trd, 2590930.996, 262
Trd, 2590931.346, 247
Trd, 2590931.863, 247
Trd, 2590931.896, 248
Trd, 2590933.013, 247
Trd, 2590934.163, 247
Trd, 2590934.379, 249
Trd, 2590934.413, 243
Trd, 2590936.113, 254
Trd, 2590936.646, 252
Trd, 2590937.563, 254
Trd, 2590938.813, 259
Trd, 2590939.263, 256
Trd, 2590940.729, 257
Trd, 2590940.763, 256
Trd, 2590940.846, 258
Trd, 2590941.579, 257
Trd, 2590941.879, 257
Trd, 2590943.363, 252
Trd, 2590943.663, 256
Trd, 2590943.996, 261
Trd, 2590945.246, 251
Trd, 2590946.063, 252
Trd, 2590946.546, 252
Trd, 2590946.796, 256
Trd, 2590947.379, 255
Trd, 2590947.579, 255
Trd, 2590947.946, 269
Trd, 2590949.146, 246
Trd, 2590949.196, 244
Trd, 2590949.213, 240
Trd, 2590952.296, 248
Trd, 2590952.429, 244
Trd, 2590952.613, 242
Trd, 2590955.213, 247
Trd, 2590955.413, 246
Trd, 2590955.546, 251
Trd, 2590955.696, 251
Trd, 2590955.763, 245
Trd, 2590956.579, 258
Trd, 2590957.729, 255
Trd, 2590958.179, 258
Trd, 2590958.729, 253
Trd, 2590958.963, 253
Trd, 2590961.779, 250
Trd, 2590961.879, 251
Trd, 2590962.613, 252
Trd, 2590962.913, 249
Trd, 2590963.013, 253
Trd, 2590964.063, 249
Trd, 2590966.063, 255
Trd, 2590966.396, 255
Trd, 2590966.846, 255
Trd, 2590967.229, 256
Trd, 2590967.779, 252
Trd, 2590967.879, 262
Trd, 2590970.413, 246
Trd, 2590970.529, 252
Trd, 2590970.746, 244
Trd, 2590971.379, 246
Trd, 2590971.613, 253
Trd, 2590972.496, 257
Trd, 2590974.546, 254
Trd, 2590974.696, 254
Trd, 2590975.013, 251
Trd, 2590976.413, 246
Trd, 2590976.546, 244
Trd, 2590976.763, 242
Trd, 2590978.179, 245
Trd, 2590978.196, 244
Trd, 2590978.279, 246
Trd, 2590978.363, 253
Trd, 2590978.846, 242
Trd, 2590979.763, 259
Trd, 2590980.546, 263
Trd, 2590982.279, 242
Trd, 2590982.479, 241
Trd, 2590984.513, 251
Trd, 2590984.846, 246
Trd, 2590985.013, 248
Trd, 2590985.529, 259
Trd, 2590987.863, 251
Trd, 2590988.129, 252
Trd, 2590988.246, 253
Trd, 2590988.396, 258
Trd, 2590989.013, 252
Trd, 2590989.196, 242
Trd, 2590989.329, 241
Trd, 2590989.379, 256
Trd, 2590991.179, 258
Trd, 2590991.679, 256
Trd, 2590992.346, 260
Trd, 2590993.246, 261
Trd, 2590993.529, 260
Trd, 2590993.796, 262
Trd, 2590994.213, 260
Trd, 2590994.429, 259
Trd, 2590994.546, 251
Trd, 2590997.246, 251
Trd, 2590999.329, 242
Trd, 2590999.463, 242
Trd, 2590999.696, 241
Trd, 2590999.796, 244
Trd, 2590999.979, 241
Trd, 2591000.746, 254
Trd, 2591000.929, 243
Trd, 2591002.496, 252
Trd, 2591002.696, 251
Trd, 2591003.529, 256
Trd, 2591004.013, 243
Trd, 2591004.096, 259
Trd, 2591006.379, 248
Trd, 2591006.796, 237
Trd, 2591007.279, 239
Trd, 2591008.613, 249
Trd, 2591008.679, 242
Trd, 2591009.213, 249
Trd, 2591009.263, 243
Trd, 2591010.013, 250
Trd, 2591010.379, 249
Trd, 2591011.346, 251
Trd, 2591011.413, 261
Trd, 2591012.763, 248
Trd, 2591014.246, 243
Trd, 2591014.946, 241
Trd, 2591015.913, 241
Trd, 2591016.446, 241
Trd, 2591017.596, 240
Trd, 2591018.113, 241
Trd, 2591018.263, 248
Trd, 2591019.679, 243
Trd, 2591020.463, 255
Trd, 2591020.913, 256
Trd, 2591020.946, 255
Trd, 2591021.313, 255
Trd, 2591021.579, 255
Trd, 2591023.879, 260
Trd, 2591023.913, 261
Trd, 2591024.546, 254
Trd, 2591024.779, 251
Trd, 2591025.863, 253
Trd, 2591026.296, 252
Trd, 2591026.546, 259
Trd, 2591026.629, 241
Trd, 2591027.113, 247
Trd, 2591028.229, 249
Trd, 2591030.463, 249
Trd, 2591031.229, 255
Trd, 2591031.796, 256
Trd, 2591032.896, 258
Trd, 2591032.996, 258
Trd, 2591033.563, 256
Trd, 2591034.263, 258
Trd, 2591035.229, 257
Trd, 2591035.563, 258
Trd, 2591035.779, 257
Trd, 2591037.463, 258
Trd, 2591037.913, 261
Trd, 2591038.063, 262
Trd, 2591038.429, 260
Trd, 2591038.763, 260
Trd, 2591038.913, 261
Trd, 2591040.263, 246
Trd, 2591041.163, 243
Trd, 2591041.396, 251
Trd, 2591042.479, 256
Trd, 2591043.796, 248
Trd, 2591044.463, 247
Trd, 2591044.896, 248
Trd, 2591045.196, 242
Trd, 2591047.496, 248
Trd, 2591048.146, 249
Trd, 2591048.329, 250
Trd, 2591049.096, 251
Trd, 2591049.179, 259
Trd, 2591050.063, 256
Trd, 2591050.446, 255
Trd, 2591050.529, 254
Trd, 2591050.696, 249
Trd, 2591052.429, 252
Trd, 2591052.463, 249
Trd, 2591052.929, 260
Trd, 2591054.113, 241
Trd, 2591054.713, 258
Trd, 2591055.063, 242
Trd, 2591055.663, 245
Trd, 2591056.996, 246
Trd, 2591057.313, 247
Trd, 2591058.579, 240
Trd, 2591058.596, 248
Trd, 2591059.429, 241
Trd, 2591059.796, 249
Trd, 2591060.563, 240
Trd, 2591062.596, 256
Trd, 2591063.013, 262
Trd, 2591063.563, 256
Trd, 2591063.646, 254
Trd, 2591063.896, 252
Trd, 2591065.613, 254
Trd, 2591065.979, 256
Trd, 2591066.096, 259
Trd, 2591066.513, 254
Trd, 2591068.163, 255
Trd, 2591068.329, 257
Trd, 2591069.129, 253
Trd, 2591070.013, 259
Trd, 2591071.413, 250
Trd, 2591072.546, 244
Trd, 2591072.979, 259
Trd, 2591074.396, 257
Trd, 2591075.229, 248
Trd, 2591076.413, 253
Trd, 2591076.679, 251
Trd, 2591077.046, 251
Trd, 2591078.879, 250
Trd, 2591079.013, 249
Trd, 2591079.029, 247
Trd, 2591079.046, 244
Trd, 2591080.096, 241
Trd, 2591080.296, 250
Trd, 2591080.679, 238
Trd, 2591081.363, 239
Trd, 2591082.579, 260
Trd, 2591083.929, 259
Trd, 2591084.279, 258
Trd, 2591084.879, 258
Trd, 2591085.363, 258
Trd, 2591086.746, 243
Trd, 2591087.129, 260
Trd, 2591087.963, 251
Trd, 2591088.479, 248
Trd, 2591088.513, 249
Trd, 2591088.929, 248
Trd, 2591089.629, 249
Trd, 2591090.429, 251
Trd, 2591091.246, 255
Trd, 2591092.063, 253
Trd, 2591092.113, 252
Trd, 2591093.396, 254
Trd, 2591094.296, 251
Trd, 2591096.013, 258
Trd, 2591096.213, 246
Trd, 2591097.863, 250
Trd, 2591098.546, 252
Trd, 2591099.113, 250
Trd, 2591099.229, 257
Trd, 2591100.113, 251
Trd, 2591100.829, 252
Trd, 2591101.379, 255
Trd, 2591101.863, 254
Trd, 2591102.246, 255
Trd, 2591103.646, 254
Trd, 2591103.879, 259
Trd, 2591106.096, 270
Trd, 2591106.596, 262
Trd, 2591107.513, 261
Trd, 2591107.563, 260
Trd, 2591107.979, 252
Trd, 2591108.429, 248
Trd, 2591108.996, 244
Trd, 2591109.113, 250
Trd, 2591110.329, 246
Trd, 2591110.429, 245
Trd, 2591110.896, 248
Trd, 2591111.463, 242
Trd, 2591111.613, 241
Trd, 2591111.646, 249
Trd, 2591112.763, 251
Trd, 2591115.413, 256
Trd, 2591116.546, 261
Trd, 2591116.863, 260
Trd, 2591117.496, 260
Trd, 2591117.929, 260
Trd, 2591118.063, 258
Trd, 2591119.229, 258
Trd, 2591119.713, 257
Trd, 2591120.063, 259
Trd, 2591120.913, 244
Trd, 2591121.029, 242
Trd, 2591121.179, 243
Trd, 2591121.413, 245
Trd, 2591122.979, 245
Trd, 2591123.246, 246
Trd, 2591123.329, 249
Trd, 2591124.029, 244
Trd, 2591124.746, 251
Trd, 2591125.263, 243
Trd, 2591125.429, 242
Trd, 2591125.796, 240
Trd, 2591125.896, 244
Trd, 2591126.879, 238
Trd, 2591127.546, 258
Trd, 2591129.846, 258
Trd, 2591130.329, 259
Trd, 2591130.496, 258
Trd, 2591131.913, 259
Trd, 2591132.579, 262
Trd, 2591132.913, 244
Trd, 2591134.579, 253
Trd, 2591134.746, 249
Trd, 2591136.763, 246
Trd, 2591137.763, 253
Trd, 2591137.813, 255
Trd, 2591138.813, 256
Trd, 2591138.963, 248
Trd, 2591139.663, 258
Trd, 2591140.329, 262
Trd, 2591140.763, 249
Trd, 2591142.829, 253
Trd, 2591143.096, 253
Trd, 2591143.113, 246
Trd, 2591143.496, 253
Trd, 2591145.279, 248
Trd, 2591145.979, 249
Trd, 2591146.279, 250
Trd, 2591146.596, 250
Trd, 2591147.879, 249
Trd, 2591149.129, 250
Trd, 2591149.613, 250
Trd, 2591150.279, 244
Trd, 2591150.729, 242
Trd, 2591151.896, 251
Trd, 2591151.996, 254
Trd, 2591153.296, 246
Trd, 2591154.063, 250
Trd, 2591154.096, 257
Trd, 2591154.263, 262
Trd, 2591154.579, 265
Trd, 2591155.296, 242
Trd, 2591156.446, 249
Trd, 2591156.529, 240
Trd, 2591156.596, 240
Trd, 2591156.929, 237
Trd, 2591158.546, 252
Trd, 2591158.696, 253
Trd, 2591158.929, 245
Trd, 2591161.096, 250
Trd, 2591161.263, 250
Trd, 2591161.346, 251
Trd, 2591161.613, 251
Trd, 2591163.063, 254
Trd, 2591163.729, 252
Trd, 2591164.179, 251
Trd, 2591164.363, 252
Trd, 2591165.529, 245
Trd, 2591166.113, 244
Trd, 2591166.979, 252
Trd, 2591167.063, 258
Trd, 2591167.979, 251
Trd, 2591168.579, 255
Trd, 2591168.996, 248
Trd, 2591169.363, 244
Trd, 2591169.479, 242
Trd, 2591169.763, 256
Trd, 2591169.796, 233
Trd, 2591172.079, 258
Trd, 2591172.413, 239
Trd, 2591172.646, 239
Trd, 2591172.879, 262
Trd, 2591173.696, 241
Trd, 2591174.063, 246
Trd, 2591175.196, 263
Trd, 2591176.379, 254
Trd, 2591176.429, 257
Trd, 2591176.979, 253
Trd, 2591177.196, 251
Trd, 2591179.463, 250
Trd, 2591179.729, 252
Trd, 2591180.713, 249
Trd, 2591181.013, 247
Trd, 2591181.646, 248
Trd, 2591181.963, 248
Trd, 2591182.979, 253
Trd, 2591184.379, 255
Trd, 2591184.496, 256
Trd, 2591185.863, 253
Trd, 2591186.763, 250
Trd, 2591186.796, 253
Trd, 2591188.946, 253
Trd, 2591189.729, 255
Trd, 2591189.929, 258
Trd, 2591189.963, 262
Trd, 2591190.279, 253
Trd, 2591190.296, 252
Trd, 2591190.413, 251
Trd, 2591191.729, 264
Trd, 2591192.296, 257
Trd, 2591192.546, 246
Trd, 2591193.163, 248
Trd, 2591193.296, 246
Trd, 2591194.746, 242
Trd, 2591195.979, 250
Trd, 2591196.613, 247
Trd, 2591197.396, 247
Trd, 2591197.663, 247
Trd, 2591199.446, 257
Trd, 2591200.246, 257
Trd, 2591200.979, 253
Trd, 2591201.246, 252
Trd, 2591201.713, 259
Trd, 2591201.929, 243
Trd, 2591202.296, 248
Trd, 2591203.513, 241
Trd, 2591204.829, 236
Trd, 2591205.496, 253
Trd, 2591206.746, 253
Trd, 2591207.346, 253
Trd, 2591207.629, 251
Trd, 2591208.029, 240
Trd, 2591209.679, 254
Trd, 2591210.163, 241
Trd, 2591211.063, 242
Trd, 2591211.296, 250
Trd, 2591211.463, 251
Trd, 2591212.329, 251
Trd, 2591212.629, 250
Trd, 2591214.079, 256
Trd, 2591214.213, 253
Trd, 2591214.929, 258
Trd, 2591215.446, 258
Trd, 2591215.663, 252
Trd, 2591216.379, 253
Trd, 2591217.046, 252
Trd, 2591219.213, 253
Trd, 2591219.963, 244
Trd, 2591220.896, 241
Trd, 2591221.663, 245
Trd, 2591221.946, 247
Trd, 2591221.996, 246
Trd, 2591222.196, 255
Trd, 2591223.163, 255
Trd, 2591224.896, 255
Trd, 2591225.663, 256
Trd, 2591225.879, 256
Trd, 2591226.563, 263
Trd, 2591226.763, 247
Trd, 2591227.213, 242
Trd, 2591228.013, 251
Trd, 2591228.246, 251
Trd, 2591228.979, 241
Trd, 2591230.663, 241
Trd, 2591232.463, 245
Trd, 2591232.546, 241
Trd, 2591232.729, 248
Trd, 2591233.513, 242
Trd, 2591234.546, 249
Trd, 2591234.613, 245
Trd, 2591235.279, 253
Trd, 2591235.846, 250
Trd, 2591235.929, 249
Trd, 2591236.229, 247
Trd, 2591237.413, 251
Trd, 2591237.663, 250
Trd, 2591238.229, 251
Trd, 2591238.346, 250
Trd, 2591239.646, 260
Trd, 2591239.713, 247
Trd, 2591240.729, 243
Trd, 2591241.929, 260
Trd, 2591242.413, 261
Trd, 2591243.679, 261
Trd, 2591243.946, 251
Trd, 2591244.279, 250
Trd, 2591245.129, 252
Trd, 2591245.146, 250
Trd, 2591245.663, 258
Trd, 2591247.113, 262
Trd, 2591247.413, 265
Trd, 2591247.546, 253
Trd, 2591248.263, 256
Trd, 2591248.579, 256
Trd, 2591248.613, 255
Trd, 2591249.679, 256
Trd, 2591252.063, 247
Trd, 2591252.329, 248
Trd, 2591252.663, 247
Trd, 2591253.196, 246
Trd, 2591254.646, 245
Trd, 2591255.729, 246
Trd, 2591255.829, 251
Trd, 2591256.346, 251
Trd, 2591256.729, 250
Trd, 2591257.063, 243
Trd, 2591257.913, 245
Trd, 2591258.113, 242
Trd, 2591258.163, 246
Trd, 2591260.629, 246
Trd, 2591261.979, 249
Trd, 2591262.163, 250
Trd, 2591262.379, 249
Trd, 2591263.229, 249
Trd, 2591265.029, 254
Trd, 2591265.046, 253
Trd, 2591265.279, 252
Trd, 2591266.196, 260
Trd, 2591266.296, 262
Trd, 2591267.279, 264
Trd, 2591268.513, 250
Trd, 2591269.429, 257
Trd, 2591269.529, 258
Trd, 2591271.063, 254
Trd, 2591271.096, 253
Trd, 2591271.563, 245
Trd, 2591272.379, 247
Trd, 2591272.579, 243
Trd, 2591272.846, 240
Trd, 2591272.996, 246
Trd, 2591273.379, 247
Trd, 2591274.163, 239
Trd, 2591275.296, 244
Trd, 2591275.696, 250
Trd, 2591277.813, 253
Trd, 2591277.913, 251
Trd, 2591277.996, 240
Trd, 2591279.929, 246
Trd, 2591280.496, 247
Trd, 2591281.746, 258
Trd, 2591281.796, 257
Trd, 2591282.346, 261
Trd, 2591282.396, 260
Trd, 2591282.763, 260
Trd, 2591282.913, 259
Trd, 2591283.213, 259
Trd, 2591283.729, 258
Trd, 2591283.796, 259
Trd, 2591284.929, 240
Trd, 2591288.029, 248
Trd, 2591288.246, 241
Trd, 2591288.446, 227
Trd, 2591289.796, 254
Trd, 2591291.246, 261
Trd, 2591291.963, 253
Trd, 2591292.129, 251
Trd, 2591293.429, 254
Trd, 2591293.629, 255
Trd, 2591294.246, 256
Trd, 2591296.263, 257
Trd, 2591297.063, 259
Trd, 2591297.246, 259
Trd, 2591297.663, 258
Trd, 2591297.796, 266
Trd, 2591298.396, 274
Trd, 2591299.279, 266
Trd, 2591300.129, 265
Trd, 2591301.113, 252
Trd, 2591301.279, 265
Trd, 2591301.513, 250
Trd, 2591303.113, 263
Trd, 2591303.496, 252
Trd, 2591304.113, 251
Trd, 2591304.146, 244
Trd, 2591304.229, 238
Trd, 2591304.263, 237
Trd, 2591305.763, 257
Trd, 2591307.746, 237
Trd, 2591307.946, 237
Trd, 2591308.279, 237
Trd, 2591308.463, 251
Trd, 2591308.546, 259
Trd, 2591310.813, 252
Trd, 2591311.063, 245
Trd, 2591311.146, 244
Trd, 2591312.263, 256
Trd, 2591312.913, 252
Trd, 2591313.396, 254
Trd, 2591313.963, 254
Trd, 2591314.646, 253
Trd, 2591316.463, 251
Trd, 2591317.629, 248
Trd, 2591318.746, 250
Trd, 2591320.479, 254
Trd, 2591320.529, 253
Trd, 2591321.113, 259
Trd, 2591322.579, 259
Trd, 2591322.829, 262
Trd, 2591322.896, 254
Trd, 2591322.963, 250
Trd, 2591323.379, 246
Trd, 2591324.679, 264
Trd, 2591327.229, 253
Trd, 2591327.329, 253
Trd, 2591327.363, 251
Trd, 2591327.929, 255
Trd, 2591328.379, 248
Trd, 2591328.779, 255
Trd, 2591328.796, 245
Trd, 2591331.046, 245
Trd, 2591331.996, 247
Trd, 2591334.646, 248
Trd, 2591334.813, 247
Trd, 2591335.079, 250
Trd, 2591335.996, 245
Trd, 2591336.529, 239
Trd, 2591337.796, 238
Trd, 2591338.096, 248
Trd, 2591338.813, 246
Trd, 2591339.763, 246
Trd, 2591340.979, 246
Trd, 2591341.029, 245
Trd, 2591341.196, 250
Trd, 2591341.313, 237
Trd, 2591341.696, 251
Trd, 2591341.746, 258
Trd, 2591343.113, 249
Trd, 2591343.513, 258
Trd, 2591344.313, 255
Trd, 2591344.913, 257
Trd, 2591346.096, 258
Trd, 2591346.996, 255
Trd, 2591347.496, 258
Trd, 2591347.796, 265
Trd, 2591348.279, 246
Trd, 2591348.413, 245
Trd, 2591349.279, 242
Trd, 2591349.313, 233
Trd, 2591349.829, 232
Trd, 2591350.096, 257
Trd, 2591352.096, 248
Trd, 2591352.729, 259
Trd, 2591353.146, 244
Trd, 2591354.396, 248
Trd, 2591354.846, 248
Trd, 2591355.646, 262
Trd, 2591355.913, 263
Trd, 2591357.413, 258
Trd, 2591357.579, 259
Trd, 2591357.746, 258
Trd, 2591358.796, 257
Trd, 2591359.446, 258
Trd, 2591359.479, 257
Trd, 2591359.529, 265
Trd, 2591359.996, 249
Trd, 2591362.779, 249
Trd, 2591363.396, 251
Trd, 2591363.763, 248
Trd, 2591364.629, 250
Trd, 2591365.846, 243
Trd, 2591366.863, 247
Trd, 2591367.413, 248
Trd, 2591369.246, 250
Trd, 2591369.363, 251
Trd, 2591369.629, 250
Trd, 2591370.346, 252
Trd, 2591371.246, 256
Trd, 2591371.529, 251
Trd, 2591371.946, 259
Trd, 2591371.963, 248
Trd, 2591372.596, 243
Trd, 2591372.829, 241
Trd, 2591374.729, 262
Trd, 2591375.979, 247
Trd, 2591376.246, 248
Trd, 2591377.329, 249
Trd, 2591377.629, 242
Trd, 2591379.313, 251
Trd, 2591380.063, 252
Trd, 2591380.813, 256
Trd, 2591381.396, 255
Trd, 2591381.496, 254
Trd, 2591381.546, 265
Trd, 2591381.863, 255
Trd, 2591382.946, 254
Trd, 2591383.696, 250
Trd, 2591383.779, 259
Trd, 2591384.079, 249
Trd, 2591386.196, 248
Trd, 2591386.346, 247
Trd, 2591386.446, 248
Trd, 2591386.779, 247
Trd, 2591386.829, 249
Trd, 2591387.113, 245
Trd, 2591388.413, 256
Trd, 2591389.213, 249
Trd, 2591390.946, 254
Trd, 2591391.613, 252
Trd, 2591392.079, 250
Trd, 2591392.763, 251
Trd, 2591393.113, 253
Trd, 2591394.429, 251
Trd, 2591395.829, 240
Trd, 2591396.979, 253
Trd, 2591397.213, 252
Trd, 2591398.246, 259
Trd, 2591399.446, 256
Trd, 2591399.596, 255
Trd, 2591400.979, 257
Trd, 2591401.179, 252
Trd, 2591401.813, 258
Trd, 2591401.979, 253
Trd, 2591402.496, 262
Trd, 2591402.846, 252
Trd, 2591403.013, 250
Trd, 2591404.129, 241
Trd, 2591404.396, 251
Trd, 2591404.679, 240
Trd, 2591406.113, 262
Trd, 2591409.346, 255
Trd, 2591410.146, 255
Trd, 2591410.596, 256
Trd, 2591410.679, 257
Trd, 2591411.029, 259
Trd, 2591411.646, 262
Trd, 2591412.479, 263
Trd, 2591412.629, 258
Trd, 2591413.713, 258
Trd, 2591413.729, 257
Trd, 2591413.746, 263
Trd, 2591414.063, 251
Trd, 2591416.496, 264
Trd, 2591417.179, 255
Trd, 2591417.779, 254
Trd, 2591418.146, 264
Trd, 2591418.663, 258
Trd, 2591418.779, 265
Trd, 2591420.013, 259
Trd, 2591421.663, 260
Trd, 2591422.379, 260
Trd, 2591422.413, 263
Trd, 2591422.563, 259
Trd, 2591423.063, 260
Trd, 2591423.463, 261
Trd, 2591424.263, 262
Trd, 2591425.913, 260
Trd, 2591426.029, 260
Trd, 2591426.813, 245
Trd, 2591426.946, 243
Trd, 2591428.046, 255
Trd, 2591428.429, 250
Trd, 2591429.713, 259
Trd, 2591429.913, 250
Trd, 2591430.613, 257
Trd, 2591431.979, 246
Trd, 2591432.563, 247
Trd, 2591432.663, 250
Trd, 2591434.196, 260
Trd, 2591434.729, 247
Trd, 2591436.879, 249
Trd, 2591437.746, 243
Trd, 2591438.963, 245
Trd, 2591439.146, 245
Trd, 2591439.779, 249
Trd, 2591439.879, 249
Trd, 2591440.163, 246
Trd, 2591440.329, 251
Trd, 2591441.196, 258
Trd, 2591441.246, 248
Trd, 2591441.829, 262
Trd, 2591442.796, 250
Trd, 2591442.879, 248
Trd, 2591443.113, 261
Trd, 2591444.079, 249
Trd, 2591445.829, 252
Trd, 2591446.296, 253
Trd, 2591446.779, 253
Trd, 2591448.329, 259
Trd, 2591448.646, 258
Trd, 2591448.979, 258
Trd, 2591449.146, 258
Trd, 2591449.913, 258
Trd, 2591449.929, 248
Trd, 2591450.913, 259
Trd, 2591451.546, 264
Trd, 2591452.513, 248
Trd, 2591452.696, 246
Trd, 2591452.829, 243
Trd, 2591456.429, 250
Trd, 2591456.746, 249
Trd, 2591456.813, 248
Trd, 2591457.679, 248
Trd, 2591457.729, 262
Trd, 2591458.713, 244
Trd, 2591459.896, 248
Trd, 2591459.963, 243
Trd, 2591461.246, 254
Trd, 2591462.079, 255
Trd, 2591462.546, 249
Trd, 2591462.829, 257
Trd, 2591462.846, 249
Trd, 2591463.463, 262
Trd, 2591464.746, 256
Trd, 2591464.829, 248
Trd, 2591464.896, 258
Trd, 2591464.913, 247
Trd, 2591465.879, 261
Trd, 2591467.313, 246
Trd, 2591468.213, 252
Trd, 2591469.113, 251
Trd, 2591469.679, 249
Trd, 2591469.763, 248
Trd, 2591470.196, 256
Trd, 2591470.679, 245
Trd, 2591473.029, 252
Trd, 2591473.379, 252
Trd, 2591474.946, 257
Trd, 2591475.496, 257
Trd, 2591475.746, 258
Trd, 2591475.846, 258
Trd, 2591476.913, 259
Trd, 2591476.963, 257
Trd, 2591477.963, 248
Trd, 2591478.479, 243
Trd, 2591479.629, 243
Trd, 2591480.129, 256
Trd, 2591480.463, 245
Trd, 2591481.763, 244
Trd, 2591482.196, 248
Trd, 2591482.696, 251
Trd, 2591484.629, 248
Trd, 2591486.063, 245
Trd, 2591487.113, 247
Trd, 2591487.246, 248
Trd, 2591487.329, 246
Trd, 2591487.629, 248
Trd, 2591487.946, 258
Trd, 2591488.046, 249
Trd, 2591488.929, 248
Trd, 2591491.196, 242
Trd, 2591491.663, 242
Trd, 2591491.763, 259
Trd, 2591493.013, 249
Trd, 2591493.079, 248
Trd, 2591493.246, 247
Trd, 2591494.613, 248
Trd, 2591494.879, 244
Trd, 2591495.496, 249
Trd, 2591496.379, 261
Trd, 2591497.413, 246
Trd, 2591498.313, 245
Trd, 2591498.996, 254
Trd, 2591499.496, 245
Trd, 2591501.279, 246
Trd, 2591501.979, 246
Trd, 2591502.829, 244
Trd, 2591503.313, 244
Trd, 2591503.946, 249
Trd, 2591504.179, 248
Trd, 2591504.496, 244
Trd, 2591504.846, 244
Trd, 2591505.696, 245
Trd, 2591506.429, 250
Trd, 2591507.629, 247
Trd, 2591507.846, 246
Trd, 2591507.896, 251
Trd, 2591509.196, 242
Trd, 2591509.913, 254
Trd, 2591510.646, 253
Trd, 2591510.829, 251
Trd, 2591511.996, 240
Trd, 2591512.579, 245
Trd, 2591512.796, 238
Trd, 2591513.496, 251
Trd, 2591514.996, 247
Trd, 2591515.529, 246
Trd, 2591516.663, 245
Trd, 2591517.546, 245
Trd, 2591518.596, 240
Trd, 2591519.463, 237
Trd, 2591520.063, 239
Trd, 2591520.546, 248
Trd, 2591521.246, 234
Trd, 2591521.946, 234
Trd, 2591522.746, 243
Trd, 2591522.879, 251
Trd, 2591523.129, 261
Trd, 2591523.413, 262
Trd, 2591524.313, 263
Trd, 2591524.463, 247
Trd, 2591524.596, 247
Trd, 2591525.863, 246
Trd, 2591526.113, 249
Trd, 2591526.646, 259
Trd, 2591527.479, 243
Trd, 2591528.846, 244
Trd, 2591529.979, 241
Trd, 2591530.063, 255
Trd, 2591531.046, 237
Trd, 2591533.129, 248
Trd, 2591533.579, 250
Trd, 2591533.796, 250
Trd, 2591534.046, 251
Trd, 2591534.713, 253
Trd, 2591535.029, 257
Trd, 2591535.529, 258
Trd, 2591537.629, 260
Trd, 2591537.863, 260
Trd, 2591538.429, 259
Trd, 2591538.746, 258
Trd, 2591538.929, 262
Trd, 2591539.179, 243
Trd, 2591540.429, 258
Trd, 2591540.629, 239
Trd, 2591542.046, 249
Trd, 2591542.113, 263
Trd, 2591542.146, 240
Trd, 2591543.046, 249
Trd, 2591543.863, 257
Trd, 2591544.696, 257
Trd, 2591545.163, 257
Trd, 2591546.329, 262
Trd, 2591546.529, 259
Trd, 2591547.313, 261
Trd, 2591547.979, 262
Trd, 2591548.213, 261
Trd, 2591548.546, 251
Trd, 2591549.346, 243
Trd, 2591551.096, 239
Trd, 2591552.063, 246
Trd, 2591552.279, 247
Trd, 2591552.363, 238
Trd, 2591553.279, 250
Trd, 2591553.496, 251
Trd, 2591554.629, 264
Trd, 2591554.696, 265
Trd, 2591554.796, 249
Trd, 2591555.196, 274
Trd, 2591557.696, 256
Trd, 2591557.829, 256
Trd, 2591558.029, 256
Trd, 2591558.213, 254
Trd, 2591558.746, 252
Trd, 2591560.613, 255
Trd, 2591560.996, 256
Trd, 2591561.196, 256
Trd, 2591562.079, 242
Trd, 2591563.213, 244
Trd, 2591564.879, 248
Trd, 2591565.296, 249
Trd, 2591565.363, 247
Trd, 2591565.763, 246
Trd, 2591567.046, 249
Trd, 2591567.079, 248
Trd, 2591567.229, 246
Trd, 2591569.329, 247
Trd, 2591569.913, 246
Trd, 2591570.213, 246
Trd, 2591570.613, 239
Trd, 2591571.396, 240
Trd, 2591571.529, 251
Trd, 2591573.013, 262
Trd, 2591573.963, 253
Trd, 2591574.446, 253
Trd, 2591574.946, 254
Trd, 2591576.046, 256
Trd, 2591576.129, 243
Trd, 2591576.963, 251
Trd, 2591577.996, 250
Trd, 2591578.013, 244
Trd, 2591578.829, 242
Trd, 2591579.846, 241
Trd, 2591580.546, 247
Trd, 2591580.729, 246
Trd, 2591580.996, 248
Trd, 2591581.763, 251
Trd, 2591583.079, 246
Trd, 2591583.296, 243
Trd, 2591583.479, 254
Trd, 2591585.079, 258
Trd, 2591585.913, 255
Trd, 2591586.379, 259
Trd, 2591586.546, 259
Trd, 2591586.679, 260
Trd, 2591586.846, 258
Trd, 2591587.163, 261
Trd, 2591587.296, 262
Trd, 2591587.513, 257
Trd, 2591587.963, 236
Trd, 2591589.246, 264
Trd, 2591591.729, 252
Trd, 2591593.346, 260
Trd, 2591594.063, 259
Trd, 2591594.113, 258
Trd, 2591594.679, 256
Trd, 2591595.079, 244
Trd, 2591595.713, 243
Trd, 2591595.996, 240
Trd, 2591598.146, 253
Trd, 2591598.213, 245
Trd, 2591598.329, 254
Trd, 2591599.463, 255
Trd, 2591599.513, 258
Trd, 2591599.529, 259
Trd, 2591600.546, 259
Trd, 2591601.463, 260
Trd, 2591602.429, 259
Trd, 2591602.863, 259
Trd, 2591604.496, 260
Trd, 2591604.663, 262
Trd, 2591605.196, 258
Trd, 2591608.446, 254
Trd, 2591609.496, 257
Trd, 2591609.763, 258
Trd, 2591609.813, 258
Trd, 2591609.829, 255
Trd, 2591610.163, 260
Trd, 2591610.313, 251
Trd, 2591610.579, 242
Trd, 2591611.646, 259
Trd, 2591612.429, 259
Trd, 2591612.929, 249
Trd, 2591615.046, 242
Trd, 2591615.913, 252
Trd, 2591616.079, 262
Trd, 2591616.513, 256
Trd, 2591616.629, 251
Trd, 2591618.813, 248
Trd, 2591618.946, 246
Trd, 2591619.079, 244
Trd, 2591619.546, 262
Trd, 2591620.946, 254
Trd, 2591621.663, 250
Trd, 2591621.696, 247
Trd, 2591622.313, 250
Trd, 2591622.513, 251
Trd, 2591623.729, 252
Trd, 2591623.746, 242
Trd, 2591625.779, 260
Trd, 2591626.863, 256
Trd, 2591627.646, 258
Trd, 2591628.613, 260
Trd, 2591629.646, 258
Trd, 2591630.363, 256
Trd, 2591630.779, 255
Trd, 2591630.796, 250
Trd, 2591631.246, 256
Trd, 2591631.646, 252
Trd, 2591632.229, 257
Trd, 2591632.546, 251
Trd, 2591633.879, 257
Trd, 2591634.746, 258
Trd, 2591634.879, 258
Trd, 2591636.046, 259
Trd, 2591636.113, 258
Trd, 2591636.329, 265
Trd, 2591636.513, 270
Trd, 2591636.813, 243
Trd, 2591637.629, 242
Trd, 2591638.396, 259
Trd, 2591641.113, 256
Trd, 2591641.563, 257
Trd, 2591641.679, 256
Trd, 2591641.829, 255
Trd, 2591641.996, 250
Trd, 2591642.596, 257
Trd, 2591642.896, 244
Trd, 2591643.279, 248
Trd, 2591643.396, 256
Trd, 2591644.463, 260
Trd, 2591644.679, 262
Trd, 2591646.663, 248
Trd, 2591647.713, 240
Trd, 2591649.396, 254
Trd, 2591650.496, 243
Trd, 2591651.429, 244
Trd, 2591651.746, 245
Trd, 2591652.296, 246
Trd, 2591652.846, 244
Trd, 2591653.463, 255
Trd, 2591653.546, 253
Trd, 2591654.496, 245
Trd, 2591654.546, 254
Trd, 2591656.213, 244
Trd, 2591657.229, 246
Trd, 2591657.296, 238
Trd, 2591657.346, 233
Trd, 2591658.179, 239
Trd, 2591658.329, 246
Trd, 2591658.696, 248
Trd, 2591659.563, 243
Trd, 2591660.396, 253
Trd, 2591662.363, 254
Trd, 2591662.646, 254
Trd, 2591663.079, 260
Trd, 2591663.729, 258
Trd, 2591663.829, 257
Trd, 2591664.296, 256
Trd, 2591664.963, 256
Trd, 2591666.763, 257
Trd, 2591667.313, 258
Trd, 2591668.296, 257
Trd, 2591668.479, 256
Trd, 2591668.763, 263
Trd, 2591669.013, 264
Trd, 2591670.129, 231
Trd, 2591670.313, 259
Trd, 2591671.146, 253
Trd, 2591671.179, 252
Trd, 2591671.713, 249
Trd, 2591672.763, 248
Trd, 2591673.196, 249
Trd, 2591674.063, 249
Trd, 2591674.163, 266
Trd, 2591677.629, 251
Trd, 2591678.263, 251
Trd, 2591678.396, 251
Trd, 2591679.529, 253
Trd, 2591679.863, 255
Trd, 2591680.179, 256
Trd, 2591680.279, 258
Trd, 2591680.613, 256
Trd, 2591681.446, 262
Trd, 2591681.729, 258
Trd, 2591682.146, 260
Trd, 2591682.563, 257
Trd, 2591682.946, 260
Trd, 2591683.379, 257
Trd, 2591683.829, 253
Trd, 2591685.579, 254
Trd, 2591685.979, 253
Trd, 2591688.563, 256
Trd, 2591689.379, 256
Trd, 2591689.929, 256
Trd, 2591690.163, 255
Trd, 2591690.529, 255
Trd, 2591690.663, 250
Trd, 2591690.929, 249
Trd, 2591691.129, 256
Trd, 2591691.646, 258
Trd, 2591693.229, 255
Trd, 2591694.813, 241
Trd, 2591696.496, 249
Trd, 2591697.229, 251
Trd, 2591697.346, 257
Trd, 2591698.113, 248
Trd, 2591698.463, 247
Trd, 2591698.696, 253
Trd, 2591699.529, 245
Trd, 2591699.613, 252
Trd, 2591700.146, 243
Trd, 2591701.046, 243
Trd, 2591703.113, 248
Trd, 2591703.563, 248
Trd, 2591704.529, 250
Trd, 2591704.863, 249
Trd, 2591705.229, 248
Trd, 2591705.279, 238
Trd, 2591705.463, 250
Trd, 2591706.546, 236
Trd, 2591706.713, 251
Trd, 2591706.729, 234
Trd, 2591708.629, 240
Trd, 2591708.996, 258
Trd, 2591709.213, 262
Trd, 2591710.829, 262
Trd, 2591711.129, 263
Trd, 2591711.396, 265
Trd, 2591711.446, 262
Trd, 2591711.996, 262
Trd, 2591712.096, 255
Trd, 2591714.246, 251
Trd, 2591714.646, 250
Trd, 2591718.496, 248
Trd, 2591718.596, 247
Trd, 2591719.413, 243
Trd, 2591719.679, 240
Trd, 2591720.079, 235
Trd, 2591720.579, 245
Trd, 2591721.079, 246
Trd, 2591721.579, 248
Trd, 2591722.013, 250
Trd, 2591722.129, 251
Trd, 2591722.546, 254
Trd, 2591723.429, 258
Trd, 2591723.896, 260
Trd, 2591724.179, 258
Trd, 2591724.829, 253
Trd, 2591726.063, 254
Trd, 2591726.329, 251
Trd, 2591726.763, 256
Trd, 2591726.829, 237
Trd, 2591728.946, 249
Trd, 2591729.829, 251
Trd, 2591730.896, 256
Trd, 2591731.279, 258
Trd, 2591732.179, 261
Trd, 2591732.379, 262
Trd, 2591732.396, 261
Trd, 2591733.696, 264
Trd, 2591734.079, 262
Trd, 2591734.263, 258
Trd, 2591734.396, 250
Trd, 2591734.496, 265
Trd, 2591737.763, 265
Trd, 2591737.863, 265
Trd, 2591738.029, 271
Trd, 2591738.996, 268
Trd, 2591739.529, 267
Trd, 2591740.846, 267
Trd, 2591741.279, 267
Trd, 2591741.729, 264
Trd, 2591741.879, 258
Trd, 2591742.763, 262
Trd, 2591743.113, 251
Trd, 2591743.596, 250
Trd, 2591744.396, 244
Trd, 2591744.429, 236
Trd, 2591745.129, 239
Trd, 2591745.163, 240
Trd, 2591746.763, 249
Trd, 2591747.246, 254
Trd, 2591747.429, 254
Trd, 2591747.996, 255
Trd, 2591748.913, 255
Trd, 2591749.863, 243
Trd, 2591750.346, 257
Trd, 2591751.063, 259
Trd, 2591751.863, 247
Trd, 2591752.229, 248
Trd, 2591753.613, 253
Trd, 2591753.763, 252
Trd, 2591753.813, 259
Trd, 2591754.729, 259
Trd, 2591755.979, 259
Trd, 2591757.113, 256
Trd, 2591757.663, 255
Trd, 2591758.046, 255
Trd, 2591758.929, 242
Trd, 2591759.329, 242
Trd, 2591759.979, 244
Trd, 2591760.263, 250
Trd, 2591760.496, 255
Trd, 2591760.646, 245
Trd, 2591762.413, 244
Trd, 2591763.213, 252
Trd, 2591764.046, 245
Trd, 2591765.413, 243
Trd, 2591765.529, 248
Trd, 2591767.263, 246
Trd, 2591767.646, 245
Trd, 2591768.629, 249
Trd, 2591769.246, 251
Trd, 2591769.363, 262
Trd, 2591769.829, 249
Trd, 2591771.263, 264
Trd, 2591772.379, 263
Trd, 2591772.813, 253
Trd, 2591773.879, 251
Trd, 2591774.696, 250
Trd, 2591775.513, 250
Trd, 2591776.029, 254
Trd, 2591776.546, 249
Trd, 2591777.646, 250
Trd, 2591777.796, 251
Trd, 2591777.963, 248
Trd, 2591779.596, 252
Trd, 2591780.613, 252
Trd, 2591780.696, 251
Trd, 2591781.046, 250
Trd, 2591781.179, 255
Trd, 2591782.496, 254
Trd, 2591783.013, 254
Trd, 2591783.046, 252
Trd, 2591785.363, 254
Trd, 2591785.996, 255
Trd, 2591786.013, 253
Trd, 2591787.146, 247
Trd, 2591787.196, 247
Trd, 2591787.929, 244
Trd, 2591788.229, 253
Trd, 2591789.446, 258
Trd, 2591790.113, 242
Trd, 2591791.146, 242
Trd, 2591791.646, 240
Trd, 2591792.446, 240
Trd, 2591792.596, 245
Trd, 2591793.479, 261
Trd, 2591793.913, 261
Trd, 2591794.079, 262
Trd, 2591796.379, 264
Trd, 2591796.663, 252
Trd, 2591796.929, 250
Trd, 2591797.079, 265
Trd, 2591798.696, 267
Trd, 2591799.446, 251
Trd, 2591799.696, 250
Trd, 2591801.463, 249
Trd, 2591802.363, 253
Trd, 2591803.263, 250
Trd, 2591803.429, 252
Trd, 2591803.829, 248
Trd, 2591804.913, 244
Trd, 2591805.129, 249
Trd, 2591807.279, 246
Trd, 2591807.313, 245
Trd, 2591807.613, 241
Trd, 2591808.263, 246
Trd, 2591808.329, 248
Trd, 2591808.996, 249
Trd, 2591809.396, 251
Trd, 2591809.746, 248
Trd, 2591809.996, 259
Trd, 2591811.329, 244
Trd, 2591811.529, 244
Trd, 2591813.029, 248
Trd, 2591814.179, 252
Trd, 2591814.879, 252
Trd, 2591815.163, 253
Trd, 2591815.629, 248
Trd, 2591815.829, 245
Trd, 2591816.129, 259
Trd, 2591816.579, 244
Trd, 2591817.663, 237
Trd, 2591818.496, 231
Trd, 2591819.029, 251
Trd, 2591820.346, 239
Trd, 2591820.996, 234
Trd, 2591822.796, 243
Trd, 2591823.113, 243
Trd, 2591823.763, 242
Trd, 2591824.079, 249
Trd, 2591825.579, 255
Trd, 2591825.779, 249
Trd, 2591826.046, 245
Trd, 2591826.413, 244
Trd, 2591826.679, 234
Trd, 2591827.546, 261
Trd, 2591828.413, 239
Trd, 2591829.296, 242
Trd, 2591829.913, 246
Trd, 2591830.213, 246
Trd, 2591830.896, 249
Trd, 2591831.329, 260
Trd, 2591832.179, 262
Trd, 2591833.196, 262
Trd, 2591833.929, 262
Trd, 2591834.396, 261
Trd, 2591835.213, 261
Trd, 2591835.596, 262
Trd, 2591836.129, 261
Trd, 2591836.179, 260
Trd, 2591837.129, 250
Trd, 2591838.263, 254
Trd, 2591838.746, 255
Trd, 2591839.613, 258
Trd, 2591840.146, 265
Trd, 2591840.363, 252
Trd, 2591840.813, 272
Trd, 2591841.563, 252
Trd, 2591841.663, 250
Trd, 2591842.879, 249
Trd, 2591843.579, 244
Trd, 2591843.963, 242
Trd, 2591844.246, 235
Trd, 2591844.379, 244
Trd, 2591844.696, 262
Trd, 2591845.746, 263
Trd, 2591847.296, 253
Trd, 2591848.546, 249
Trd, 2591848.813, 254
Trd, 2591849.546, 242
Trd, 2591850.463, 237
Trd, 2591852.129, 241
Trd, 2591854.313, 252
Trd, 2591854.579, 253
Trd, 2591854.713, 253
Trd, 2591854.829, 254
Trd, 2591856.796, 260
Trd, 2591857.463, 259
Trd, 2591857.879, 258
Trd, 2591858.046, 255
Trd, 2591859.029, 262
Trd, 2591859.479, 270
Trd, 2591861.379, 270
Trd, 2591861.596, 264
Trd, 2591862.296, 262
Trd, 2591862.813, 262
Trd, 2591863.413, 263
Trd, 2591863.479, 263
Trd, 2591863.946, 262
Trd, 2591864.146, 258
Trd, 2591866.213, 255
Trd, 2591866.279, 258
Trd, 2591866.629, 256
Trd, 2591867.029, 257
Trd, 2591868.279, 255
Trd, 2591868.579, 249
Trd, 2591869.663, 261
Trd, 2591870.763, 256
Trd, 2591871.279, 250
Trd, 2591871.296, 259
Trd, 2591872.229, 249
Trd, 2591873.529, 262
Trd, 2591873.663, 253
Trd, 2591874.096, 252
Trd, 2591874.546, 259
Trd, 2591874.829, 261
Trd, 2591877.196, 253
Trd, 2591877.346, 252
Trd, 2591878.663, 253
Trd, 2591880.679, 251
Trd, 2591880.996, 251
Trd, 2591881.113, 250
Trd, 2591881.163, 251
Trd, 2591882.496, 252
Trd, 2591882.863, 252
Trd, 2591883.279, 249
Trd, 2591883.513, 249
Trd, 2591883.963, 238
Trd, 2591885.496, 258
Trd, 2591885.663, 239
Trd, 2591887.113, 260
Trd, 2591887.713, 256
Trd, 2591887.729, 259
Trd, 2591888.613, 255
Trd, 2591888.913, 254
Trd, 2591891.396, 262
Trd, 2591891.513, 253
Trd, 2591891.529, 251
Trd, 2591892.479, 251
Trd, 2591893.013, 251
Trd, 2591894.463, 251
Trd, 2591894.596, 253
Trd, 2591894.629, 249
Trd, 2591895.629, 244
Trd, 2591896.313, 245
Trd, 2591896.579, 258
Trd, 2591897.113, 252
Trd, 2591898.579, 252
Trd, 2591899.079, 258
Trd, 2591899.163, 261
Trd, 2591899.479, 262
Trd, 2591902.013, 254
Trd, 2591902.063, 250
Trd, 2591902.896, 248
Trd, 2591903.913, 252
Trd, 2591904.196, 251
Trd, 2591904.346, 257
Trd, 2591904.546, 250
Trd, 2591905.446, 243
Trd, 2591905.529, 241
Trd, 2591905.863, 259
Trd, 2591906.579, 240
Trd, 2591906.679, 245
Trd, 2591910.013, 247
Trd, 2591910.163, 251
Trd, 2591910.213, 252
Trd, 2591910.913, 256
Trd, 2591911.813, 254
Trd, 2591911.946, 252
Trd, 2591912.329, 249
Trd, 2591913.979, 249
Trd, 2591914.179, 249
Trd, 2591914.296, 261
Trd, 2591915.663, 248
Trd, 2591915.746, 249
Trd, 2591915.813, 248
Trd, 2591916.129, 252
Trd, 2591917.863, 249
Trd, 2591918.896, 258
Trd, 2591919.213, 248
Trd, 2591919.813, 257
Trd, 2591920.596, 262
Trd, 2591920.913, 248
Trd, 2591923.046, 255
Trd, 2591923.129, 253
Trd, 2591923.229, 250
Trd, 2591924.313, 249
Trd, 2591926.146, 241
Trd, 2591927.113, 245
Trd, 2591928.996, 251
Trd, 2591930.296, 248
Trd, 2591930.346, 251
Trd, 2591930.763, 246
Trd, 2591930.896, 260
Trd, 2591931.613, 244
Trd, 2591932.229, 245
Trd, 2591932.696, 261
Trd, 2591933.029, 249
Trd, 2591933.179, 249
Trd, 2591934.663, 250
Trd, 2591935.163, 251
Trd, 2591936.363, 253
Trd, 2591937.013, 253
Trd, 2591937.246, 251
Trd, 2591937.279, 253
Trd, 2591937.313, 250
Trd, 2591937.396, 242
Trd, 2591937.913, 251
Trd, 2591940.329, 252
Trd, 2591940.863, 252
Trd, 2591941.013, 251
Trd, 2591942.879, 248
Trd, 2591944.113, 258
Trd, 2591944.663, 252
Trd, 2591945.196, 251
Trd, 2591946.046, 251
Trd, 2591946.646, 252
Trd, 2591948.479, 240
Trd, 2591948.996, 245
Trd, 2591949.679, 259
Trd, 2591950.563, 239
Trd, 2591950.713, 239
Trd, 2591951.263, 262
Trd, 2591951.646, 240
Trd, 2591951.846, 250
Trd, 2591953.279, 252
Trd, 2591953.679, 252
Trd, 2591953.879, 252
Trd, 2591955.079, 250
Trd, 2591955.413, 244
Trd, 2591957.029, 246
Trd, 2591957.996, 248
Trd, 2591958.196, 246
Trd, 2591958.529, 258
Trd, 2591959.846, 246
Trd, 2591959.979, 241
Trd, 2591960.446, 242
Trd, 2591961.129, 244
Trd, 2591961.863, 246
Trd, 2591962.846, 246
Trd, 2591963.513, 248
Trd, 2591964.279, 249
Trd, 2591964.896, 251
Trd, 2591964.996, 250
Trd, 2591965.163, 249
Trd, 2591965.763, 248
Trd, 2591966.613, 247
Trd, 2591967.113, 241
Trd, 2591967.163, 247
Trd, 2591968.279, 248
Trd, 2591968.596, 251
Trd, 2591969.496, 243
Trd, 2591970.313, 261
Trd, 2591970.996, 262
Trd, 2591972.429, 247
Trd, 2591973.363, 247
Trd, 2591973.496, 246
Trd, 2591974.763, 257
Trd, 2591974.779, 263
Trd, 2591975.496, 256
Trd, 2591975.963, 254
Trd, 2591978.046, 244
Trd, 2591979.296, 245
Trd, 2591979.446, 255
Trd, 2591980.063, 244
Trd, 2591980.079, 240
Trd, 2591981.129, 252
Trd, 2591981.163, 253
Trd, 2591982.546, 245
Trd, 2591982.979, 244
Trd, 2591983.896, 248
Trd, 2591984.279, 251
Trd, 2591984.846, 251
Trd, 2591984.929, 245
Trd, 2591985.979, 245
Trd, 2591986.379, 247
Trd, 2591986.513, 246
Trd, 2591987.663, 248
Trd, 2591988.713, 255
Trd, 2591988.979, 254
Trd, 2591989.096, 257
Trd, 2591989.679, 254
Trd, 2591990.129, 253
Trd, 2591990.529, 243
Trd, 2591992.763, 248
Trd, 2591994.796, 252
Trd, 2591994.896, 253
Trd, 2591995.179, 255
Trd, 2591998.163, 255
Trd, 2591999.329, 255
Trd, 2591999.396, 255
Trd, 2591999.796, 259
