Trd, 2590684.046, 245
Trd, 2590684.329, 242
Trd, 2590684.429, 243
Trd, 2590684.629, 248
Trd, 2590685.313, 252
Trd, 2590685.946, 241
Trd, 2590686.379, 255
Trd, 2590686.913, 240
Trd, 2590688.446, 241
Trd, 2590688.946, 250
Trd, 2590689.379, 246
Trd, 2590689.846, 245
Trd, 2590689.913, 254
Trd, 2590689.996, 263
Trd, 2590690.263, 242
Trd, 2590691.013, 236
Trd, 2590691.079, 234
Trd, 2590692.179, 264
Trd, 2590692.446, 249
Trd, 2590692.613, 267
Trd, 2590693.779, 248
Trd, 2590693.996, 241
Trd, 2590694.213, 267
Trd, 2590694.729, 258
Trd, 2590694.913, 268
Trd, 2590696.929, 249
Trd, 2590697.179, 250
Trd, 2590697.263, 258
Trd, 2590697.629, 251
Trd, 2590699.696, 262
Trd, 2590701.513, 258
Trd, 2590701.696, 257
Trd, 2590702.246, 258
Trd, 2590702.579, 259
Trd, 2590702.646, 261
Trd, 2590702.696, 268
Trd, 2590703.046, 251
Trd, 2590703.146, 241
Trd, 2590704.863, 244
Trd, 2590705.646, 270
Trd, 2590706.046, 246
Trd, 2590706.229, 253
Trd, 2590706.746, 254
Trd, 2590707.379, 263
Trd, 2590707.796, 246
Trd, 2590708.846, 248
Trd, 2590709.213, 248
Trd, 2590711.296, 248
Trd, 2590711.429, 241
Trd, 2590712.313, 264
Trd, 2590712.896, 246
Trd, 2590713.213, 262
Trd, 2590713.479, 238
Trd, 2590713.913, 249
Trd, 2590714.563, 237
Trd, 2590716.713, 237
Trd, 2590716.863, 244
Trd, 2590717.096, 263
Trd, 2590718.146, 267
Trd, 2590719.013, 266
Trd, 2590719.329, 265
Trd, 2590719.613, 265
Trd, 2590719.846, 255
Trd, 2590721.496, 268
Trd, 2590721.579, 262
Trd, 2590721.713, 258
Trd, 2590722.379, 259
Trd, 2590722.429, 271
Trd, 2590722.796, 272
Trd, 2590723.179, 275
Trd, 2590723.246, 243
Trd, 2590724.746, 237
Trd, 2590726.046, 255
Trd, 2590726.396, 253
Trd, 2590726.529, 250
Trd, 2590728.129, 248
Trd, 2590728.513, 255
Trd, 2590728.746, 236
Trd, 2590728.829, 255
Trd, 2590729.379, 241
Trd, 2590730.246, 244
Trd, 2590730.863, 238
Trd, 2590731.263, 247
Trd, 2590731.446, 238
Trd, 2590732.296, 238
Trd, 2590734.013, 233
Trd, 2590734.229, 248
Trd, 2590735.263, 231
Trd, 2590736.463, 249
Trd, 2590736.563, 255
Trd, 2590737.546, 263
Trd, 2590737.746, 235
Trd, 2590738.196, 238
Trd, 2590738.479, 242
Trd, 2590738.579, 272
Trd, 2590741.029, 264
Trd, 2590741.863, 259
Trd, 2590742.729, 258
Trd, 2590742.979, 255
Trd, 2590743.096, 265
Trd, 2590743.496, 268
Trd, 2590744.313, 265
Trd, 2590744.979, 264
Trd, 2590745.796, 264
Trd, 2590746.029, 265
Trd, 2590746.063, 267
Trd, 2590746.146, 244
Trd, 2590747.079, 250
Trd, 2590747.779, 241
Trd, 2590748.029, 240
Trd, 2590749.213, 264
Trd, 2590749.879, 266
Trd, 2590751.429, 255
Trd, 2590751.763, 262
Trd, 2590751.846, 246
Trd, 2590752.613, 246
Trd, 2590753.063, 241
Trd, 2590753.946, 239
Trd, 2590754.313, 244
Trd, 2590755.746, 248
Trd, 2590755.863, 245
Trd, 2590755.879, 239
Trd, 2590756.646, 260
Trd, 2590758.729, 254
Trd, 2590759.679, 253
Trd, 2590759.829, 254
Trd, 2590759.913, 254
Trd, 2590760.429, 259
Trd, 2590760.679, 263
Trd, 2590762.213, 262
Trd, 2590762.379, 261
Trd, 2590764.329, 267
Trd, 2590764.613, 259
Trd, 2590764.996, 255
Trd, 2590765.179, 266
Trd, 2590765.296, 250
Trd, 2590766.196, 265
Trd, 2590766.363, 247
Trd, 2590767.446, 267
Trd, 2590767.496, 264
Trd, 2590768.196, 267
Trd, 2590768.413, 263
Trd, 2590769.213, 262
Trd, 2590771.296, 267
Trd, 2590771.413, 268
Trd, 2590771.779, 260
Trd, 2590771.829, 258
Trd, 2590774.079, 256
Trd, 2590774.613, 255
Trd, 2590775.563, 261
Trd, 2590776.396, 263
Trd, 2590776.413, 265
Trd, 2590776.663, 250
Trd, 2590776.946, 246
Trd, 2590777.096, 268
Trd, 2590777.146, 272
Trd, 2590777.363, 241
Trd, 2590778.079, 239
Trd, 2590778.396, 244
Trd, 2590778.713, 248
Trd, 2590779.096, 237
Trd, 2590779.646, 235
Trd, 2590779.963, 246
Trd, 2590781.263, 272
Trd, 2590781.713, 275
Trd, 2590782.329, 248
Trd, 2590784.346, 269
Trd, 2590784.513, 266
Trd, 2590784.996, 268
Trd, 2590785.329, 265
Trd, 2590785.629, 263
Trd, 2590786.279, 262
Trd, 2590786.313, 264
Trd, 2590786.946, 255
Trd, 2590787.363, 235
Trd, 2590787.579, 234
Trd, 2590788.529, 254
Trd, 2590788.579, 254
Trd, 2590789.846, 234
Trd, 2590790.113, 255
Trd, 2590790.713, 232
Trd, 2590790.729, 233
Trd, 2590791.946, 267
Trd, 2590792.229, 267
Trd, 2590792.929, 268
Trd, 2590792.946, 253
Trd, 2590794.146, 246
Trd, 2590794.663, 248
Trd, 2590794.963, 248
Trd, 2590796.546, 243
Trd, 2590796.896, 239
Trd, 2590797.179, 237
Trd, 2590799.579, 242
Trd, 2590800.029, 254
Trd, 2590800.246, 246
Trd, 2590801.263, 246
Trd, 2590801.613, 248
Trd, 2590801.863, 248
Trd, 2590802.179, 263
Trd, 2590803.179, 266
Trd, 2590803.529, 265
Trd, 2590804.096, 264
Trd, 2590806.013, 258
Trd, 2590806.263, 257
Trd, 2590806.979, 255
Trd, 2590807.196, 246
Trd, 2590808.046, 272
Trd, 2590808.863, 250
Trd, 2590809.263, 246
Trd, 2590809.496, 248
Trd, 2590809.946, 242
Trd, 2590810.146, 243
Trd, 2590810.546, 241
Trd, 2590811.229, 238
Trd, 2590812.213, 241
Trd, 2590813.063, 239
Trd, 2590813.313, 240
Trd, 2590813.463, 262
Trd, 2590813.696, 237
Trd, 2590814.929, 251
Trd, 2590815.013, 263
Trd, 2590815.779, 240
Trd, 2590816.546, 242
Trd, 2590817.263, 237
Trd, 2590817.429, 248
Trd, 2590818.546, 238
Trd, 2590819.179, 238
Trd, 2590821.029, 249
Trd, 2590821.829, 250
Trd, 2590821.913, 249
Trd, 2590821.979, 246
Trd, 2590822.529, 235
Trd, 2590823.246, 240
Trd, 2590824.363, 241
Trd, 2590824.696, 245
Trd, 2590824.829, 239
Trd, 2590826.029, 239
Trd, 2590826.329, 244
Trd, 2590826.846, 251
Trd, 2590827.313, 234
Trd, 2590827.429, 237
Trd, 2590829.163, 251
Trd, 2590830.013, 251
Trd, 2590830.279, 257
Trd, 2590830.463, 248
Trd, 2590832.429, 267
Trd, 2590832.529, 266
Trd, 2590832.846, 268
Trd, 2590833.213, 270
Trd, 2590834.979, 265
Trd, 2590835.213, 262
Trd, 2590835.579, 258
Trd, 2590836.046, 268
Trd, 2590836.846, 255
Trd, 2590837.013, 248
Trd, 2590838.563, 247
Trd, 2590839.179, 254
Trd, 2590839.279, 255
Trd, 2590839.363, 247
Trd, 2590839.529, 248
Trd, 2590840.146, 244
Trd, 2590841.663, 241
Trd, 2590843.479, 249
Trd, 2590843.746, 249
Trd, 2590844.329, 236
Trd, 2590845.563, 251
Trd, 2590846.063, 251
Trd, 2590846.213, 261
Trd, 2590847.079, 236
Trd, 2590847.196, 243
Trd, 2590847.296, 255
Trd, 2590847.413, 264
Trd, 2590847.729, 268
Trd, 2590848.346, 238
Trd, 2590848.996, 248
Trd, 2590849.196, 236
Trd, 2590850.013, 267
Trd, 2590852.029, 244
Trd, 2590852.379, 248
Trd, 2590852.879, 268
Trd, 2590853.496, 272
Trd, 2590855.363, 258
Trd, 2590855.929, 265
Trd, 2590856.863, 262
Trd, 2590857.046, 265
Trd, 2590857.946, 262
Trd, 2590858.063, 258
Trd, 2590858.179, 257
Trd, 2590858.463, 268
Trd, 2590858.546, 255
Trd, 2590858.896, 248
Trd, 2590859.179, 265
Trd, 2590859.996, 243
Trd, 2590860.213, 253
Trd, 2590860.929, 252
Trd, 2590861.029, 241
Trd, 2590862.096, 236
Trd, 2590862.696, 255
Trd, 2590865.413, 242
Trd, 2590865.529, 261
Trd, 2590866.529, 249
Trd, 2590866.563, 239
Trd, 2590868.096, 257
Trd, 2590868.146, 240
Trd, 2590868.296, 256
Trd, 2590868.696, 241
Trd, 2590868.863, 258
Trd, 2590871.113, 263
Trd, 2590871.346, 253
Trd, 2590871.746, 251
Trd, 2590872.113, 249
Trd, 2590873.279, 248
Trd, 2590873.346, 259
Trd, 2590874.079, 237
Trd, 2590874.596, 260
Trd, 2590875.229, 248
Trd, 2590875.413, 238
Trd, 2590876.396, 235
Trd, 2590876.846, 248
Trd, 2590877.829, 240
Trd, 2590877.996, 240
Trd, 2590879.279, 259
Trd, 2590880.563, 247
Trd, 2590880.896, 241
Trd, 2590882.163, 249
Trd, 2590882.196, 248
Trd, 2590882.279, 247
Trd, 2590882.579, 250
Trd, 2590884.729, 247
Trd, 2590885.196, 249
Trd, 2590885.213, 245
Trd, 2590885.729, 249
Trd, 2590885.996, 255
Trd, 2590886.596, 263
Trd, 2590886.763, 264
Trd, 2590886.979, 244
Trd, 2590887.046, 241
Trd, 2590887.946, 267
Trd, 2590889.563, 268
Trd, 2590891.696, 242
Trd, 2590892.379, 249
Trd, 2590892.646, 259
Trd, 2590893.696, 272
Trd, 2590893.963, 250
Trd, 2590894.979, 253
Trd, 2590895.463, 253
Trd, 2590895.929, 250
Trd, 2590896.479, 246
Trd, 2590896.863, 242
Trd, 2590897.579, 263
Trd, 2590898.246, 274
Trd, 2590898.779, 243
Trd, 2590899.229, 262
Trd, 2590900.379, 245
Trd, 2590901.246, 248
Trd, 2590901.313, 262
Trd, 2590901.879, 248
Trd, 2590902.013, 248
Trd, 2590902.129, 241
Trd, 2590902.679, 261
Trd, 2590902.863, 265
Trd, 2590903.446, 239
Trd, 2590904.579, 264
Trd, 2590905.229, 237
Trd, 2590905.329, 267
Trd, 2590906.196, 256
Trd, 2590906.229, 246
Trd, 2590907.396, 251
Trd, 2590908.546, 241
Trd, 2590910.129, 263
Trd, 2590910.213, 263
Trd, 2590910.446, 261
Trd, 2590911.596, 258
Trd, 2590911.729, 255
Trd, 2590913.096, 258
Trd, 2590913.929, 249
Trd, 2590915.096, 253
Trd, 2590915.313, 249
Trd, 2590915.579, 248
Trd, 2590915.696, 247
Trd, 2590915.846, 241
Trd, 2590917.346, 246
Trd, 2590917.463, 249
Trd, 2590918.113, 236
Trd, 2590918.163, 263
Trd, 2590919.813, 266
Trd, 2590919.829, 266
Trd, 2590921.963, 244
Trd, 2590922.296, 243
Trd, 2590924.146, 264
Trd, 2590925.396, 266
Trd, 2590925.779, 267
Trd, 2590926.429, 253
Trd, 2590926.929, 252
Trd, 2590927.496, 250
Trd, 2590927.596, 237
Trd, 2590927.863, 252
Trd, 2590928.596, 237
Trd, 2590929.213, 249
Trd, 2590929.579, 253
Trd, 2590929.779, 263
Trd, 2590929.863, 236
Trd, 2590929.913, 234
Trd, 2590930.879, 225
Trd, 2590931.346, 265
Trd, 2590931.513, 260
Trd, 2590932.696, 255
Trd, 2590932.729, 247
Trd, 2590934.596, 252
Trd, 2590934.946, 252
Trd, 2590935.079, 251
Trd, 2590936.079, 248
Trd, 2590938.013, 251
Trd, 2590938.163, 263
Trd, 2590938.613, 263
Trd, 2590938.646, 247
Trd, 2590938.729, 264
Trd, 2590939.179, 248
Trd, 2590939.213, 241
Trd, 2590939.396, 267
Trd, 2590939.663, 268
Trd, 2590941.346, 243
Trd, 2590941.463, 255
Trd, 2590942.046, 243
Trd, 2590944.429, 262
Trd, 2590944.963, 248
Trd, 2590945.229, 241
Trd, 2590945.796, 240
Trd, 2590946.829, 241
Trd, 2590947.513, 241
Trd, 2590948.313, 243
Trd, 2590949.096, 249
Trd, 2590949.179, 251
Trd, 2590950.179, 247
Trd, 2590951.129, 266
Trd, 2590951.446, 267
Trd, 2590951.463, 268
Trd, 2590951.529, 266
Trd, 2590952.663, 263
Trd, 2590953.529, 267
Trd, 2590953.613, 262
Trd, 2590954.429, 259
Trd, 2590954.446, 258
Trd, 2590955.146, 250
Trd, 2590955.846, 247
Trd, 2590956.546, 245
Trd, 2590956.729, 269
Trd, 2590957.713, 264
Trd, 2590957.963, 265
Trd, 2590958.879, 245
Trd, 2590959.429, 245
Trd, 2590960.829, 265
Trd, 2590961.813, 242
Trd, 2590961.979, 267
Trd, 2590962.746, 245
Trd, 2590963.296, 247
Trd, 2590963.429, 256
Trd, 2590963.596, 236
Trd, 2590964.096, 234
Trd, 2590964.579, 264
Trd, 2590964.596, 265
Trd, 2590964.613, 231
Trd, 2590964.696, 227
Trd, 2590966.263, 272
Trd, 2590967.563, 267
Trd, 2590968.146, 253
Trd, 2590968.213, 262
Trd, 2590968.663, 270
Trd, 2590968.879, 248
Trd, 2590969.646, 236
Trd, 2590971.563, 246
Trd, 2590972.213, 246
Trd, 2590972.446, 271
Trd, 2590975.129, 238
Trd, 2590975.229, 263
Trd, 2590975.563, 254
Trd, 2590976.613, 260
Trd, 2590976.696, 241
Trd, 2590976.779, 262
Trd, 2590977.413, 235
Trd, 2590977.479, 241
Trd, 2590978.963, 236
Trd, 2590979.363, 246
Trd, 2590979.679, 237
Trd, 2590979.696, 248
Trd, 2590980.729, 249
Trd, 2590980.846, 253
Trd, 2590982.463, 251
Trd, 2590982.846, 254
Trd, 2590983.029, 248
Trd, 2590983.613, 255
Trd, 2590985.196, 252
Trd, 2590985.613, 249
Trd, 2590986.196, 255
Trd, 2590986.363, 251
Trd, 2590987.513, 255
Trd, 2590987.713, 254
Trd, 2590988.346, 269
Trd, 2590988.446, 252
Trd, 2590988.463, 248
Trd, 2590988.629, 234
Trd, 2590989.196, 231
Trd, 2590991.363, 247
Trd, 2590991.846, 266
Trd, 2590992.029, 258
Trd, 2590992.113, 267
Trd, 2590992.646, 269
Trd, 2590992.796, 251
Trd, 2590993.496, 260
Trd, 2590993.929, 241
Trd, 2590996.029, 244
Trd, 2590997.446, 245
Trd, 2590997.613, 233
Trd, 2590999.646, 249
Trd, 2590999.796, 262
Trd, 2590999.929, 242
Trd, 2591000.246, 262
Trd, 2591000.929, 247
Trd, 2591001.829, 268
Trd, 2591002.013, 272
Trd, 2591003.329, 268
Trd, 2591003.413, 262
Trd, 2591003.963, 271
Trd, 2591004.229, 259
Trd, 2591005.763, 261
Trd, 2591006.763, 262
Trd, 2591008.679, 271
Trd, 2591009.579, 263
Trd, 2591009.896, 258
Trd, 2591009.996, 241
Trd, 2591010.246, 237
Trd, 2591010.396, 267
Trd, 2591010.663, 271
Trd, 2591011.463, 251
Trd, 2591012.129, 265
Trd, 2591013.613, 253
Trd, 2591014.013, 255
Trd, 2591014.379, 245
Trd, 2591014.563, 234
Trd, 2591014.996, 251
Trd, 2591016.079, 232
Trd, 2591017.313, 232
Trd, 2591017.613, 242
Trd, 2591017.813, 231
Trd, 2591017.963, 241
Trd, 2591018.746, 243
Trd, 2591019.013, 234
Trd, 2591019.629, 249
Trd, 2591021.213, 239
Trd, 2591022.163, 249
Trd, 2591022.346, 255
Trd, 2591024.229, 250
Trd, 2591025.263, 255
Trd, 2591025.296, 247
Trd, 2591025.713, 247
Trd, 2591026.029, 247
Trd, 2591026.079, 263
Trd, 2591026.596, 265
Trd, 2591027.463, 246
Trd, 2591028.063, 245
Trd, 2591028.879, 241
Trd, 2591029.179, 263
Trd, 2591030.013, 252
Trd, 2591030.563, 250
Trd, 2591031.029, 255
Trd, 2591031.179, 251
Trd, 2591031.379, 249
Trd, 2591033.463, 262
Trd, 2591033.713, 243
Trd, 2591033.813, 239
Trd, 2591033.846, 236
Trd, 2591035.546, 249
Trd, 2591035.879, 248
Trd, 2591036.679, 256
Trd, 2591037.229, 243
Trd, 2591038.413, 247
Trd, 2591039.229, 246
Trd, 2591039.396, 248
Trd, 2591039.846, 246
Trd, 2591040.863, 248
Trd, 2591041.746, 267
Trd, 2591042.163, 272
Trd, 2591042.929, 266
Trd, 2591043.146, 251
Trd, 2591043.629, 245
Trd, 2591044.246, 265
Trd, 2591044.713, 248
Trd, 2591044.846, 264
Trd, 2591045.513, 247
Trd, 2591046.079, 266
Trd, 2591046.313, 251
Trd, 2591046.529, 267
Trd, 2591049.163, 253
Trd, 2591050.146, 268
Trd, 2591051.613, 257
Trd, 2591051.646, 253
Trd, 2591052.196, 270
Trd, 2591052.446, 251
Trd, 2591052.763, 270
Trd, 2591053.079, 250
Trd, 2591053.129, 241
Trd, 2591053.263, 267
Trd, 2591053.563, 238
Trd, 2591053.746, 272
Trd, 2591054.179, 234
Trd, 2591055.179, 235
Trd, 2591055.746, 248
Trd, 2591056.029, 246
Trd, 2591057.613, 242
Trd, 2591057.796, 245
Trd, 2591057.896, 248
Trd, 2591061.179, 248
Trd, 2591061.363, 247
Trd, 2591061.396, 243
Trd, 2591061.446, 255
Trd, 2591062.029, 263
Trd, 2591062.813, 260
Trd, 2591063.413, 244
Trd, 2591064.313, 255
Trd, 2591066.229, 254
Trd, 2591066.429, 255
Trd, 2591066.679, 268
Trd, 2591068.446, 253
Trd, 2591069.246, 249
Trd, 2591069.429, 250
Trd, 2591069.929, 249
Trd, 2591070.013, 258
Trd, 2591070.329, 245
Trd, 2591070.679, 245
Trd, 2591071.563, 266
Trd, 2591072.546, 266
Trd, 2591073.363, 267
Trd, 2591073.963, 270
Trd, 2591074.129, 266
Trd, 2591074.196, 271
Trd, 2591074.563, 272
Trd, 2591075.146, 265
Trd, 2591075.446, 271
Trd, 2591075.913, 273
Trd, 2591076.263, 242
Trd, 2591078.846, 252
Trd, 2591079.229, 247
Trd, 2591079.596, 250
Trd, 2591079.813, 245
Trd, 2591080.179, 243
Trd, 2591080.379, 241
Trd, 2591080.796, 238
Trd, 2591082.596, 247
Trd, 2591083.213, 246
Trd, 2591083.246, 248
Trd, 2591084.179, 263
Trd, 2591084.296, 237
Trd, 2591085.129, 267
Trd, 2591085.763, 242
Trd, 2591086.246, 242
Trd, 2591087.896, 252
Trd, 2591087.929, 247
Trd, 2591089.096, 267
Trd, 2591090.129, 268
Trd, 2591090.179, 252
Trd, 2591091.646, 252
Trd, 2591091.663, 251
Trd, 2591091.979, 250
Trd, 2591092.563, 249
Trd, 2591092.813, 254
Trd, 2591092.963, 263
Trd, 2591093.679, 251
Trd, 2591094.763, 248
Trd, 2591094.796, 255
Trd, 2591095.063, 248
Trd, 2591095.463, 270
Trd, 2591098.879, 246
Trd, 2591099.363, 245
Trd, 2591100.396, 248
Trd, 2591100.529, 247
Trd, 2591100.729, 247
Trd, 2591100.829, 248
Trd, 2591101.846, 250
Trd, 2591101.879, 249
Trd, 2591102.363, 241
Trd, 2591102.713, 252
Trd, 2591102.779, 255
Trd, 2591103.663, 250
Trd, 2591103.763, 255
Trd, 2591104.046, 234
Trd, 2591106.229, 259
Trd, 2591106.896, 263
Trd, 2591107.279, 264
Trd, 2591108.279, 261
Trd, 2591109.046, 260
Trd, 2591109.129, 258
Trd, 2591109.446, 255
Trd, 2591110.229, 262
Trd, 2591110.863, 250
Trd, 2591111.596, 248
Trd, 2591112.329, 243
Trd, 2591112.646, 247
Trd, 2591113.513, 249
Trd, 2591113.596, 255
Trd, 2591113.979, 241
Trd, 2591114.479, 262
Trd, 2591115.696, 248
Trd, 2591116.146, 251
Trd, 2591117.479, 254
Trd, 2591117.596, 255
Trd, 2591117.713, 256
Trd, 2591118.546, 256
Trd, 2591119.329, 256
Trd, 2591120.729, 258
Trd, 2591121.179, 257
Trd, 2591121.679, 262
Trd, 2591122.779, 262
Trd, 2591123.229, 261
Trd, 2591124.079, 255
Trd, 2591124.479, 268
Trd, 2591124.963, 267
Trd, 2591125.113, 265
Trd, 2591125.129, 252
Trd, 2591125.596, 251
Trd, 2591126.629, 265
Trd, 2591126.646, 248
Trd, 2591130.613, 242
Trd, 2591130.879, 243
Trd, 2591131.046, 243
Trd, 2591131.096, 248
Trd, 2591131.929, 255
Trd, 2591132.413, 241
Trd, 2591133.746, 252
Trd, 2591134.246, 248
Trd, 2591134.563, 249
Trd, 2591134.829, 235
Trd, 2591135.063, 255
Trd, 2591135.529, 272
Trd, 2591136.363, 273
Trd, 2591136.563, 272
Trd, 2591136.996, 271
Trd, 2591137.579, 262
Trd, 2591138.096, 271
Trd, 2591138.646, 234
Trd, 2591139.463, 236
Trd, 2591139.913, 234
Trd, 2591141.579, 250
Trd, 2591142.129, 236
Trd, 2591142.563, 234
Trd, 2591143.579, 242
Trd, 2591143.596, 243
Trd, 2591143.763, 236
Trd, 2591144.479, 235
Trd, 2591144.529, 246
Trd, 2591144.863, 248
Trd, 2591145.263, 255
Trd, 2591147.246, 243
Trd, 2591147.646, 238
Trd, 2591147.796, 245
Trd, 2591148.596, 245
Trd, 2591150.246, 248
Trd, 2591151.029, 251
Trd, 2591152.029, 255
Trd, 2591152.113, 263
Trd, 2591152.779, 254
Trd, 2591153.663, 268
Trd, 2591154.129, 241
Trd, 2591154.729, 250
Trd, 2591155.096, 259
Trd, 2591155.679, 258
Trd, 2591156.296, 272
Trd, 2591156.729, 269
Trd, 2591158.546, 252
Trd, 2591158.729, 256
Trd, 2591158.796, 251
Trd, 2591158.846, 248
Trd, 2591159.563, 249
Trd, 2591159.646, 248
Trd, 2591160.346, 245
Trd, 2591160.479, 241
Trd, 2591161.513, 248
Trd, 2591162.296, 262
Trd, 2591162.763, 262
Trd, 2591163.579, 237
Trd, 2591164.146, 241
Trd, 2591164.346, 240
Trd, 2591165.013, 248
Trd, 2591166.796, 252
Trd, 2591167.463, 258
Trd, 2591167.646, 250
Trd, 2591168.229, 244
Trd, 2591168.696, 252
Trd, 2591170.229, 253
Trd, 2591170.479, 251
Trd, 2591170.679, 255
Trd, 2591171.479, 251
Trd, 2591172.646, 266
Trd, 2591172.763, 272
Trd, 2591173.713, 267
Trd, 2591174.429, 265
Trd, 2591175.196, 242
Trd, 2591175.613, 264
Trd, 2591176.863, 258
Trd, 2591177.179, 263
Trd, 2591177.679, 266
Trd, 2591177.946, 246
Trd, 2591179.479, 253
Trd, 2591179.696, 252
Trd, 2591179.846, 251
Trd, 2591181.513, 244
Trd, 2591181.829, 260
Trd, 2591182.746, 262
Trd, 2591183.813, 251
Trd, 2591184.229, 252
Trd, 2591184.313, 255
Trd, 2591184.846, 256
Trd, 2591185.229, 253
Trd, 2591185.546, 250
Trd, 2591185.813, 249
Trd, 2591186.679, 264
Trd, 2591187.663, 246
Trd, 2591187.729, 243
Trd, 2591188.046, 250
Trd, 2591190.463, 247
Trd, 2591191.929, 249
Trd, 2591192.213, 248
Trd, 2591193.496, 247
Trd, 2591194.079, 248
Trd, 2591194.496, 241
Trd, 2591194.596, 237
Trd, 2591195.396, 250
Trd, 2591196.479, 266
Trd, 2591196.963, 265
Trd, 2591197.463, 266
Trd, 2591198.146, 251
Trd, 2591198.213, 250
Trd, 2591199.079, 265
Trd, 2591199.296, 271
Trd, 2591199.396, 271
Trd, 2591201.796, 254
Trd, 2591203.179, 251
Trd, 2591203.196, 271
Trd, 2591204.163, 252
Trd, 2591204.363, 263
Trd, 2591206.996, 258
Trd, 2591207.663, 264
Trd, 2591207.746, 259
Trd, 2591208.046, 264
Trd, 2591208.763, 265
Trd, 2591208.813, 251
Trd, 2591209.429, 248
Trd, 2591209.463, 266
Trd, 2591209.479, 247
Trd, 2591209.746, 268
Trd, 2591210.529, 250
Trd, 2591211.213, 250
Trd, 2591212.213, 247
Trd, 2591213.913, 261
Trd, 2591214.729, 249
Trd, 2591215.996, 250
Trd, 2591216.179, 254
Trd, 2591216.279, 250
Trd, 2591216.429, 264
Trd, 2591216.813, 267
Trd, 2591216.863, 249
Trd, 2591217.679, 272
Trd, 2591218.213, 241
Trd, 2591218.413, 273
Trd, 2591218.829, 241
Trd, 2591220.713, 239
Trd, 2591221.679, 239
Trd, 2591222.163, 241
Trd, 2591222.896, 239
Trd, 2591222.979, 237
Trd, 2591223.079, 241
Trd, 2591224.829, 239
Trd, 2591225.246, 242
Trd, 2591225.296, 240
Trd, 2591226.313, 239
Trd, 2591226.713, 249
Trd, 2591227.813, 255
Trd, 2591228.229, 251
Trd, 2591228.646, 249
Trd, 2591228.779, 249
Trd, 2591229.013, 250
Trd, 2591229.313, 261
Trd, 2591229.646, 249
Trd, 2591229.829, 264
Trd, 2591230.696, 243
Trd, 2591230.963, 241
Trd, 2591231.496, 264
Trd, 2591231.696, 265
Trd, 2591232.729, 265
Trd, 2591233.246, 252
Trd, 2591234.613, 255
Trd, 2591235.863, 252
Trd, 2591236.479, 252
Trd, 2591236.646, 249
Trd, 2591238.429, 246
Trd, 2591238.613, 245
Trd, 2591238.979, 243
Trd, 2591239.396, 262
Trd, 2591240.129, 261
Trd, 2591241.163, 246
Trd, 2591241.279, 241
Trd, 2591241.696, 250
Trd, 2591243.179, 251
Trd, 2591243.563, 250
Trd, 2591243.713, 253
Trd, 2591244.779, 251
Trd, 2591245.813, 251
Trd, 2591245.913, 257
Trd, 2591247.313, 250
Trd, 2591248.529, 248
Trd, 2591249.363, 241
Trd, 2591249.679, 249
Trd, 2591250.813, 250
Trd, 2591251.096, 252
Trd, 2591251.529, 255
Trd, 2591251.596, 254
Trd, 2591252.013, 249
Trd, 2591252.046, 253
Trd, 2591252.263, 248
Trd, 2591252.813, 238
Trd, 2591253.529, 242
Trd, 2591254.413, 262
Trd, 2591254.513, 248
Trd, 2591254.929, 256
Trd, 2591255.313, 266
Trd, 2591255.663, 250
Trd, 2591255.679, 248
Trd, 2591256.646, 253
Trd, 2591257.263, 240
Trd, 2591257.996, 262
Trd, 2591260.229, 243
Trd, 2591260.429, 238
Trd, 2591261.479, 242
Trd, 2591262.496, 252
Trd, 2591262.913, 251
Trd, 2591263.796, 251
Trd, 2591264.179, 250
Trd, 2591265.263, 247
Trd, 2591265.546, 250
Trd, 2591265.996, 251
Trd, 2591266.713, 246
Trd, 2591268.879, 252
Trd, 2591268.996, 245
Trd, 2591269.363, 255
Trd, 2591269.696, 247
Trd, 2591270.446, 257
Trd, 2591270.613, 245
Trd, 2591271.446, 263
Trd, 2591271.596, 243
Trd, 2591272.346, 268
Trd, 2591272.546, 253
Trd, 2591272.663, 272
Trd, 2591273.046, 275
Trd, 2591273.846, 270
Trd, 2591274.796, 268
Trd, 2591275.979, 242
Trd, 2591276.413, 273
Trd, 2591276.579, 242
Trd, 2591277.396, 268
Trd, 2591278.346, 252
Trd, 2591278.379, 251
Trd, 2591278.796, 238
Trd, 2591280.229, 244
Trd, 2591280.946, 240
Trd, 2591281.446, 248
Trd, 2591282.779, 242
Trd, 2591282.813, 258
Trd, 2591283.646, 241
Trd, 2591284.429, 256
Trd, 2591284.679, 256
Trd, 2591285.229, 243
Trd, 2591285.363, 250
Trd, 2591285.413, 262
Trd, 2591285.863, 250
Trd, 2591285.879, 249
Trd, 2591286.846, 248
Trd, 2591287.863, 259
Trd, 2591288.313, 255
Trd, 2591288.763, 248
Trd, 2591290.746, 251
Trd, 2591291.379, 241
Trd, 2591291.679, 241
Trd, 2591293.063, 239
Trd, 2591293.263, 240
Trd, 2591293.563, 240
Trd, 2591293.913, 249
Trd, 2591294.479, 234
Trd, 2591295.346, 249
Trd, 2591295.663, 250
Trd, 2591296.263, 244
Trd, 2591297.496, 237
Trd, 2591299.246, 233
Trd, 2591299.613, 255
Trd, 2591300.929, 261
Trd, 2591301.279, 241
Trd, 2591301.879, 250
Trd, 2591301.896, 263
Trd, 2591302.163, 244
Trd, 2591302.529, 243
Trd, 2591302.796, 242
Trd, 2591303.913, 243
Trd, 2591303.929, 252
Trd, 2591304.413, 270
Trd, 2591306.163, 244
Trd, 2591307.179, 245
Trd, 2591307.846, 272
Trd, 2591308.463, 270
Trd, 2591309.246, 262
Trd, 2591309.729, 275
Trd, 2591310.279, 265
Trd, 2591311.079, 251
Trd, 2591311.429, 248
Trd, 2591311.846, 263
Trd, 2591312.196, 247
Trd, 2591312.729, 243
Trd, 2591313.829, 249
Trd, 2591313.896, 241
Trd, 2591314.296, 264
Trd, 2591314.596, 237
Trd, 2591315.779, 264
Trd, 2591315.929, 248
Trd, 2591316.263, 241
Trd, 2591316.363, 266
Trd, 2591316.879, 235
Trd, 2591317.879, 253
Trd, 2591318.729, 254
Trd, 2591319.163, 251
Trd, 2591320.813, 248
Trd, 2591321.413, 255
Trd, 2591321.629, 250
Trd, 2591323.013, 246
Trd, 2591323.163, 245
Trd, 2591323.279, 267
Trd, 2591323.629, 250
Trd, 2591324.796, 263
Trd, 2591326.913, 246
Trd, 2591327.063, 248
Trd, 2591327.146, 254
Trd, 2591327.813, 243
Trd, 2591327.829, 242
Trd, 2591328.446, 263
Trd, 2591328.679, 242
Trd, 2591329.396, 241
Trd, 2591329.546, 237
Trd, 2591330.013, 261
Trd, 2591330.963, 237
Trd, 2591331.496, 261
Trd, 2591331.729, 262
Trd, 2591332.113, 238
Trd, 2591332.279, 241
Trd, 2591332.663, 256
Trd, 2591333.563, 262
Trd, 2591333.663, 263
Trd, 2591333.929, 241
Trd, 2591334.146, 239
Trd, 2591335.646, 249
Trd, 2591338.146, 271
Trd, 2591339.746, 259
Trd, 2591340.279, 259
Trd, 2591340.379, 258
Trd, 2591340.929, 267
Trd, 2591342.246, 255
Trd, 2591342.346, 251
Trd, 2591343.096, 260
Trd, 2591343.596, 247
Trd, 2591343.829, 241
Trd, 2591344.713, 251
Trd, 2591345.029, 263
Trd, 2591345.046, 266
Trd, 2591345.479, 241
Trd, 2591346.346, 237
Trd, 2591346.746, 236
Trd, 2591347.979, 240
Trd, 2591348.396, 241
Trd, 2591349.529, 245
Trd, 2591351.296, 246
Trd, 2591352.013, 248
Trd, 2591352.429, 248
Trd, 2591352.479, 247
Trd, 2591352.963, 247
Trd, 2591355.213, 244
Trd, 2591355.313, 260
Trd, 2591355.479, 242
Trd, 2591356.496, 264
Trd, 2591356.963, 249
Trd, 2591357.196, 238
Trd, 2591357.896, 237
Trd, 2591358.613, 236
Trd, 2591358.646, 265
Trd, 2591359.896, 265
Trd, 2591360.413, 259
Trd, 2591360.896, 260
Trd, 2591361.479, 264
Trd, 2591362.063, 258
Trd, 2591362.146, 265
Trd, 2591362.879, 251
Trd, 2591362.996, 236
Trd, 2591363.879, 265
Trd, 2591364.979, 237
Trd, 2591365.796, 262
Trd, 2591365.846, 265
Trd, 2591366.029, 251
Trd, 2591366.813, 267
Trd, 2591369.679, 240
Trd, 2591370.379, 249
Trd, 2591371.513, 248
Trd, 2591371.663, 257
Trd, 2591372.079, 247
Trd, 2591372.129, 246
Trd, 2591372.146, 266
Trd, 2591372.846, 263
Trd, 2591373.079, 258
Trd, 2591373.196, 268
Trd, 2591373.279, 237
Trd, 2591373.446, 258
Trd, 2591373.679, 272
Trd, 2591374.129, 268
Trd, 2591377.063, 244
Trd, 2591378.746, 249
Trd, 2591379.796, 250
Trd, 2591380.913, 253
Trd, 2591381.013, 252
Trd, 2591381.246, 254
Trd, 2591381.563, 263
Trd, 2591381.896, 251
Trd, 2591382.413, 269
Trd, 2591382.629, 253
Trd, 2591383.129, 251
Trd, 2591383.279, 241
Trd, 2591383.763, 247
Trd, 2591383.963, 245
Trd, 2591384.396, 248
Trd, 2591384.446, 249
Trd, 2591385.329, 251
Trd, 2591386.196, 253
Trd, 2591387.129, 253
Trd, 2591387.529, 242
Trd, 2591388.529, 255
Trd, 2591388.979, 248
Trd, 2591390.046, 248
Trd, 2591390.979, 253
Trd, 2591391.246, 263
Trd, 2591391.679, 251
Trd, 2591392.579, 268
Trd, 2591393.579, 267
Trd, 2591394.279, 268
Trd, 2591394.346, 255
Trd, 2591395.629, 255
Trd, 2591396.213, 271
Trd, 2591397.213, 251
Trd, 2591397.796, 249
Trd, 2591398.663, 250
Trd, 2591399.229, 249
Trd, 2591399.479, 246
Trd, 2591400.046, 248
Trd, 2591400.179, 252
Trd, 2591401.146, 242
Trd, 2591402.396, 252
Trd, 2591402.446, 238
Trd, 2591403.496, 262
Trd, 2591404.346, 265
Trd, 2591404.446, 261
Trd, 2591405.463, 265
Trd, 2591405.929, 260
Trd, 2591406.713, 258
Trd, 2591407.179, 268
Trd, 2591407.963, 243
Trd, 2591407.996, 240
Trd, 2591409.379, 259
Trd, 2591410.279, 242
Trd, 2591410.346, 255
Trd, 2591411.313, 262
Trd, 2591412.113, 246
Trd, 2591412.529, 260
Trd, 2591412.863, 243
Trd, 2591413.913, 242
Trd, 2591415.196, 241
Trd, 2591417.313, 255
Trd, 2591417.479, 248
Trd, 2591417.696, 255
Trd, 2591418.429, 263
Trd, 2591419.246, 268
Trd, 2591419.329, 248
Trd, 2591420.746, 253
Trd, 2591420.996, 250
Trd, 2591421.063, 255
Trd, 2591422.113, 256
Trd, 2591422.229, 256
Trd, 2591422.579, 259
Trd, 2591422.796, 248
Trd, 2591422.996, 260
Trd, 2591423.179, 250
Trd, 2591423.463, 248
Trd, 2591424.046, 241
Trd, 2591424.179, 237
Trd, 2591425.313, 248
Trd, 2591425.696, 264
Trd, 2591426.346, 267
Trd, 2591426.563, 236
Trd, 2591427.396, 257
Trd, 2591428.313, 237
Trd, 2591428.913, 252
Trd, 2591429.346, 252
Trd, 2591429.729, 255
Trd, 2591430.429, 249
Trd, 2591430.813, 251
Trd, 2591430.879, 246
Trd, 2591430.979, 231
Trd, 2591431.729, 225
Trd, 2591433.513, 267
Trd, 2591434.513, 244
Trd, 2591434.863, 264
Trd, 2591436.196, 261
Trd, 2591436.446, 251
Trd, 2591436.896, 262
Trd, 2591436.913, 268
Trd, 2591437.579, 268
Trd, 2591437.629, 252
Trd, 2591437.729, 252
Trd, 2591438.413, 248
Trd, 2591438.596, 271
Trd, 2591439.596, 268
Trd, 2591439.846, 248
Trd, 2591442.263, 248
Trd, 2591443.429, 247
Trd, 2591444.163, 248
Trd, 2591444.363, 242
Trd, 2591444.513, 250
Trd, 2591444.729, 246
Trd, 2591444.746, 252
Trd, 2591446.263, 266
Trd, 2591447.829, 268
Trd, 2591450.429, 265
Trd, 2591450.796, 264
Trd, 2591451.113, 258
Trd, 2591451.279, 255
Trd, 2591451.746, 253
Trd, 2591451.796, 248
Trd, 2591451.896, 241
Trd, 2591451.929, 255
Trd, 2591452.579, 245
Trd, 2591453.129, 242
Trd, 2591453.746, 248
Trd, 2591453.796, 237
Trd, 2591455.613, 245
Trd, 2591455.979, 246
Trd, 2591456.179, 263
Trd, 2591457.063, 237
Trd, 2591457.329, 237
Trd, 2591457.896, 239
Trd, 2591458.746, 248
Trd, 2591459.813, 234
Trd, 2591460.029, 247
Trd, 2591460.979, 235
Trd, 2591461.163, 252
Trd, 2591462.113, 254
Trd, 2591462.779, 240
Trd, 2591462.829, 238
Trd, 2591463.196, 239
Trd, 2591464.646, 250
Trd, 2591465.146, 249
Trd, 2591466.179, 248
Trd, 2591467.046, 255
Trd, 2591468.313, 255
Trd, 2591468.713, 263
Trd, 2591469.213, 267
Trd, 2591469.863, 256
Trd, 2591471.096, 251
Trd, 2591471.313, 247
Trd, 2591471.629, 241
Trd, 2591471.996, 253
Trd, 2591472.363, 268
Trd, 2591472.613, 240
Trd, 2591473.013, 240
Trd, 2591473.329, 237
Trd, 2591474.046, 248
Trd, 2591474.313, 241
Trd, 2591475.513, 248
Trd, 2591475.579, 234
Trd, 2591476.379, 253
Trd, 2591477.063, 250
Trd, 2591477.096, 233
Trd, 2591478.029, 233
Trd, 2591478.129, 253
Trd, 2591479.263, 242
Trd, 2591479.363, 240
Trd, 2591481.346, 255
Trd, 2591481.596, 250
Trd, 2591482.246, 255
Trd, 2591483.146, 265
Trd, 2591483.296, 264
Trd, 2591484.229, 267
Trd, 2591484.529, 268
Trd, 2591485.129, 249
Trd, 2591488.079, 267
Trd, 2591488.146, 258
Trd, 2591488.463, 258
Trd, 2591488.813, 248
Trd, 2591489.596, 242
Trd, 2591490.279, 243
Trd, 2591490.613, 241
Trd, 2591490.796, 237
Trd, 2591490.946, 245
Trd, 2591491.929, 250
Trd, 2591491.996, 252
Trd, 2591492.079, 249
Trd, 2591492.829, 255
Trd, 2591492.996, 248
Trd, 2591493.563, 249
Trd, 2591494.529, 262
Trd, 2591495.529, 265
Trd, 2591495.579, 268
Trd, 2591496.013, 266
Trd, 2591496.163, 266
Trd, 2591496.946, 266
Trd, 2591497.613, 270
Trd, 2591498.463, 263
Trd, 2591499.563, 272
Trd, 2591499.679, 265
Trd, 2591499.979, 262
Trd, 2591500.379, 258
Trd, 2591501.013, 255
Trd, 2591501.196, 241
Trd, 2591501.313, 275
Trd, 2591501.429, 234
Trd, 2591502.313, 248
Trd, 2591504.163, 278
Trd, 2591504.413, 280
Trd, 2591504.563, 270
Trd, 2591505.596, 252
Trd, 2591505.763, 279
Trd, 2591506.946, 266
Trd, 2591507.246, 256
Trd, 2591508.013, 262
Trd, 2591508.463, 268
Trd, 2591508.596, 255
Trd, 2591509.379, 253
Trd, 2591510.879, 255
Trd, 2591512.113, 251
Trd, 2591512.746, 251
Trd, 2591513.779, 244
Trd, 2591514.079, 241
Trd, 2591515.113, 240
Trd, 2591515.179, 238
Trd, 2591515.579, 240
Trd, 2591515.696, 241
Trd, 2591515.846, 250
Trd, 2591516.129, 235
Trd, 2591516.363, 263
Trd, 2591516.863, 247
Trd, 2591517.929, 235
Trd, 2591519.063, 234
Trd, 2591521.663, 263
Trd, 2591522.979, 261
Trd, 2591523.613, 248
Trd, 2591524.013, 263
Trd, 2591526.213, 249
Trd, 2591526.346, 248
Trd, 2591526.496, 241
Trd, 2591527.613, 239
Trd, 2591527.696, 238
Trd, 2591528.329, 257
Trd, 2591528.429, 235
Trd, 2591529.029, 256
Trd, 2591529.929, 257
Trd, 2591530.429, 255
Trd, 2591530.846, 262
Trd, 2591531.196, 265
Trd, 2591531.363, 250
Trd, 2591531.629, 249
Trd, 2591531.963, 242
Trd, 2591532.929, 251
Trd, 2591535.963, 258
Trd, 2591536.163, 268
Trd, 2591536.679, 258
Trd, 2591537.096, 261
Trd, 2591537.379, 255
Trd, 2591537.813, 271
Trd, 2591538.796, 265
Trd, 2591539.629, 267
Trd, 2591539.929, 268
Trd, 2591540.396, 251
Trd, 2591541.046, 244
Trd, 2591541.829, 240
Trd, 2591542.246, 267
Trd, 2591543.113, 243
Trd, 2591543.929, 241
Trd, 2591544.746, 241
Trd, 2591545.429, 242
Trd, 2591545.513, 240
Trd, 2591545.763, 263
Trd, 2591546.096, 247
Trd, 2591546.313, 268
Trd, 2591546.346, 267
Trd, 2591547.713, 249
Trd, 2591548.863, 242
Trd, 2591549.579, 254
Trd, 2591550.629, 244
Trd, 2591551.396, 255
Trd, 2591551.429, 260
Trd, 2591553.396, 244
Trd, 2591553.529, 243
Trd, 2591553.579, 245
Trd, 2591553.896, 242
Trd, 2591554.429, 241
Trd, 2591555.129, 250
Trd, 2591557.129, 261
Trd, 2591557.479, 245
Trd, 2591557.679, 269
Trd, 2591557.896, 272
Trd, 2591559.329, 239
Trd, 2591559.479, 241
Trd, 2591559.546, 243
Trd, 2591559.713, 251
Trd, 2591560.496, 236
Trd, 2591560.963, 235
Trd, 2591562.063, 237
Trd, 2591562.246, 245
Trd, 2591563.346, 254
Trd, 2591564.479, 252
Trd, 2591565.346, 250
Trd, 2591566.063, 251
Trd, 2591566.246, 262
Trd, 2591566.346, 251
Trd, 2591566.496, 251
Trd, 2591568.113, 271
Trd, 2591568.479, 241
Trd, 2591568.896, 237
Trd, 2591569.629, 255
Trd, 2591570.563, 266
Trd, 2591570.796, 241
Trd, 2591571.063, 270
Trd, 2591571.629, 247
Trd, 2591572.979, 245
Trd, 2591573.529, 265
Trd, 2591573.679, 265
Trd, 2591574.029, 246
Trd, 2591574.729, 247
Trd, 2591575.546, 248
Trd, 2591575.929, 247
Trd, 2591578.829, 249
Trd, 2591579.396, 249
Trd, 2591579.413, 248
Trd, 2591579.879, 251
Trd, 2591581.013, 250
Trd, 2591581.596, 251
Trd, 2591581.829, 255
Trd, 2591582.363, 268
Trd, 2591582.679, 247
Trd, 2591583.363, 266
Trd, 2591584.046, 264
Trd, 2591584.413, 268
Trd, 2591585.696, 245
Trd, 2591586.279, 249
Trd, 2591586.413, 265
Trd, 2591586.529, 241
Trd, 2591586.679, 266
Trd, 2591587.729, 271
Trd, 2591588.113, 271
Trd, 2591589.596, 264
Trd, 2591589.696, 263
Trd, 2591590.063, 270
Trd, 2591590.146, 262
Trd, 2591590.346, 258
Trd, 2591590.613, 255
Trd, 2591591.363, 251
Trd, 2591591.496, 234
Trd, 2591592.563, 238
Trd, 2591593.746, 252
Trd, 2591596.396, 262
Trd, 2591596.546, 254
Trd, 2591597.363, 252
Trd, 2591598.013, 267
Trd, 2591598.146, 252
Trd, 2591598.296, 256
Trd, 2591598.946, 267
Trd, 2591598.996, 268
Trd, 2591599.429, 272
Trd, 2591599.946, 259
Trd, 2591600.646, 258
Trd, 2591601.646, 275
Trd, 2591601.946, 250
Trd, 2591602.496, 244
Trd, 2591603.529, 260
Trd, 2591603.613, 261
Trd, 2591604.163, 242
Trd, 2591605.263, 261
Trd, 2591606.479, 263
Trd, 2591606.729, 248
Trd, 2591607.346, 250
Trd, 2591607.746, 251
Trd, 2591609.079, 250
Trd, 2591609.563, 263
Trd, 2591609.979, 268
Trd, 2591610.113, 272
Trd, 2591610.863, 250
Trd, 2591611.829, 251
Trd, 2591612.129, 250
Trd, 2591612.779, 238
Trd, 2591613.079, 251
Trd, 2591613.663, 241
Trd, 2591614.696, 241
Trd, 2591616.079, 242
Trd, 2591616.213, 241
Trd, 2591616.496, 240
Trd, 2591618.096, 235
Trd, 2591619.096, 237
Trd, 2591619.863, 249
Trd, 2591620.079, 250
Trd, 2591620.479, 255
Trd, 2591621.346, 239
Trd, 2591621.829, 250
Trd, 2591622.446, 239
Trd, 2591622.513, 254
Trd, 2591622.746, 255
Trd, 2591623.096, 265
Trd, 2591623.613, 243
Trd, 2591623.913, 242
Trd, 2591624.696, 241
Trd, 2591625.963, 251
Trd, 2591626.029, 263
Trd, 2591627.279, 251
Trd, 2591627.429, 268
Trd, 2591628.729, 268
Trd, 2591629.213, 253
Trd, 2591629.796, 254
Trd, 2591630.963, 251
Trd, 2591630.996, 254
Trd, 2591631.496, 245
Trd, 2591631.646, 255
Trd, 2591632.013, 241
Trd, 2591632.713, 268
Trd, 2591632.796, 237
Trd, 2591633.663, 252
Trd, 2591633.813, 250
Trd, 2591634.113, 238
Trd, 2591634.446, 258
Trd, 2591635.163, 272
Trd, 2591636.813, 248
Trd, 2591637.813, 262
Trd, 2591638.879, 252
Trd, 2591640.329, 250
Trd, 2591640.513, 249
Trd, 2591640.763, 251
Trd, 2591641.196, 268
Trd, 2591642.313, 251
Trd, 2591642.879, 251
Trd, 2591644.363, 252
Trd, 2591645.429, 250
Trd, 2591645.696, 251
Trd, 2591646.196, 241
Trd, 2591646.379, 252
Trd, 2591647.213, 248
Trd, 2591647.596, 243
Trd, 2591647.729, 236
Trd, 2591647.746, 265
Trd, 2591648.363, 248
Trd, 2591649.513, 245
Trd, 2591650.046, 251
Trd, 2591650.429, 234
Trd, 2591651.096, 236
Trd, 2591652.679, 249
Trd, 2591653.129, 250
Trd, 2591653.729, 253
Trd, 2591653.846, 251
Trd, 2591655.046, 250
Trd, 2591655.279, 249
Trd, 2591655.429, 253
Trd, 2591656.079, 254
Trd, 2591656.229, 251
Trd, 2591656.913, 248
Trd, 2591657.646, 253
Trd, 2591659.229, 255
Trd, 2591660.763, 262
Trd, 2591661.413, 267
Trd, 2591661.613, 268
Trd, 2591662.246, 262
Trd, 2591662.479, 269
Trd, 2591662.613, 262
Trd, 2591662.813, 258
Trd, 2591662.946, 248
Trd, 2591663.146, 268
Trd, 2591663.863, 242
Trd, 2591665.479, 248
Trd, 2591665.813, 247
Trd, 2591665.929, 251
Trd, 2591666.146, 241
Trd, 2591666.529, 250
Trd, 2591666.546, 251
Trd, 2591667.046, 258
Trd, 2591667.346, 267
Trd, 2591667.713, 240
Trd, 2591667.763, 239
Trd, 2591669.629, 251
Trd, 2591672.863, 246
Trd, 2591673.096, 251
Trd, 2591674.179, 251
Trd, 2591674.746, 267
Trd, 2591675.329, 271
Trd, 2591676.513, 272
Trd, 2591676.563, 268
Trd, 2591676.629, 267
Trd, 2591677.096, 268
Trd, 2591677.563, 268
Trd, 2591677.963, 278
Trd, 2591678.313, 264
Trd, 2591680.229, 259
Trd, 2591680.996, 258
Trd, 2591681.013, 259
Trd, 2591681.129, 255
Trd, 2591681.813, 256
Trd, 2591682.796, 241
Trd, 2591682.829, 255
Trd, 2591683.496, 248
Trd, 2591683.613, 237
Trd, 2591684.013, 234
Trd, 2591684.546, 265
Trd, 2591685.579, 236
Trd, 2591685.913, 253
Trd, 2591686.013, 255
Trd, 2591686.429, 233
Trd, 2591686.629, 248
Trd, 2591686.779, 248
Trd, 2591689.646, 241
Trd, 2591689.879, 262
Trd, 2591690.046, 240
Trd, 2591690.113, 263
Trd, 2591691.246, 268
Trd, 2591691.313, 267
Trd, 2591691.479, 266
Trd, 2591693.613, 245
Trd, 2591694.029, 247
Trd, 2591694.163, 256
Trd, 2591694.846, 242
Trd, 2591695.246, 248
Trd, 2591696.313, 249
Trd, 2591696.513, 239
Trd, 2591697.429, 250
Trd, 2591697.929, 239
Trd, 2591699.396, 247
Trd, 2591700.563, 248
Trd, 2591700.613, 251
Trd, 2591702.129, 255
Trd, 2591702.229, 248
Trd, 2591703.063, 263
Trd, 2591703.563, 249
Trd, 2591704.196, 267
Trd, 2591704.629, 248
Trd, 2591705.496, 262
Trd, 2591705.579, 241
Trd, 2591706.379, 242
Trd, 2591706.613, 263
Trd, 2591708.446, 255
Trd, 2591709.346, 247
Trd, 2591710.929, 251
Trd, 2591711.146, 251
Trd, 2591711.263, 252
Trd, 2591711.763, 250
Trd, 2591711.779, 248
Trd, 2591712.179, 247
Trd, 2591712.629, 241
Trd, 2591712.929, 236
Trd, 2591713.196, 250
Trd, 2591713.529, 236
Trd, 2591713.796, 237
Trd, 2591715.696, 245
Trd, 2591716.846, 247
Trd, 2591717.679, 252
Trd, 2591717.746, 251
Trd, 2591718.129, 254
Trd, 2591718.296, 240
Trd, 2591718.379, 246
Trd, 2591718.796, 255
Trd, 2591719.679, 267
Trd, 2591720.746, 265
Trd, 2591721.113, 258
Trd, 2591723.013, 265
Trd, 2591723.596, 245
Trd, 2591723.846, 251
Trd, 2591724.229, 263
Trd, 2591724.363, 262
Trd, 2591724.879, 262
Trd, 2591725.279, 248
Trd, 2591726.029, 257
Trd, 2591726.496, 251
Trd, 2591726.796, 247
Trd, 2591727.663, 247
Trd, 2591728.179, 246
Trd, 2591728.246, 251
Trd, 2591730.029, 251
Trd, 2591730.146, 263
Trd, 2591730.279, 241
Trd, 2591731.729, 237
Trd, 2591732.296, 239
Trd, 2591733.096, 243
Trd, 2591733.879, 243
Trd, 2591734.463, 262
Trd, 2591735.229, 247
Trd, 2591735.746, 267
Trd, 2591736.363, 251
Trd, 2591737.163, 252
Trd, 2591737.179, 267
Trd, 2591737.563, 262
Trd, 2591739.129, 253
Trd, 2591739.646, 253
Trd, 2591740.646, 267
Trd, 2591740.979, 252
Trd, 2591741.579, 269
Trd, 2591742.029, 250
Trd, 2591742.213, 246
Trd, 2591743.596, 245
Trd, 2591744.096, 259
Trd, 2591744.729, 249
Trd, 2591745.046, 250
Trd, 2591745.396, 252
Trd, 2591746.179, 253
Trd, 2591746.379, 272
Trd, 2591746.996, 270
Trd, 2591747.346, 268
Trd, 2591747.513, 264
Trd, 2591748.763, 256
Trd, 2591749.679, 257
Trd, 2591750.196, 256
Trd, 2591750.529, 251
Trd, 2591750.596, 243
Trd, 2591752.346, 241
Trd, 2591753.163, 250
Trd, 2591753.696, 234
Trd, 2591753.779, 235
Trd, 2591753.846, 262
Trd, 2591754.046, 234
Trd, 2591755.796, 260
Trd, 2591756.229, 235
Trd, 2591756.496, 234
Trd, 2591756.529, 255
Trd, 2591757.096, 268
Trd, 2591757.296, 250
Trd, 2591757.546, 262
Trd, 2591758.196, 262
Trd, 2591758.229, 263
Trd, 2591759.796, 241
Trd, 2591759.963, 236
Trd, 2591763.146, 244
Trd, 2591764.063, 241
Trd, 2591764.913, 241
Trd, 2591766.279, 251
Trd, 2591767.746, 249
Trd, 2591767.796, 250
Trd, 2591767.879, 255
Trd, 2591768.296, 250
Trd, 2591768.346, 249
Trd, 2591768.746, 248
Trd, 2591768.863, 250
Trd, 2591769.163, 248
Trd, 2591769.479, 247
Trd, 2591769.996, 262
Trd, 2591770.463, 268
Trd, 2591771.279, 260
Trd, 2591771.646, 241
Trd, 2591772.146, 264
Trd, 2591773.763, 266
Trd, 2591774.679, 265
Trd, 2591776.146, 266
Trd, 2591777.179, 265
Trd, 2591777.596, 264
Trd, 2591777.946, 261
Trd, 2591778.763, 241
Trd, 2591778.963, 265
Trd, 2591779.263, 250
Trd, 2591780.113, 268
Trd, 2591780.846, 254
Trd, 2591781.079, 253
Trd, 2591781.363, 251
Trd, 2591782.579, 262
Trd, 2591783.596, 251
Trd, 2591783.696, 249
Trd, 2591783.896, 269
Trd, 2591783.963, 245
Trd, 2591785.696, 271
Trd, 2591787.363, 241
Trd, 2591787.579, 265
Trd, 2591788.129, 241
Trd, 2591788.796, 241
Trd, 2591789.329, 241
Trd, 2591789.913, 256
Trd, 2591790.463, 242
Trd, 2591790.896, 242
Trd, 2591791.479, 247
Trd, 2591791.496, 248
Trd, 2591791.829, 255
Trd, 2591792.646, 248
Trd, 2591792.779, 247
Trd, 2591793.096, 250
Trd, 2591793.263, 268
Trd, 2591793.463, 271
Trd, 2591793.796, 272
Trd, 2591795.496, 262
Trd, 2591796.596, 255
Trd, 2591798.279, 265
Trd, 2591799.713, 266
Trd, 2591800.063, 265
Trd, 2591800.763, 252
Trd, 2591801.729, 251
Trd, 2591802.363, 250
Trd, 2591802.496, 267
Trd, 2591802.646, 246
Trd, 2591802.879, 234
Trd, 2591802.896, 268
Trd, 2591803.446, 231
Trd, 2591803.596, 224
Trd, 2591804.246, 269
Trd, 2591804.396, 254
Trd, 2591805.963, 233
Trd, 2591806.213, 234
Trd, 2591807.113, 239
Trd, 2591807.346, 248
Trd, 2591808.529, 248
Trd, 2591809.879, 251
Trd, 2591810.379, 249
Trd, 2591810.696, 263
Trd, 2591810.879, 250
Trd, 2591810.896, 248
Trd, 2591811.363, 241
Trd, 2591811.979, 243
Trd, 2591812.129, 251
Trd, 2591814.013, 243
Trd, 2591814.046, 242
Trd, 2591814.129, 250
Trd, 2591814.346, 251
Trd, 2591814.396, 252
Trd, 2591815.363, 248
Trd, 2591816.863, 239
Trd, 2591817.546, 240
Trd, 2591818.046, 239
Trd, 2591818.113, 236
Trd, 2591818.313, 242
Trd, 2591819.696, 259
Trd, 2591820.396, 241
Trd, 2591821.463, 266
Trd, 2591822.513, 251
Trd, 2591822.746, 245
Trd, 2591823.246, 261
Trd, 2591823.696, 268
Trd, 2591824.129, 266
Trd, 2591825.079, 262
Trd, 2591825.396, 261
Trd, 2591825.663, 251
Trd, 2591826.113, 243
Trd, 2591826.779, 267
Trd, 2591827.896, 236
Trd, 2591828.329, 236
Trd, 2591828.479, 234
Trd, 2591830.946, 264
Trd, 2591831.446, 260
Trd, 2591832.496, 261
Trd, 2591832.929, 268
Trd, 2591833.379, 253
Trd, 2591833.813, 250
Trd, 2591834.046, 252
Trd, 2591834.696, 265
Trd, 2591834.979, 249
Trd, 2591835.013, 267
Trd, 2591835.346, 263
Trd, 2591835.629, 267
Trd, 2591836.379, 248
Trd, 2591839.146, 251
Trd, 2591839.313, 250
Trd, 2591839.396, 248
Trd, 2591839.496, 242
Trd, 2591839.946, 243
Trd, 2591841.346, 251
Trd, 2591842.013, 256
Trd, 2591842.779, 252
Trd, 2591843.079, 268
Trd, 2591843.279, 251
Trd, 2591843.396, 250
Trd, 2591843.496, 261
Trd, 2591844.863, 261
Trd, 2591845.029, 238
Trd, 2591845.363, 237
Trd, 2591845.579, 272
Trd, 2591845.946, 234
Trd, 2591846.246, 272
Trd, 2591846.463, 233
Trd, 2591847.346, 258
Trd, 2591847.446, 257
Trd, 2591847.796, 231
Trd, 2591848.629, 224
Trd, 2591849.713, 251
Trd, 2591850.613, 222
Trd, 2591851.296, 236
Trd, 2591852.296, 227
Trd, 2591852.413, 230
Trd, 2591852.663, 237
Trd, 2591852.979, 246
Trd, 2591853.246, 255
Trd, 2591853.629, 262
Trd, 2591854.929, 240
Trd, 2591856.113, 242
Trd, 2591856.129, 243
Trd, 2591856.729, 244
Trd, 2591857.929, 252
Trd, 2591858.013, 244
Trd, 2591858.046, 261
Trd, 2591858.129, 243
Trd, 2591859.613, 266
Trd, 2591860.196, 243
Trd, 2591861.396, 243
Trd, 2591861.729, 249
Trd, 2591861.946, 241
Trd, 2591862.279, 248
Trd, 2591862.546, 266
Trd, 2591863.413, 258
Trd, 2591864.613, 254
Trd, 2591865.279, 253
Trd, 2591865.629, 249
Trd, 2591866.429, 238
Trd, 2591866.646, 239
Trd, 2591866.696, 236
Trd, 2591867.296, 263
Trd, 2591868.029, 258
Trd, 2591868.596, 266
Trd, 2591869.013, 249
Trd, 2591870.013, 267
Trd, 2591871.096, 251
Trd, 2591872.046, 266
Trd, 2591872.379, 252
Trd, 2591872.813, 248
Trd, 2591873.196, 252
Trd, 2591873.613, 251
Trd, 2591873.729, 260
Trd, 2591874.446, 241
Trd, 2591875.263, 255
Trd, 2591875.663, 262
Trd, 2591876.846, 235
Trd, 2591877.329, 242
Trd, 2591879.663, 241
Trd, 2591879.996, 242
Trd, 2591880.096, 255
Trd, 2591880.346, 250
Trd, 2591880.663, 237
Trd, 2591881.129, 255
Trd, 2591881.313, 255
Trd, 2591882.746, 266
Trd, 2591883.213, 245
Trd, 2591883.263, 243
Trd, 2591883.646, 241
Trd, 2591884.479, 246
Trd, 2591885.463, 263
Trd, 2591886.279, 261
Trd, 2591886.513, 259
Trd, 2591886.996, 264
Trd, 2591887.163, 258
Trd, 2591888.479, 257
Trd, 2591888.963, 267
Trd, 2591889.929, 267
Trd, 2591890.563, 266
Trd, 2591892.163, 266
Trd, 2591892.179, 267
Trd, 2591893.363, 258
Trd, 2591893.429, 255
Trd, 2591893.679, 271
Trd, 2591896.063, 252
Trd, 2591896.279, 269
Trd, 2591896.779, 256
Trd, 2591896.879, 272
Trd, 2591897.579, 253
Trd, 2591897.696, 252
Trd, 2591897.946, 249
Trd, 2591898.829, 258
Trd, 2591898.996, 264
Trd, 2591899.046, 250
Trd, 2591899.163, 248
Trd, 2591899.196, 265
Trd, 2591900.679, 263
Trd, 2591900.746, 274
Trd, 2591901.963, 243
Trd, 2591902.579, 241
Trd, 2591904.846, 246
Trd, 2591905.013, 260
Trd, 2591905.363, 244
Trd, 2591905.846, 242
Trd, 2591906.179, 262
Trd, 2591907.579, 244
Trd, 2591908.163, 253
Trd, 2591909.963, 248
Trd, 2591910.313, 241
Trd, 2591910.329, 234
Trd, 2591911.346, 232
Trd, 2591912.496, 248
Trd, 2591912.879, 249
Trd, 2591913.463, 248
Trd, 2591913.646, 251
Trd, 2591914.329, 237
Trd, 2591914.479, 264
Trd, 2591915.596, 254
Trd, 2591916.596, 261
Trd, 2591916.946, 261
Trd, 2591917.063, 259
Trd, 2591917.163, 235
Trd, 2591917.346, 234
Trd, 2591920.913, 246
Trd, 2591921.229, 245
Trd, 2591921.679, 250
Trd, 2591922.846, 248
Trd, 2591923.429, 251
Trd, 2591923.696, 255
Trd, 2591923.713, 251
Trd, 2591924.129, 263
Trd, 2591924.429, 248
Trd, 2591925.479, 256
Trd, 2591926.679, 270
Trd, 2591926.746, 270
Trd, 2591926.879, 268
Trd, 2591926.979, 255
Trd, 2591927.363, 241
Trd, 2591927.379, 266
Trd, 2591928.613, 269
Trd, 2591928.863, 268
Trd, 2591929.229, 262
Trd, 2591931.546, 266
Trd, 2591931.646, 263
Trd, 2591931.879, 250
Trd, 2591933.229, 269
Trd, 2591935.379, 253
Trd, 2591935.663, 249
Trd, 2591936.913, 244
Trd, 2591937.446, 256
Trd, 2591938.596, 248
Trd, 2591938.729, 241
Trd, 2591938.946, 234
Trd, 2591939.129, 249
Trd, 2591939.779, 248
Trd, 2591941.346, 244
Trd, 2591942.096, 251
Trd, 2591943.113, 251
Trd, 2591943.263, 252
Trd, 2591943.429, 255
Trd, 2591944.046, 250
Trd, 2591944.213, 250
Trd, 2591944.996, 266
Trd, 2591946.646, 257
Trd, 2591946.746, 259
Trd, 2591946.913, 260
Trd, 2591946.996, 257
Trd, 2591948.796, 260
Trd, 2591949.079, 258
Trd, 2591949.113, 256
Trd, 2591949.363, 255
Trd, 2591950.996, 255
Trd, 2591952.079, 262
Trd, 2591952.746, 251
Trd, 2591953.029, 262
Trd, 2591953.129, 265
Trd, 2591953.546, 254
Trd, 2591954.529, 249
Trd, 2591954.829, 246
Trd, 2591954.913, 267
Trd, 2591956.279, 268
Trd, 2591957.429, 272
Trd, 2591957.929, 272
Trd, 2591958.029, 268
Trd, 2591959.146, 274
Trd, 2591959.179, 258
Trd, 2591961.896, 266
Trd, 2591961.963, 263
Trd, 2591962.129, 260
Trd, 2591962.146, 251
Trd, 2591962.213, 242
Trd, 2591962.296, 241
Trd, 2591962.429, 237
Trd, 2591963.196, 266
Trd, 2591963.396, 260
Trd, 2591964.546, 257
Trd, 2591964.646, 263
Trd, 2591965.846, 270
Trd, 2591966.663, 246
Trd, 2591968.913, 243
Trd, 2591969.179, 242
Trd, 2591969.479, 241
Trd, 2591969.613, 240
Trd, 2591970.029, 236
Trd, 2591970.429, 241
Trd, 2591971.279, 246
Trd, 2591972.363, 248
Trd, 2591972.863, 246
Trd, 2591973.529, 241
Trd, 2591974.479, 254
Trd, 2591974.596, 255
Trd, 2591975.679, 254
Trd, 2591976.013, 267
Trd, 2591976.079, 255
Trd, 2591976.646, 267
Trd, 2591976.729, 275
Trd, 2591977.546, 254
Trd, 2591977.929, 249
Trd, 2591978.063, 243
Trd, 2591978.479, 243
Trd, 2591978.529, 268
Trd, 2591979.163, 242
Trd, 2591979.263, 241
Trd, 2591979.546, 243
Trd, 2591982.113, 241
Trd, 2591982.179, 240
Trd, 2591982.913, 240
Trd, 2591983.546, 239
Trd, 2591984.496, 252
Trd, 2591984.979, 237
Trd, 2591987.629, 241
Trd, 2591988.379, 260
Trd, 2591989.513, 242
Trd, 2591990.479, 247
Trd, 2591990.946, 248
Trd, 2591991.329, 255
Trd, 2591991.646, 247
Trd, 2591992.913, 264
Trd, 2591992.929, 262
Trd, 2591993.029, 265
Trd, 2591993.163, 267
Trd, 2591993.213, 249
Trd, 2591994.379, 255
Trd, 2591994.963, 254
Trd, 2591995.279, 249
Trd, 2591996.479, 251
Trd, 2591996.663, 267
Trd, 2591998.146, 256
Trd, 2591998.163, 255
Trd, 2591998.379, 256
Trd, 2591998.696, 268
Trd, 2591999.263, 267
Trd, 2591999.963, 263
Trd, 2591999.996, 272
