Trd, 2590699.646, 234
Trd, 2590700.179, 233
Trd, 2590700.763, 221
Trd, 2590701.479, 251
Trd, 2590701.796, 258
Trd, 2590702.463, 249
Trd, 2590702.479, 248
Trd, 2590702.546, 248
Trd, 2590703.146, 243
Trd, 2590703.713, 237
Trd, 2590706.613, 231
Trd, 2590706.696, 237
Trd, 2590706.779, 226
Trd, 2590707.496, 241
Trd, 2590707.513, 244
Trd, 2590707.813, 249
Trd, 2590708.679, 251
Trd, 2590709.079, 255
Trd, 2590710.063, 241
Trd, 2590710.313, 242
Trd, 2590710.463, 259
Trd, 2590711.479, 258
Trd, 2590711.546, 249
Trd, 2590711.829, 249
Trd, 2590713.346, 238
Trd, 2590713.929, 248
Trd, 2590714.696, 243
Trd, 2590714.979, 242
Trd, 2590715.179, 238
Trd, 2590715.246, 237
Trd, 2590715.279, 232
Trd, 2590716.829, 251
Trd, 2590717.596, 248
Trd, 2590717.846, 249
Trd, 2590718.879, 240
Trd, 2590718.979, 255
Trd, 2590719.029, 255
Trd, 2590720.529, 228
Trd, 2590721.229, 258
Trd, 2590722.546, 236
Trd, 2590722.796, 235
Trd, 2590723.196, 234
Trd, 2590724.213, 241
Trd, 2590724.879, 245
Trd, 2590725.196, 248
Trd, 2590725.346, 248
Trd, 2590725.363, 247
Trd, 2590725.896, 251
Trd, 2590725.963, 240
Trd, 2590726.129, 233
Trd, 2590726.863, 241
Trd, 2590727.413, 230
Trd, 2590727.963, 227
Trd, 2590728.179, 244
Trd, 2590728.579, 258
Trd, 2590731.113, 244
Trd, 2590731.396, 254
Trd, 2590733.629, 241
Trd, 2590734.163, 253
Trd, 2590734.263, 255
Trd, 2590734.463, 265
Trd, 2590736.163, 266
Trd, 2590736.246, 244
Trd, 2590736.313, 267
Trd, 2590736.796, 242
Trd, 2590737.146, 237
Trd, 2590737.913, 257
Trd, 2590737.929, 254
Trd, 2590738.046, 230
Trd, 2590738.863, 261
Trd, 2590739.113, 224
Trd, 2590740.346, 242
Trd, 2590741.163, 241
Trd, 2590741.379, 237
Trd, 2590741.713, 253
Trd, 2590742.396, 230
Trd, 2590744.263, 249
Trd, 2590744.429, 258
Trd, 2590745.096, 248
Trd, 2590745.229, 253
Trd, 2590746.596, 260
Trd, 2590746.829, 248
Trd, 2590747.513, 251
Trd, 2590747.979, 250
Trd, 2590748.379, 245
Trd, 2590748.779, 254
Trd, 2590749.513, 245
Trd, 2590749.663, 241
Trd, 2590750.146, 237
Trd, 2590750.279, 234
Trd, 2590750.763, 238
Trd, 2590750.929, 229
Trd, 2590751.663, 226
Trd, 2590752.329, 222
Trd, 2590754.079, 229
Trd, 2590754.329, 223
Trd, 2590754.546, 231
Trd, 2590755.596, 247
Trd, 2590756.529, 247
Trd, 2590757.413, 245
Trd, 2590757.479, 248
Trd, 2590758.246, 248
Trd, 2590758.613, 249
Trd, 2590759.329, 255
Trd, 2590759.613, 248
Trd, 2590760.029, 246
Trd, 2590760.229, 255
Trd, 2590760.829, 266
Trd, 2590760.946, 254
Trd, 2590761.146, 254
Trd, 2590761.163, 241
Trd, 2590761.379, 258
Trd, 2590762.996, 238
Trd, 2590764.229, 242
Trd, 2590764.296, 238
Trd, 2590765.213, 245
Trd, 2590766.029, 238
Trd, 2590766.346, 258
Trd, 2590766.396, 263
Trd, 2590767.163, 264
Trd, 2590767.813, 237
Trd, 2590768.596, 251
Trd, 2590768.929, 251
Trd, 2590769.163, 234
Trd, 2590769.413, 255
Trd, 2590769.746, 255
Trd, 2590771.263, 247
Trd, 2590771.296, 243
Trd, 2590771.646, 242
Trd, 2590772.329, 237
Trd, 2590772.346, 255
Trd, 2590773.329, 230
Trd, 2590773.696, 227
Trd, 2590774.446, 251
Trd, 2590774.513, 244
Trd, 2590775.196, 260
Trd, 2590775.463, 238
Trd, 2590776.396, 255
Trd, 2590778.213, 242
Trd, 2590779.796, 246
Trd, 2590780.513, 242
Trd, 2590780.896, 247
Trd, 2590781.296, 248
Trd, 2590781.563, 235
Trd, 2590782.146, 241
Trd, 2590782.213, 233
Trd, 2590782.546, 232
Trd, 2590783.946, 249
Trd, 2590784.896, 251
Trd, 2590784.996, 246
Trd, 2590785.829, 243
Trd, 2590785.846, 253
Trd, 2590786.263, 237
Trd, 2590786.513, 232
Trd, 2590788.563, 228
Trd, 2590788.846, 230
Trd, 2590789.196, 241
Trd, 2590789.646, 244
Trd, 2590790.379, 237
Trd, 2590792.479, 251
Trd, 2590793.829, 250
Trd, 2590794.496, 250
Trd, 2590795.013, 251
Trd, 2590795.296, 256
Trd, 2590795.579, 260
Trd, 2590795.879, 251
Trd, 2590796.396, 246
Trd, 2590796.829, 246
Trd, 2590798.463, 241
Trd, 2590798.479, 250
Trd, 2590798.546, 237
Trd, 2590798.563, 233
Trd, 2590799.079, 233
Trd, 2590799.513, 230
Trd, 2590799.679, 254
Trd, 2590800.263, 254
Trd, 2590801.579, 254
Trd, 2590801.663, 265
Trd, 2590801.846, 262
Trd, 2590802.146, 268
Trd, 2590802.413, 245
Trd, 2590802.813, 256
Trd, 2590803.613, 258
Trd, 2590803.879, 232
Trd, 2590804.263, 241
Trd, 2590805.329, 243
Trd, 2590806.113, 245
Trd, 2590806.129, 244
Trd, 2590807.163, 244
Trd, 2590808.296, 246
Trd, 2590809.013, 244
Trd, 2590811.813, 241
Trd, 2590811.879, 237
Trd, 2590811.996, 244
Trd, 2590812.213, 243
Trd, 2590812.663, 237
Trd, 2590812.779, 233
Trd, 2590812.879, 230
Trd, 2590813.029, 227
Trd, 2590814.096, 232
Trd, 2590814.479, 234
Trd, 2590815.179, 249
Trd, 2590815.763, 250
Trd, 2590816.863, 256
Trd, 2590817.846, 253
Trd, 2590818.379, 258
Trd, 2590819.229, 253
Trd, 2590819.413, 252
Trd, 2590820.263, 248
Trd, 2590820.396, 261
Trd, 2590820.763, 262
Trd, 2590821.663, 265
Trd, 2590821.896, 247
Trd, 2590822.579, 261
Trd, 2590822.946, 250
Trd, 2590823.196, 244
Trd, 2590823.396, 259
Trd, 2590824.096, 263
Trd, 2590825.163, 258
Trd, 2590825.363, 245
Trd, 2590826.379, 237
Trd, 2590827.813, 236
Trd, 2590828.629, 267
Trd, 2590828.946, 237
Trd, 2590829.179, 236
Trd, 2590829.663, 252
Trd, 2590830.379, 238
Trd, 2590830.463, 237
Trd, 2590830.779, 234
Trd, 2590831.213, 242
Trd, 2590832.346, 232
Trd, 2590833.063, 241
Trd, 2590833.179, 231
Trd, 2590833.196, 229
Trd, 2590833.429, 243
Trd, 2590835.313, 244
Trd, 2590835.429, 258
Trd, 2590835.629, 232
Trd, 2590835.696, 231
Trd, 2590836.713, 224
Trd, 2590836.829, 259
Trd, 2590837.313, 248
Trd, 2590837.396, 262
Trd, 2590840.046, 245
Trd, 2590840.179, 251
Trd, 2590840.713, 237
Trd, 2590840.729, 235
Trd, 2590841.613, 230
Trd, 2590841.963, 251
Trd, 2590842.529, 228
Trd, 2590843.013, 230
Trd, 2590845.013, 231
Trd, 2590845.163, 232
Trd, 2590845.313, 234
Trd, 2590846.296, 231
Trd, 2590846.563, 241
Trd, 2590847.763, 237
Trd, 2590847.963, 249
Trd, 2590848.329, 253
Trd, 2590848.513, 254
Trd, 2590848.646, 238
Trd, 2590849.879, 239
Trd, 2590851.263, 251
Trd, 2590852.529, 250
Trd, 2590852.779, 249
Trd, 2590852.963, 248
Trd, 2590853.529, 226
Trd, 2590854.313, 228
Trd, 2590854.646, 232
Trd, 2590855.196, 244
Trd, 2590855.563, 250
Trd, 2590856.446, 233
Trd, 2590856.529, 244
Trd, 2590857.029, 253
Trd, 2590857.263, 234
Trd, 2590857.346, 255
Trd, 2590858.763, 260
Trd, 2590859.563, 263
Trd, 2590860.096, 265
Trd, 2590860.446, 235
Trd, 2590861.313, 249
Trd, 2590861.546, 248
Trd, 2590862.746, 252
Trd, 2590862.763, 240
Trd, 2590862.846, 237
Trd, 2590863.379, 232
Trd, 2590865.779, 238
Trd, 2590867.779, 238
Trd, 2590867.996, 241
Trd, 2590868.896, 244
Trd, 2590869.729, 248
Trd, 2590869.779, 255
Trd, 2590871.063, 258
Trd, 2590871.413, 245
Trd, 2590871.579, 243
Trd, 2590872.413, 258
Trd, 2590873.479, 247
Trd, 2590873.679, 250
Trd, 2590874.496, 245
Trd, 2590874.796, 252
Trd, 2590876.313, 248
Trd, 2590877.429, 250
Trd, 2590877.763, 249
Trd, 2590877.896, 241
Trd, 2590878.429, 255
Trd, 2590878.779, 237
Trd, 2590878.879, 230
Trd, 2590879.713, 230
Trd, 2590879.979, 224
Trd, 2590880.579, 252
Trd, 2590880.629, 241
Trd, 2590881.463, 235
Trd, 2590881.563, 258
Trd, 2590881.729, 234
Trd, 2590882.029, 250
Trd, 2590882.129, 225
Trd, 2590882.179, 222
Trd, 2590883.146, 262
Trd, 2590884.346, 264
Trd, 2590885.979, 221
Trd, 2590886.163, 243
Trd, 2590886.196, 264
Trd, 2590886.479, 221
Trd, 2590887.229, 232
Trd, 2590888.113, 243
Trd, 2590888.429, 237
Trd, 2590889.796, 239
Trd, 2590890.913, 241
Trd, 2590891.696, 254
Trd, 2590891.896, 255
Trd, 2590892.029, 262
Trd, 2590893.529, 258
Trd, 2590893.896, 259
Trd, 2590894.196, 259
Trd, 2590894.246, 258
Trd, 2590894.479, 246
Trd, 2590896.329, 266
Trd, 2590896.829, 255
Trd, 2590897.113, 248
Trd, 2590898.029, 255
Trd, 2590898.596, 241
Trd, 2590899.563, 240
Trd, 2590899.646, 237
Trd, 2590900.196, 234
Trd, 2590900.579, 227
Trd, 2590900.796, 244
Trd, 2590901.146, 229
Trd, 2590901.779, 242
Trd, 2590901.813, 243
Trd, 2590902.129, 241
Trd, 2590902.429, 244
Trd, 2590902.463, 237
Trd, 2590903.279, 227
Trd, 2590904.896, 231
Trd, 2590905.079, 241
Trd, 2590905.529, 250
Trd, 2590906.146, 239
Trd, 2590906.629, 249
Trd, 2590907.696, 240
Trd, 2590909.396, 248
Trd, 2590910.229, 248
Trd, 2590910.313, 243
Trd, 2590910.579, 249
Trd, 2590911.246, 244
Trd, 2590911.463, 239
Trd, 2590911.713, 233
Trd, 2590912.479, 251
Trd, 2590913.163, 247
Trd, 2590913.913, 241
Trd, 2590913.996, 227
Trd, 2590915.413, 254
Trd, 2590915.679, 257
Trd, 2590916.579, 246
Trd, 2590917.196, 248
Trd, 2590917.879, 251
Trd, 2590918.146, 250
Trd, 2590918.163, 251
Trd, 2590918.713, 247
Trd, 2590918.746, 242
Trd, 2590919.913, 252
Trd, 2590920.763, 243
Trd, 2590920.979, 237
Trd, 2590921.113, 255
Trd, 2590921.246, 257
Trd, 2590923.363, 234
Trd, 2590923.496, 233
Trd, 2590924.613, 246
Trd, 2590925.729, 251
Trd, 2590925.929, 244
Trd, 2590926.313, 241
Trd, 2590927.163, 235
Trd, 2590927.563, 233
Trd, 2590927.729, 229
Trd, 2590929.079, 237
Trd, 2590929.696, 231
Trd, 2590930.063, 251
Trd, 2590930.229, 252
Trd, 2590930.296, 245
Trd, 2590931.546, 241
Trd, 2590931.563, 240
Trd, 2590932.013, 231
Trd, 2590932.629, 255
Trd, 2590932.679, 255
Trd, 2590933.029, 259
Trd, 2590933.613, 228
Trd, 2590934.313, 262
Trd, 2590935.563, 263
Trd, 2590935.913, 254
Trd, 2590936.213, 246
Trd, 2590936.479, 237
Trd, 2590938.279, 230
Trd, 2590938.879, 228
Trd, 2590939.779, 244
Trd, 2590940.863, 233
Trd, 2590941.663, 255
Trd, 2590941.679, 257
Trd, 2590942.429, 257
Trd, 2590942.446, 256
Trd, 2590942.896, 255
Trd, 2590944.113, 247
Trd, 2590944.546, 258
Trd, 2590944.729, 263
Trd, 2590945.129, 245
Trd, 2590947.413, 262
Trd, 2590947.579, 247
Trd, 2590947.746, 262
Trd, 2590947.963, 246
Trd, 2590948.113, 245
Trd, 2590948.179, 242
Trd, 2590949.829, 252
Trd, 2590949.846, 241
Trd, 2590950.513, 235
Trd, 2590950.779, 242
Trd, 2590951.846, 240
Trd, 2590953.313, 243
Trd, 2590954.029, 242
Trd, 2590954.079, 255
Trd, 2590954.146, 234
Trd, 2590954.463, 255
Trd, 2590954.663, 260
Trd, 2590955.913, 248
Trd, 2590956.113, 263
Trd, 2590957.596, 251
Trd, 2590958.979, 249
Trd, 2590959.563, 248
Trd, 2590959.629, 247
Trd, 2590960.129, 249
Trd, 2590960.379, 238
Trd, 2590961.613, 254
Trd, 2590962.429, 242
Trd, 2590962.579, 257
Trd, 2590962.729, 241
Trd, 2590962.913, 240
Trd, 2590964.846, 241
Trd, 2590965.029, 241
Trd, 2590965.063, 255
Trd, 2590966.063, 240
Trd, 2590966.196, 237
Trd, 2590966.596, 254
Trd, 2590967.229, 230
Trd, 2590967.863, 223
Trd, 2590968.713, 228
Trd, 2590969.063, 241
Trd, 2590969.979, 236
Trd, 2590970.229, 248
Trd, 2590970.613, 244
Trd, 2590970.813, 244
Trd, 2590971.863, 245
Trd, 2590972.929, 244
Trd, 2590973.246, 248
Trd, 2590973.396, 234
Trd, 2590974.563, 248
Trd, 2590975.113, 250
Trd, 2590976.046, 251
Trd, 2590976.079, 248
Trd, 2590976.696, 255
Trd, 2590976.863, 244
Trd, 2590977.063, 255
Trd, 2590977.946, 257
Trd, 2590978.663, 242
Trd, 2590979.063, 239
Trd, 2590981.029, 253
Trd, 2590981.363, 255
Trd, 2590981.563, 255
Trd, 2590981.629, 262
Trd, 2590981.896, 257
Trd, 2590982.613, 242
Trd, 2590983.363, 254
Trd, 2590985.113, 237
Trd, 2590985.363, 253
Trd, 2590985.479, 254
Trd, 2590985.563, 234
Trd, 2590987.763, 244
Trd, 2590987.829, 251
Trd, 2590989.413, 247
Trd, 2590989.429, 245
Trd, 2590990.196, 248
Trd, 2590990.646, 250
Trd, 2590991.046, 247
Trd, 2590993.213, 247
Trd, 2590993.296, 240
Trd, 2590993.413, 237
Trd, 2590994.496, 244
Trd, 2590995.446, 243
Trd, 2590996.113, 245
Trd, 2590996.229, 241
Trd, 2590997.646, 249
Trd, 2590998.446, 250
Trd, 2590999.546, 251
Trd, 2590999.596, 243
Trd, 2590999.763, 242
Trd, 2590999.929, 258
Trd, 2591000.863, 259
Trd, 2591001.946, 260
Trd, 2591002.346, 255
Trd, 2591002.379, 254
Trd, 2591002.946, 251
Trd, 2591003.829, 262
Trd, 2591004.163, 245
Trd, 2591004.263, 243
Trd, 2591004.296, 265
Trd, 2591004.579, 239
Trd, 2591004.596, 268
Trd, 2591004.796, 237
Trd, 2591005.546, 244
Trd, 2591006.279, 244
Trd, 2591007.163, 241
Trd, 2591007.463, 240
Trd, 2591007.963, 262
Trd, 2591008.946, 234
Trd, 2591010.279, 249
Trd, 2591010.579, 248
Trd, 2591010.879, 246
Trd, 2591011.329, 249
Trd, 2591012.813, 249
Trd, 2591012.879, 252
Trd, 2591012.896, 239
Trd, 2591012.963, 237
Trd, 2591013.496, 264
Trd, 2591013.746, 249
Trd, 2591014.363, 248
Trd, 2591015.346, 246
Trd, 2591015.663, 244
Trd, 2591016.629, 258
Trd, 2591016.863, 246
Trd, 2591017.829, 241
Trd, 2591018.229, 231
Trd, 2591019.113, 234
Trd, 2591019.363, 251
Trd, 2591019.879, 253
Trd, 2591019.996, 235
Trd, 2591020.663, 262
Trd, 2591021.179, 261
Trd, 2591021.946, 235
Trd, 2591022.929, 232
Trd, 2591022.996, 255
Trd, 2591023.163, 230
Trd, 2591023.263, 222
Trd, 2591023.496, 238
Trd, 2591023.896, 222
Trd, 2591025.396, 243
Trd, 2591026.029, 259
Trd, 2591026.096, 241
Trd, 2591027.463, 238
Trd, 2591028.746, 241
Trd, 2591028.813, 239
Trd, 2591029.163, 263
Trd, 2591029.796, 254
Trd, 2591030.896, 245
Trd, 2591031.096, 248
Trd, 2591031.579, 246
Trd, 2591031.713, 256
Trd, 2591032.229, 245
Trd, 2591032.296, 258
Trd, 2591032.646, 243
Trd, 2591034.013, 255
Trd, 2591034.046, 262
Trd, 2591035.046, 252
Trd, 2591035.313, 259
Trd, 2591035.529, 251
Trd, 2591037.279, 250
Trd, 2591037.346, 243
Trd, 2591038.113, 241
Trd, 2591038.313, 241
Trd, 2591039.613, 238
Trd, 2591040.246, 256
Trd, 2591042.013, 253
Trd, 2591043.779, 247
Trd, 2591045.096, 242
Trd, 2591045.446, 248
Trd, 2591045.896, 241
Trd, 2591046.579, 241
Trd, 2591047.196, 237
Trd, 2591047.596, 232
Trd, 2591047.713, 230
Trd, 2591049.363, 244
Trd, 2591049.513, 246
Trd, 2591049.613, 249
Trd, 2591049.763, 244
Trd, 2591050.346, 254
Trd, 2591050.513, 243
Trd, 2591051.213, 253
Trd, 2591051.746, 241
Trd, 2591051.979, 241
Trd, 2591052.313, 233
Trd, 2591053.079, 233
Trd, 2591054.613, 255
Trd, 2591055.329, 229
Trd, 2591057.446, 251
Trd, 2591058.096, 244
Trd, 2591058.213, 243
Trd, 2591058.446, 262
Trd, 2591059.129, 258
Trd, 2591059.179, 242
Trd, 2591059.496, 262
Trd, 2591059.546, 237
Trd, 2591060.213, 236
Trd, 2591060.879, 231
Trd, 2591061.479, 237
Trd, 2591061.779, 235
Trd, 2591062.379, 234
Trd, 2591062.679, 241
Trd, 2591063.163, 240
Trd, 2591063.463, 233
Trd, 2591063.979, 249
Trd, 2591064.129, 250
Trd, 2591064.579, 233
Trd, 2591064.779, 254
Trd, 2591064.946, 232
Trd, 2591066.263, 251
Trd, 2591066.746, 227
Trd, 2591066.779, 224
Trd, 2591067.213, 259
Trd, 2591067.746, 227
Trd, 2591067.996, 247
Trd, 2591069.729, 240
Trd, 2591070.813, 234
Trd, 2591071.579, 254
Trd, 2591071.863, 258
Trd, 2591073.213, 252
Trd, 2591073.363, 238
Trd, 2591075.379, 242
Trd, 2591075.613, 241
Trd, 2591076.613, 250
Trd, 2591076.996, 251
Trd, 2591077.613, 256
Trd, 2591078.063, 258
Trd, 2591078.246, 249
Trd, 2591078.863, 249
Trd, 2591079.429, 248
Trd, 2591079.713, 244
Trd, 2591079.979, 241
Trd, 2591081.363, 240
Trd, 2591082.379, 238
Trd, 2591082.713, 243
Trd, 2591083.163, 244
Trd, 2591083.679, 243
Trd, 2591085.429, 244
Trd, 2591085.896, 248
Trd, 2591085.929, 261
Trd, 2591086.429, 242
Trd, 2591087.029, 240
Trd, 2591087.696, 238
Trd, 2591088.363, 237
Trd, 2591088.646, 232
Trd, 2591089.946, 244
Trd, 2591090.379, 249
Trd, 2591090.746, 236
Trd, 2591090.796, 235
Trd, 2591091.063, 255
Trd, 2591092.513, 239
Trd, 2591092.996, 238
Trd, 2591093.046, 237
Trd, 2591093.246, 236
Trd, 2591093.296, 255
Trd, 2591093.596, 225
Trd, 2591094.046, 258
Trd, 2591094.613, 262
Trd, 2591095.396, 254
Trd, 2591095.946, 262
Trd, 2591096.063, 238
Trd, 2591096.729, 237
Trd, 2591097.546, 251
Trd, 2591098.263, 243
Trd, 2591099.046, 235
Trd, 2591099.779, 243
Trd, 2591100.713, 238
Trd, 2591101.696, 243
Trd, 2591102.746, 241
Trd, 2591102.829, 248
Trd, 2591103.129, 238
Trd, 2591103.763, 254
Trd, 2591103.846, 255
Trd, 2591104.746, 244
Trd, 2591105.029, 247
Trd, 2591105.713, 258
Trd, 2591107.679, 250
Trd, 2591107.896, 249
Trd, 2591108.296, 247
Trd, 2591108.329, 241
Trd, 2591108.396, 258
Trd, 2591109.179, 248
Trd, 2591110.446, 247
Trd, 2591111.796, 245
Trd, 2591112.113, 245
Trd, 2591112.513, 249
Trd, 2591114.079, 251
Trd, 2591114.229, 254
Trd, 2591114.746, 247
Trd, 2591115.063, 244
Trd, 2591115.196, 248
Trd, 2591115.363, 259
Trd, 2591115.646, 237
Trd, 2591115.946, 247
Trd, 2591116.029, 231
Trd, 2591116.413, 234
Trd, 2591116.913, 256
Trd, 2591117.096, 260
Trd, 2591118.929, 234
Trd, 2591121.213, 235
Trd, 2591121.246, 235
Trd, 2591121.263, 234
Trd, 2591121.329, 238
Trd, 2591121.346, 241
Trd, 2591121.679, 231
Trd, 2591122.763, 244
Trd, 2591123.163, 229
Trd, 2591124.163, 230
Trd, 2591124.629, 233
Trd, 2591126.329, 236
Trd, 2591126.429, 240
Trd, 2591126.496, 235
Trd, 2591126.613, 251
Trd, 2591128.029, 251
Trd, 2591128.613, 251
Trd, 2591128.863, 241
Trd, 2591129.296, 254
Trd, 2591131.229, 242
Trd, 2591131.863, 246
Trd, 2591131.913, 241
Trd, 2591132.296, 240
Trd, 2591132.479, 247
Trd, 2591132.529, 250
Trd, 2591133.963, 262
Trd, 2591134.746, 255
Trd, 2591135.813, 238
Trd, 2591136.163, 251
Trd, 2591136.579, 239
Trd, 2591136.746, 244
Trd, 2591137.046, 237
Trd, 2591137.479, 231
Trd, 2591138.913, 251
Trd, 2591140.446, 253
Trd, 2591140.879, 257
Trd, 2591141.196, 258
Trd, 2591142.379, 257
Trd, 2591142.613, 256
Trd, 2591142.679, 248
Trd, 2591144.579, 246
Trd, 2591144.613, 237
Trd, 2591144.879, 235
Trd, 2591146.496, 245
Trd, 2591147.429, 244
Trd, 2591148.346, 243
Trd, 2591148.629, 243
Trd, 2591149.213, 258
Trd, 2591150.063, 241
Trd, 2591150.163, 237
Trd, 2591150.196, 237
Trd, 2591150.246, 255
Trd, 2591150.746, 230
Trd, 2591151.213, 235
Trd, 2591151.396, 248
Trd, 2591152.746, 259
Trd, 2591153.513, 255
Trd, 2591153.546, 251
Trd, 2591154.146, 243
Trd, 2591155.346, 234
Trd, 2591155.846, 247
Trd, 2591155.979, 248
Trd, 2591156.163, 264
Trd, 2591156.579, 244
Trd, 2591156.879, 244
Trd, 2591158.429, 249
Trd, 2591159.396, 248
Trd, 2591159.663, 248
Trd, 2591160.213, 250
Trd, 2591160.263, 248
Trd, 2591160.313, 241
Trd, 2591160.629, 251
Trd, 2591160.946, 263
Trd, 2591161.113, 237
Trd, 2591163.479, 255
Trd, 2591163.579, 236
Trd, 2591165.713, 238
Trd, 2591165.829, 235
Trd, 2591166.013, 239
Trd, 2591166.029, 231
Trd, 2591167.379, 232
Trd, 2591167.396, 254
Trd, 2591168.463, 256
Trd, 2591168.496, 231
Trd, 2591168.913, 229
Trd, 2591170.663, 233
Trd, 2591171.313, 257
Trd, 2591171.563, 241
Trd, 2591171.813, 246
Trd, 2591171.829, 236
Trd, 2591172.079, 250
Trd, 2591172.413, 237
Trd, 2591173.079, 238
Trd, 2591174.263, 256
Trd, 2591174.746, 257
Trd, 2591175.113, 258
Trd, 2591175.363, 262
Trd, 2591176.229, 249
Trd, 2591176.679, 248
Trd, 2591176.729, 237
Trd, 2591176.946, 238
Trd, 2591177.279, 261
Trd, 2591177.729, 233
Trd, 2591178.263, 229
Trd, 2591179.263, 232
Trd, 2591179.796, 237
Trd, 2591180.796, 241
Trd, 2591181.313, 229
Trd, 2591183.513, 244
Trd, 2591184.896, 237
Trd, 2591185.363, 243
Trd, 2591185.379, 236
Trd, 2591186.146, 244
Trd, 2591186.429, 243
Trd, 2591186.746, 252
Trd, 2591187.213, 225
Trd, 2591187.246, 223
Trd, 2591187.496, 260
Trd, 2591188.863, 248
Trd, 2591189.146, 255
Trd, 2591189.696, 256
Trd, 2591191.529, 257
Trd, 2591192.246, 256
Trd, 2591192.579, 251
Trd, 2591192.596, 263
Trd, 2591192.613, 264
Trd, 2591193.113, 248
Trd, 2591193.579, 261
Trd, 2591193.679, 266
Trd, 2591194.646, 251
Trd, 2591194.946, 242
Trd, 2591196.029, 253
Trd, 2591196.129, 243
Trd, 2591196.313, 242
Trd, 2591196.429, 240
Trd, 2591196.846, 237
Trd, 2591197.563, 240
Trd, 2591199.029, 253
Trd, 2591201.013, 238
Trd, 2591201.846, 245
Trd, 2591202.313, 245
Trd, 2591202.763, 245
Trd, 2591202.863, 258
Trd, 2591203.529, 253
Trd, 2591204.363, 241
Trd, 2591205.379, 242
Trd, 2591205.513, 247
Trd, 2591206.213, 248
Trd, 2591206.479, 238
Trd, 2591206.763, 239
Trd, 2591207.429, 252
Trd, 2591207.696, 234
Trd, 2591208.346, 231
Trd, 2591208.413, 231
Trd, 2591208.613, 225
Trd, 2591209.979, 255
Trd, 2591210.029, 253
Trd, 2591210.946, 257
Trd, 2591211.796, 255
Trd, 2591212.029, 248
Trd, 2591212.363, 244
Trd, 2591212.846, 243
Trd, 2591213.479, 262
Trd, 2591213.663, 241
Trd, 2591213.713, 240
Trd, 2591213.813, 237
Trd, 2591214.829, 250
Trd, 2591215.363, 254
Trd, 2591216.896, 238
Trd, 2591217.679, 252
Trd, 2591218.763, 240
Trd, 2591219.129, 245
Trd, 2591219.646, 240
Trd, 2591220.196, 239
Trd, 2591220.496, 251
Trd, 2591221.029, 238
Trd, 2591222.563, 247
Trd, 2591223.413, 238
Trd, 2591223.529, 237
Trd, 2591223.896, 252
Trd, 2591225.563, 257
Trd, 2591225.696, 255
Trd, 2591225.829, 258
Trd, 2591225.979, 254
Trd, 2591226.913, 241
Trd, 2591227.163, 235
Trd, 2591227.796, 250
Trd, 2591228.179, 244
Trd, 2591228.763, 231
Trd, 2591229.729, 248
Trd, 2591230.829, 247
Trd, 2591230.913, 244
Trd, 2591231.013, 249
Trd, 2591232.396, 251
Trd, 2591234.179, 251
Trd, 2591234.596, 263
Trd, 2591235.329, 250
Trd, 2591235.379, 255
Trd, 2591235.679, 249
Trd, 2591235.979, 248
Trd, 2591237.146, 245
Trd, 2591237.829, 237
Trd, 2591237.996, 248
Trd, 2591238.113, 265
Trd, 2591238.246, 235
Trd, 2591239.196, 234
Trd, 2591239.796, 261
Trd, 2591240.096, 262
Trd, 2591240.296, 244
Trd, 2591240.746, 255
Trd, 2591241.029, 240
Trd, 2591242.096, 235
Trd, 2591242.213, 233
Trd, 2591243.413, 241
Trd, 2591243.863, 241
Trd, 2591244.196, 234
Trd, 2591244.213, 234
Trd, 2591244.479, 228
Trd, 2591245.263, 242
Trd, 2591246.179, 261
Trd, 2591247.329, 250
Trd, 2591247.646, 254
Trd, 2591248.979, 255
Trd, 2591249.846, 254
Trd, 2591250.279, 255
Trd, 2591250.513, 255
Trd, 2591250.813, 241
Trd, 2591251.346, 243
Trd, 2591252.246, 231
Trd, 2591252.679, 254
Trd, 2591253.463, 240
Trd, 2591253.729, 239
Trd, 2591253.763, 255
Trd, 2591254.196, 240
Trd, 2591255.763, 251
Trd, 2591256.179, 248
Trd, 2591256.279, 251
Trd, 2591256.379, 238
Trd, 2591258.179, 258
Trd, 2591258.329, 257
Trd, 2591258.963, 264
Trd, 2591260.263, 259
Trd, 2591260.296, 255
Trd, 2591261.146, 245
Trd, 2591261.946, 249
Trd, 2591262.096, 239
Trd, 2591262.529, 237
Trd, 2591263.129, 234
Trd, 2591264.096, 230
Trd, 2591264.579, 226
Trd, 2591265.679, 220
Trd, 2591266.213, 215
Trd, 2591266.296, 212
Trd, 2591267.196, 249
Trd, 2591267.229, 252
Trd, 2591267.263, 228
Trd, 2591267.596, 238
Trd, 2591268.179, 227
Trd, 2591269.213, 241
Trd, 2591270.479, 257
Trd, 2591270.696, 252
Trd, 2591271.246, 261
Trd, 2591271.596, 254
Trd, 2591272.113, 250
Trd, 2591273.646, 251
Trd, 2591274.463, 252
Trd, 2591275.679, 251
Trd, 2591276.663, 248
Trd, 2591276.979, 252
Trd, 2591277.579, 245
Trd, 2591278.096, 254
Trd, 2591278.713, 245
Trd, 2591279.013, 242
Trd, 2591279.329, 250
Trd, 2591279.396, 237
Trd, 2591279.579, 251
Trd, 2591280.463, 238
Trd, 2591280.579, 256
Trd, 2591280.613, 258
Trd, 2591281.179, 264
Trd, 2591281.513, 234
Trd, 2591282.063, 221
Trd, 2591283.013, 226
Trd, 2591284.646, 247
Trd, 2591285.913, 246
Trd, 2591286.013, 246
Trd, 2591286.213, 234
Trd, 2591286.946, 233
Trd, 2591287.029, 248
Trd, 2591287.413, 244
Trd, 2591287.913, 238
Trd, 2591288.113, 251
Trd, 2591288.546, 254
Trd, 2591289.263, 231
Trd, 2591289.379, 230
Trd, 2591290.579, 238
Trd, 2591291.546, 248
Trd, 2591292.779, 239
Trd, 2591293.179, 255
Trd, 2591294.179, 240
Trd, 2591294.913, 258
Trd, 2591295.479, 241
Trd, 2591295.679, 257
Trd, 2591295.746, 242
Trd, 2591296.296, 258
Trd, 2591296.646, 249
Trd, 2591297.063, 252
Trd, 2591297.563, 237
Trd, 2591297.946, 248
Trd, 2591299.013, 257
Trd, 2591299.279, 237
Trd, 2591300.229, 257
Trd, 2591300.746, 239
Trd, 2591301.896, 248
Trd, 2591302.296, 251
Trd, 2591302.463, 260
Trd, 2591303.479, 248
Trd, 2591303.996, 244
Trd, 2591304.779, 263
Trd, 2591305.063, 248
Trd, 2591305.379, 246
Trd, 2591305.796, 246
Trd, 2591306.179, 267
Trd, 2591306.246, 237
Trd, 2591308.896, 240
Trd, 2591309.746, 240
Trd, 2591309.913, 239
Trd, 2591310.596, 268
Trd, 2591310.763, 267
Trd, 2591310.946, 254
Trd, 2591311.146, 253
Trd, 2591312.329, 245
Trd, 2591312.596, 243
Trd, 2591313.379, 239
Trd, 2591313.863, 240
Trd, 2591314.129, 237
Trd, 2591315.563, 234
Trd, 2591316.129, 235
Trd, 2591316.813, 230
Trd, 2591317.979, 240
Trd, 2591318.579, 244
Trd, 2591319.863, 234
Trd, 2591320.563, 246
Trd, 2591320.963, 251
Trd, 2591321.313, 236
Trd, 2591321.463, 256
Trd, 2591321.663, 258
Trd, 2591321.729, 233
Trd, 2591322.096, 253
Trd, 2591322.363, 263
Trd, 2591322.796, 267
Trd, 2591322.963, 268
Trd, 2591323.463, 248
Trd, 2591323.596, 247
Trd, 2591325.229, 238
Trd, 2591325.479, 231
Trd, 2591326.546, 229
Trd, 2591326.846, 242
Trd, 2591327.179, 239
Trd, 2591328.529, 242
Trd, 2591329.313, 240
Trd, 2591329.596, 234
Trd, 2591330.163, 254
Trd, 2591330.329, 230
Trd, 2591330.579, 250
Trd, 2591331.446, 239
Trd, 2591331.763, 240
Trd, 2591332.413, 231
Trd, 2591332.513, 223
Trd, 2591332.779, 251
Trd, 2591332.979, 255
Trd, 2591333.396, 258
Trd, 2591333.613, 256
Trd, 2591334.379, 262
Trd, 2591335.229, 261
Trd, 2591335.763, 262
Trd, 2591336.413, 268
Trd, 2591336.963, 261
Trd, 2591337.429, 255
Trd, 2591337.529, 246
Trd, 2591339.213, 243
Trd, 2591339.879, 236
Trd, 2591340.263, 236
Trd, 2591340.329, 237
Trd, 2591340.763, 231
Trd, 2591341.296, 246
Trd, 2591342.113, 220
Trd, 2591343.679, 233
Trd, 2591343.979, 239
Trd, 2591344.479, 239
Trd, 2591345.263, 238
Trd, 2591346.529, 241
Trd, 2591346.579, 244
Trd, 2591346.913, 247
Trd, 2591348.163, 248
Trd, 2591348.379, 250
Trd, 2591349.213, 244
Trd, 2591349.663, 238
Trd, 2591350.629, 251
Trd, 2591350.929, 237
Trd, 2591352.429, 238
Trd, 2591353.379, 254
Trd, 2591353.763, 234
Trd, 2591353.929, 238
Trd, 2591354.946, 255
Trd, 2591355.196, 260
Trd, 2591355.613, 237
Trd, 2591356.363, 238
Trd, 2591357.546, 238
Trd, 2591357.963, 239
Trd, 2591358.679, 252
Trd, 2591358.696, 231
Trd, 2591360.613, 249
Trd, 2591361.229, 249
Trd, 2591361.513, 238
Trd, 2591361.646, 237
Trd, 2591361.779, 251
Trd, 2591361.863, 237
Trd, 2591361.963, 235
Trd, 2591362.146, 252
Trd, 2591362.996, 234
Trd, 2591363.113, 237
Trd, 2591363.796, 239
Trd, 2591363.863, 238
Trd, 2591364.596, 258
Trd, 2591364.896, 258
Trd, 2591365.229, 240
Trd, 2591365.579, 238
Trd, 2591365.713, 228
Trd, 2591367.013, 246
Trd, 2591368.663, 248
Trd, 2591369.546, 249
Trd, 2591370.613, 255
Trd, 2591371.113, 243
Trd, 2591371.496, 240
Trd, 2591371.663, 251
Trd, 2591371.746, 237
Trd, 2591371.946, 255
Trd, 2591372.079, 258
Trd, 2591373.196, 232
Trd, 2591374.579, 251
Trd, 2591374.713, 252
Trd, 2591375.996, 247
Trd, 2591376.046, 246
Trd, 2591377.063, 249
Trd, 2591377.213, 250
Trd, 2591378.246, 242
Trd, 2591379.796, 241
Trd, 2591380.679, 237
Trd, 2591380.996, 261
Trd, 2591381.063, 247
Trd, 2591382.163, 234
Trd, 2591382.946, 233
Trd, 2591383.363, 237
Trd, 2591383.896, 232
Trd, 2591384.663, 237
Trd, 2591384.879, 235
Trd, 2591385.496, 234
Trd, 2591385.713, 229
Trd, 2591385.746, 227
Trd, 2591385.829, 244
Trd, 2591386.746, 232
Trd, 2591386.846, 233
Trd, 2591386.946, 249
Trd, 2591387.913, 263
Trd, 2591388.696, 244
Trd, 2591389.613, 264
Trd, 2591389.679, 262
Trd, 2591390.096, 246
Trd, 2591390.829, 252
Trd, 2591392.379, 261
Trd, 2591392.496, 249
Trd, 2591392.513, 248
Trd, 2591392.896, 241
Trd, 2591393.463, 235
Trd, 2591393.696, 253
Trd, 2591394.179, 235
Trd, 2591394.379, 246
Trd, 2591395.179, 233
Trd, 2591395.729, 258
Trd, 2591396.096, 235
Trd, 2591396.546, 259
Trd, 2591398.079, 264
Trd, 2591398.563, 248
Trd, 2591398.596, 245
Trd, 2591399.179, 240
Trd, 2591399.696, 252
Trd, 2591400.646, 252
Trd, 2591401.196, 241
Trd, 2591402.463, 246
Trd, 2591402.596, 268
Trd, 2591403.096, 242
Trd, 2591405.046, 250
Trd, 2591406.196, 265
Trd, 2591406.746, 255
Trd, 2591406.796, 253
Trd, 2591407.696, 260
Trd, 2591407.879, 247
Trd, 2591407.896, 246
Trd, 2591408.629, 254
Trd, 2591409.663, 238
Trd, 2591410.346, 244
Trd, 2591410.463, 240
Trd, 2591412.313, 238
Trd, 2591412.346, 237
Trd, 2591413.196, 245
Trd, 2591414.463, 236
Trd, 2591414.846, 241
Trd, 2591414.879, 242
Trd, 2591415.579, 234
Trd, 2591416.229, 242
Trd, 2591416.379, 229
Trd, 2591416.463, 244
Trd, 2591417.363, 248
Trd, 2591417.813, 225
Trd, 2591418.429, 227
Trd, 2591419.063, 249
Trd, 2591419.346, 251
Trd, 2591420.413, 256
Trd, 2591420.813, 237
Trd, 2591422.163, 254
Trd, 2591424.546, 254
Trd, 2591424.829, 254
Trd, 2591424.846, 253
Trd, 2591424.963, 252
Trd, 2591425.129, 251
Trd, 2591425.596, 243
Trd, 2591427.813, 253
Trd, 2591428.146, 254
Trd, 2591428.546, 241
Trd, 2591429.096, 251
Trd, 2591429.429, 252
Trd, 2591430.146, 242
Trd, 2591430.329, 241
Trd, 2591431.496, 239
Trd, 2591431.579, 259
Trd, 2591431.596, 237
Trd, 2591431.996, 244
Trd, 2591432.629, 256
Trd, 2591433.529, 260
Trd, 2591434.129, 262
Trd, 2591434.979, 255
Trd, 2591435.163, 238
Trd, 2591435.529, 233
Trd, 2591435.863, 266
Trd, 2591435.929, 228
Trd, 2591436.463, 228
Trd, 2591437.813, 237
Trd, 2591438.079, 264
Trd, 2591438.296, 249
Trd, 2591439.229, 256
Trd, 2591440.179, 249
Trd, 2591440.446, 244
Trd, 2591440.746, 259
Trd, 2591444.229, 251
Trd, 2591445.896, 251
Trd, 2591446.179, 250
Trd, 2591446.396, 252
Trd, 2591446.796, 250
Trd, 2591446.846, 243
Trd, 2591447.463, 249
Trd, 2591447.529, 240
Trd, 2591447.813, 237
Trd, 2591449.146, 256
Trd, 2591449.696, 251
Trd, 2591449.946, 255
Trd, 2591450.596, 253
Trd, 2591451.346, 257
Trd, 2591451.363, 252
Trd, 2591451.696, 245
Trd, 2591452.713, 235
Trd, 2591453.063, 258
Trd, 2591453.113, 242
Trd, 2591453.596, 262
Trd, 2591453.779, 246
Trd, 2591453.846, 265
Trd, 2591454.413, 243
Trd, 2591454.996, 239
Trd, 2591456.779, 240
Trd, 2591458.829, 244
Trd, 2591458.946, 242
Trd, 2591459.879, 240
Trd, 2591460.263, 244
Trd, 2591460.729, 250
Trd, 2591460.796, 245
Trd, 2591461.529, 243
Trd, 2591461.546, 252
Trd, 2591462.346, 252
Trd, 2591462.663, 231
Trd, 2591463.196, 248
Trd, 2591463.579, 248
Trd, 2591464.029, 232
Trd, 2591464.096, 231
Trd, 2591465.513, 242
Trd, 2591465.863, 247
Trd, 2591465.929, 249
Trd, 2591466.013, 241
Trd, 2591466.329, 240
Trd, 2591466.713, 259
Trd, 2591467.013, 231
Trd, 2591468.113, 226
Trd, 2591469.679, 231
Trd, 2591469.846, 237
Trd, 2591470.396, 240
Trd, 2591472.429, 237
Trd, 2591473.479, 241
Trd, 2591474.013, 244
Trd, 2591474.213, 252
Trd, 2591474.596, 256
Trd, 2591474.863, 258
Trd, 2591475.796, 244
Trd, 2591476.363, 258
Trd, 2591476.379, 262
Trd, 2591476.796, 258
Trd, 2591477.346, 242
Trd, 2591478.396, 245
Trd, 2591479.313, 255
Trd, 2591479.579, 243
Trd, 2591480.229, 241
Trd, 2591480.796, 237
Trd, 2591481.346, 234
Trd, 2591484.563, 249
Trd, 2591485.429, 247
Trd, 2591485.613, 244
Trd, 2591486.613, 246
Trd, 2591486.913, 245
Trd, 2591487.096, 248
Trd, 2591487.813, 250
Trd, 2591488.246, 239
Trd, 2591488.496, 251
Trd, 2591489.963, 253
Trd, 2591490.163, 247
Trd, 2591490.229, 244
Trd, 2591490.379, 253
Trd, 2591490.879, 253
Trd, 2591490.896, 231
Trd, 2591491.363, 230
Trd, 2591491.479, 252
Trd, 2591491.679, 229
Trd, 2591491.996, 256
Trd, 2591492.846, 257
Trd, 2591493.529, 241
Trd, 2591493.879, 225
Trd, 2591494.829, 261
Trd, 2591497.429, 237
Trd, 2591497.696, 237
Trd, 2591498.963, 241
Trd, 2591499.296, 238
Trd, 2591499.646, 244
Trd, 2591500.096, 236
Trd, 2591500.713, 237
Trd, 2591500.863, 240
Trd, 2591500.896, 249
Trd, 2591501.346, 237
Trd, 2591502.279, 234
Trd, 2591502.613, 248
Trd, 2591503.196, 254
Trd, 2591503.346, 238
Trd, 2591503.863, 259
Trd, 2591506.646, 241
Trd, 2591506.829, 240
Trd, 2591507.146, 248
Trd, 2591507.996, 237
Trd, 2591509.446, 251
Trd, 2591509.646, 250
Trd, 2591510.179, 243
Trd, 2591511.113, 245
Trd, 2591511.429, 244
Trd, 2591511.546, 252
Trd, 2591512.029, 247
Trd, 2591512.679, 242
Trd, 2591513.146, 255
Trd, 2591513.313, 256
Trd, 2591514.579, 241
Trd, 2591514.796, 238
Trd, 2591514.946, 237
Trd, 2591515.646, 244
Trd, 2591516.396, 231
Trd, 2591517.363, 238
Trd, 2591518.096, 247
Trd, 2591518.596, 248
Trd, 2591518.879, 246
Trd, 2591519.229, 241
Trd, 2591520.029, 260
Trd, 2591520.313, 260
Trd, 2591520.429, 262
Trd, 2591520.513, 242
Trd, 2591521.629, 241
Trd, 2591522.996, 245
Trd, 2591523.963, 253
Trd, 2591525.679, 249
Trd, 2591526.129, 249
Trd, 2591526.163, 239
Trd, 2591527.529, 239
Trd, 2591528.029, 237
Trd, 2591528.696, 230
Trd, 2591529.013, 248
Trd, 2591529.813, 248
Trd, 2591529.863, 249
Trd, 2591531.096, 252
Trd, 2591531.313, 256
Trd, 2591531.746, 245
Trd, 2591531.946, 244
Trd, 2591531.963, 241
Trd, 2591531.996, 258
Trd, 2591532.246, 238
Trd, 2591532.546, 237
Trd, 2591532.563, 225
Trd, 2591532.779, 252
Trd, 2591534.163, 230
Trd, 2591534.929, 264
Trd, 2591536.096, 229
Trd, 2591536.413, 232
Trd, 2591536.896, 237
Trd, 2591537.146, 245
Trd, 2591537.313, 235
Trd, 2591537.796, 262
Trd, 2591538.546, 261
Trd, 2591539.663, 263
Trd, 2591540.129, 250
Trd, 2591542.413, 250
Trd, 2591542.446, 247
Trd, 2591543.079, 245
Trd, 2591543.546, 243
Trd, 2591543.596, 256
Trd, 2591544.779, 255
Trd, 2591545.046, 234
Trd, 2591545.563, 235
Trd, 2591546.096, 234
Trd, 2591547.963, 246
Trd, 2591548.329, 246
Trd, 2591548.746, 240
Trd, 2591549.496, 241
Trd, 2591549.629, 240
Trd, 2591550.496, 246
Trd, 2591551.113, 249
Trd, 2591551.913, 252
Trd, 2591552.896, 256
Trd, 2591553.679, 258
Trd, 2591553.813, 246
Trd, 2591553.863, 244
Trd, 2591553.929, 264
Trd, 2591554.279, 248
Trd, 2591554.363, 237
Trd, 2591556.346, 235
Trd, 2591556.596, 260
Trd, 2591557.263, 262
Trd, 2591558.379, 260
Trd, 2591558.546, 259
Trd, 2591559.046, 255
Trd, 2591559.663, 242
Trd, 2591560.146, 241
Trd, 2591561.696, 236
Trd, 2591562.046, 233
Trd, 2591562.513, 244
Trd, 2591562.963, 242
Trd, 2591563.396, 246
Trd, 2591563.779, 247
Trd, 2591564.546, 251
Trd, 2591565.779, 248
Trd, 2591567.996, 247
Trd, 2591568.046, 247
Trd, 2591568.246, 246
Trd, 2591570.263, 247
Trd, 2591570.679, 246
Trd, 2591570.996, 247
Trd, 2591571.729, 244
Trd, 2591572.079, 250
Trd, 2591572.913, 251
Trd, 2591573.463, 237
Trd, 2591573.946, 244
Trd, 2591574.529, 248
Trd, 2591574.829, 257
Trd, 2591575.146, 258
Trd, 2591575.179, 240
Trd, 2591575.779, 241
Trd, 2591576.496, 265
Trd, 2591576.913, 265
Trd, 2591576.996, 239
Trd, 2591577.429, 248
Trd, 2591578.379, 234
Trd, 2591579.963, 240
Trd, 2591580.113, 250
Trd, 2591580.913, 238
Trd, 2591581.196, 234
Trd, 2591581.346, 250
Trd, 2591581.546, 226
Trd, 2591583.646, 232
Trd, 2591583.963, 231
Trd, 2591584.263, 253
Trd, 2591584.979, 229
Trd, 2591585.313, 227
Trd, 2591585.546, 224
Trd, 2591588.863, 233
Trd, 2591589.213, 241
Trd, 2591589.363, 244
Trd, 2591589.946, 236
Trd, 2591590.729, 235
Trd, 2591590.996, 237
Trd, 2591591.263, 231
Trd, 2591591.296, 254
Trd, 2591591.363, 255
Trd, 2591591.579, 258
Trd, 2591592.479, 266
Trd, 2591592.746, 262
Trd, 2591593.079, 264
Trd, 2591594.363, 262
Trd, 2591594.946, 258
Trd, 2591596.179, 244
Trd, 2591596.363, 243
Trd, 2591597.179, 238
Trd, 2591597.696, 245
Trd, 2591597.913, 246
Trd, 2591598.696, 239
Trd, 2591598.996, 248
Trd, 2591599.096, 255
Trd, 2591599.646, 237
Trd, 2591602.013, 248
Trd, 2591602.163, 241
Trd, 2591602.229, 234
Trd, 2591602.396, 231
Trd, 2591602.629, 258
Trd, 2591603.296, 268
Trd, 2591603.913, 267
Trd, 2591604.479, 243
Trd, 2591606.129, 249
Trd, 2591606.329, 251
Trd, 2591606.646, 258
Trd, 2591606.729, 246
Trd, 2591606.979, 244
Trd, 2591608.546, 243
Trd, 2591609.696, 254
Trd, 2591610.196, 257
Trd, 2591610.829, 246
Trd, 2591611.796, 247
Trd, 2591612.363, 246
Trd, 2591613.063, 241
Trd, 2591613.113, 237
Trd, 2591613.296, 234
Trd, 2591613.363, 246
Trd, 2591613.663, 241
Trd, 2591613.996, 248
Trd, 2591614.213, 235
Trd, 2591614.413, 229
Trd, 2591614.879, 243
Trd, 2591615.013, 251
Trd, 2591615.763, 240
Trd, 2591616.446, 240
Trd, 2591616.779, 251
Trd, 2591617.163, 244
Trd, 2591617.213, 252
Trd, 2591618.029, 232
Trd, 2591619.413, 251
Trd, 2591619.863, 224
Trd, 2591620.346, 255
Trd, 2591620.546, 263
Trd, 2591621.629, 234
Trd, 2591621.996, 233
Trd, 2591623.913, 236
Trd, 2591624.396, 231
Trd, 2591624.529, 227
Trd, 2591625.913, 237
Trd, 2591626.679, 248
Trd, 2591628.029, 236
Trd, 2591628.863, 248
Trd, 2591629.029, 239
Trd, 2591629.379, 244
Trd, 2591629.546, 255
Trd, 2591629.613, 238
Trd, 2591631.246, 241
Trd, 2591631.513, 253
Trd, 2591633.246, 251
Trd, 2591634.429, 248
Trd, 2591634.979, 238
Trd, 2591636.129, 245
Trd, 2591636.663, 244
Trd, 2591637.329, 243
Trd, 2591637.546, 242
Trd, 2591637.679, 245
Trd, 2591638.179, 245
Trd, 2591638.746, 247
Trd, 2591639.463, 245
Trd, 2591640.546, 251
Trd, 2591640.596, 241
Trd, 2591641.029, 241
Trd, 2591641.196, 237
Trd, 2591642.163, 244
Trd, 2591642.546, 248
Trd, 2591643.079, 255
Trd, 2591643.413, 250
Trd, 2591643.829, 256
Trd, 2591644.463, 234
Trd, 2591644.629, 260
Trd, 2591644.696, 233
Trd, 2591645.646, 239
Trd, 2591646.479, 253
Trd, 2591647.313, 262
Trd, 2591647.513, 256
Trd, 2591649.163, 258
Trd, 2591649.663, 244
Trd, 2591650.129, 258
Trd, 2591650.479, 234
Trd, 2591650.713, 267
Trd, 2591650.963, 268
Trd, 2591651.896, 234
Trd, 2591652.113, 232
Trd, 2591654.179, 248
Trd, 2591654.279, 248
Trd, 2591654.879, 247
Trd, 2591655.329, 248
Trd, 2591655.763, 244
Trd, 2591655.779, 243
Trd, 2591656.863, 237
Trd, 2591657.496, 238
Trd, 2591658.063, 230
Trd, 2591658.779, 226
Trd, 2591659.063, 245
Trd, 2591659.296, 251
Trd, 2591659.529, 226
Trd, 2591659.563, 253
Trd, 2591660.113, 257
Trd, 2591660.629, 249
Trd, 2591661.946, 235
Trd, 2591662.546, 237
Trd, 2591662.729, 236
Trd, 2591664.729, 241
Trd, 2591665.113, 246
Trd, 2591666.346, 235
Trd, 2591666.979, 237
Trd, 2591667.296, 235
Trd, 2591667.696, 257
Trd, 2591668.246, 257
Trd, 2591668.296, 258
Trd, 2591669.296, 263
Trd, 2591669.729, 265
Trd, 2591670.629, 242
Trd, 2591671.229, 242
Trd, 2591671.996, 248
Trd, 2591672.329, 241
Trd, 2591672.446, 240
Trd, 2591673.196, 249
Trd, 2591673.463, 241
Trd, 2591673.796, 237
Trd, 2591674.096, 233
Trd, 2591674.363, 249
Trd, 2591675.713, 244
Trd, 2591677.479, 252
Trd, 2591677.896, 239
Trd, 2591678.029, 239
Trd, 2591678.163, 237
Trd, 2591678.229, 256
Trd, 2591678.713, 255
Trd, 2591679.663, 233
Trd, 2591679.896, 231
Trd, 2591679.929, 237
Trd, 2591680.096, 234
Trd, 2591681.646, 236
Trd, 2591682.846, 239
Trd, 2591684.046, 262
Trd, 2591684.513, 247
Trd, 2591684.529, 232
Trd, 2591685.046, 229
Trd, 2591685.079, 228
Trd, 2591685.179, 258
Trd, 2591686.896, 240
Trd, 2591687.446, 243
Trd, 2591687.479, 248
Trd, 2591687.529, 226
Trd, 2591687.696, 251
Trd, 2591689.496, 219
Trd, 2591690.063, 240
Trd, 2591690.579, 232
Trd, 2591690.796, 229
Trd, 2591692.796, 258
Trd, 2591693.096, 256
Trd, 2591693.279, 259
Trd, 2591694.513, 261
Trd, 2591694.529, 260
Trd, 2591694.829, 261
Trd, 2591695.546, 258
Trd, 2591695.663, 262
Trd, 2591695.779, 251
Trd, 2591696.379, 248
Trd, 2591696.613, 247
Trd, 2591697.263, 245
Trd, 2591697.296, 260
Trd, 2591697.763, 244
Trd, 2591698.013, 241
Trd, 2591698.679, 228
Trd, 2591699.013, 256
Trd, 2591699.946, 241
Trd, 2591700.446, 265
Trd, 2591700.763, 266
Trd, 2591701.963, 241
Trd, 2591702.246, 239
Trd, 2591703.029, 253
Trd, 2591703.146, 237
Trd, 2591703.346, 261
Trd, 2591704.346, 235
Trd, 2591705.029, 247
Trd, 2591705.179, 248
Trd, 2591706.279, 231
Trd, 2591707.096, 218
Trd, 2591707.263, 235
Trd, 2591707.513, 241
Trd, 2591708.846, 243
Trd, 2591709.229, 244
Trd, 2591710.713, 235
Trd, 2591710.846, 253
Trd, 2591711.313, 265
Trd, 2591711.696, 248
Trd, 2591711.946, 249
Trd, 2591712.013, 248
Trd, 2591712.946, 250
Trd, 2591713.579, 260
Trd, 2591713.913, 251
Trd, 2591714.513, 258
Trd, 2591715.029, 248
Trd, 2591715.046, 247
Trd, 2591715.296, 262
Trd, 2591715.329, 239
Trd, 2591715.513, 237
Trd, 2591716.613, 254
Trd, 2591717.146, 246
Trd, 2591718.763, 238
Trd, 2591718.929, 237
Trd, 2591720.046, 241
Trd, 2591720.146, 237
Trd, 2591721.063, 259
Trd, 2591721.629, 250
Trd, 2591722.596, 258
Trd, 2591722.979, 253
Trd, 2591723.879, 241
Trd, 2591724.129, 240
Trd, 2591727.213, 247
Trd, 2591727.329, 252
Trd, 2591727.829, 247
Trd, 2591729.246, 241
Trd, 2591729.546, 251
Trd, 2591729.613, 244
Trd, 2591730.413, 251
Trd, 2591730.763, 237
Trd, 2591730.796, 255
Trd, 2591731.446, 236
Trd, 2591731.929, 249
Trd, 2591734.063, 247
Trd, 2591734.346, 251
Trd, 2591735.213, 246
Trd, 2591735.629, 248
Trd, 2591736.079, 249
Trd, 2591736.296, 249
Trd, 2591736.546, 248
Trd, 2591736.813, 259
Trd, 2591736.979, 248
Trd, 2591737.296, 262
Trd, 2591738.046, 244
Trd, 2591738.429, 235
Trd, 2591739.479, 255
Trd, 2591740.363, 256
Trd, 2591740.629, 267
Trd, 2591740.713, 255
Trd, 2591741.179, 275
Trd, 2591741.529, 251
Trd, 2591743.129, 245
Trd, 2591743.163, 257
Trd, 2591743.479, 238
Trd, 2591743.496, 231
Trd, 2591744.029, 255
Trd, 2591745.929, 239
Trd, 2591746.063, 237
Trd, 2591748.296, 251
Trd, 2591748.679, 248
Trd, 2591748.846, 248
Trd, 2591749.029, 255
Trd, 2591749.213, 247
Trd, 2591749.946, 257
Trd, 2591750.063, 261
Trd, 2591750.379, 243
Trd, 2591751.196, 237
Trd, 2591751.546, 234
Trd, 2591753.813, 233
Trd, 2591754.046, 243
Trd, 2591754.079, 244
Trd, 2591754.396, 231
Trd, 2591754.646, 249
Trd, 2591754.963, 258
Trd, 2591755.229, 227
Trd, 2591755.263, 223
Trd, 2591755.946, 248
Trd, 2591756.046, 249
Trd, 2591756.313, 254
Trd, 2591758.296, 240
Trd, 2591758.596, 248
Trd, 2591759.129, 240
Trd, 2591759.496, 254
Trd, 2591759.746, 239
Trd, 2591760.746, 262
Trd, 2591762.796, 238
Trd, 2591763.063, 238
Trd, 2591763.329, 238
Trd, 2591763.846, 237
Trd, 2591765.446, 241
Trd, 2591765.929, 238
Trd, 2591766.063, 248
Trd, 2591766.079, 249
Trd, 2591767.196, 256
Trd, 2591768.263, 264
Trd, 2591770.346, 247
Trd, 2591770.363, 248
Trd, 2591770.429, 242
Trd, 2591770.913, 239
Trd, 2591771.113, 237
Trd, 2591771.596, 251
Trd, 2591772.529, 235
Trd, 2591773.246, 251
Trd, 2591773.479, 245
Trd, 2591774.213, 254
Trd, 2591774.229, 241
Trd, 2591775.329, 244
Trd, 2591775.646, 231
Trd, 2591776.963, 251
Trd, 2591777.563, 234
Trd, 2591777.763, 255
Trd, 2591778.096, 229
Trd, 2591778.429, 253
Trd, 2591779.746, 255
Trd, 2591779.829, 256
Trd, 2591781.079, 257
Trd, 2591781.529, 257
Trd, 2591781.763, 258
Trd, 2591782.479, 256
Trd, 2591782.613, 254
Trd, 2591782.679, 248
Trd, 2591783.796, 244
Trd, 2591783.996, 262
Trd, 2591784.546, 252
Trd, 2591784.979, 237
Trd, 2591785.529, 241
Trd, 2591785.879, 237
Trd, 2591786.429, 254
Trd, 2591786.896, 263
Trd, 2591787.196, 231
Trd, 2591787.679, 240
Trd, 2591789.329, 252
Trd, 2591790.646, 262
Trd, 2591791.396, 247
Trd, 2591792.079, 258
Trd, 2591792.396, 247
Trd, 2591792.546, 250
Trd, 2591793.213, 246
Trd, 2591793.496, 262
Trd, 2591794.163, 244
Trd, 2591794.463, 255
Trd, 2591794.963, 242
Trd, 2591795.229, 264
Trd, 2591795.679, 263
Trd, 2591795.746, 266
Trd, 2591795.796, 262
Trd, 2591796.363, 239
Trd, 2591798.229, 249
Trd, 2591798.896, 250
Trd, 2591799.379, 248
Trd, 2591800.063, 249
Trd, 2591800.279, 252
Trd, 2591801.129, 248
Trd, 2591802.013, 240
Trd, 2591802.113, 256
Trd, 2591803.046, 240
Trd, 2591803.246, 253
Trd, 2591803.913, 237
Trd, 2591804.263, 259
Trd, 2591805.079, 234
Trd, 2591805.113, 231
Trd, 2591805.979, 239
Trd, 2591806.946, 244
Trd, 2591807.113, 244
Trd, 2591807.546, 254
Trd, 2591808.063, 261
Trd, 2591808.313, 240
Trd, 2591809.013, 237
Trd, 2591811.046, 233
Trd, 2591811.929, 243
Trd, 2591812.163, 243
Trd, 2591812.829, 244
Trd, 2591813.213, 257
Trd, 2591813.346, 245
Trd, 2591814.429, 254
Trd, 2591814.896, 244
Trd, 2591815.079, 237
Trd, 2591815.829, 233
Trd, 2591816.579, 227
Trd, 2591816.929, 255
Trd, 2591817.379, 253
Trd, 2591817.396, 230
Trd, 2591820.029, 236
Trd, 2591820.079, 237
Trd, 2591820.779, 248
Trd, 2591821.463, 253
Trd, 2591821.579, 252
Trd, 2591821.596, 255
Trd, 2591821.979, 256
Trd, 2591822.129, 250
Trd, 2591823.313, 245
Trd, 2591823.363, 241
Trd, 2591824.029, 242
Trd, 2591824.913, 237
Trd, 2591825.579, 248
Trd, 2591825.979, 256
Trd, 2591826.979, 242
Trd, 2591828.796, 244
Trd, 2591828.946, 244
Trd, 2591829.896, 251
Trd, 2591830.096, 252
Trd, 2591831.029, 246
Trd, 2591831.446, 255
Trd, 2591831.579, 262
Trd, 2591831.696, 248
Trd, 2591833.096, 247
Trd, 2591833.263, 251
Trd, 2591834.396, 256
Trd, 2591835.129, 241
Trd, 2591836.413, 243
Trd, 2591836.696, 241
Trd, 2591836.746, 251
Trd, 2591837.263, 252
Trd, 2591837.796, 242
Trd, 2591837.913, 241
Trd, 2591838.429, 256
Trd, 2591838.529, 255
Trd, 2591839.346, 244
Trd, 2591839.696, 244
Trd, 2591840.046, 238
Trd, 2591841.296, 249
Trd, 2591842.346, 237
Trd, 2591843.096, 254
Trd, 2591843.613, 255
Trd, 2591844.113, 234
Trd, 2591844.263, 259
Trd, 2591845.613, 242
Trd, 2591845.779, 264
Trd, 2591846.063, 266
Trd, 2591846.979, 243
Trd, 2591847.113, 266
Trd, 2591848.229, 239
Trd, 2591848.463, 237
Trd, 2591849.079, 232
Trd, 2591849.279, 248
Trd, 2591849.863, 231
Trd, 2591850.463, 258
Trd, 2591852.113, 232
Trd, 2591852.613, 239
Trd, 2591852.979, 243
Trd, 2591853.129, 244
Trd, 2591853.729, 231
Trd, 2591853.813, 226
Trd, 2591854.163, 224
Trd, 2591855.013, 235
Trd, 2591855.929, 241
Trd, 2591856.496, 253
Trd, 2591857.463, 248
Trd, 2591857.829, 238
Trd, 2591857.879, 251
Trd, 2591857.929, 255
Trd, 2591859.196, 252
Trd, 2591859.263, 245
Trd, 2591859.563, 244
Trd, 2591860.446, 248
Trd, 2591860.929, 247
Trd, 2591862.396, 241
Trd, 2591863.229, 256
Trd, 2591863.779, 233
Trd, 2591864.513, 258
Trd, 2591864.863, 234
Trd, 2591865.096, 233
Trd, 2591865.513, 254
Trd, 2591866.096, 252
Trd, 2591866.496, 256
Trd, 2591866.879, 264
Trd, 2591866.963, 240
Trd, 2591867.279, 260
Trd, 2591869.779, 248
Trd, 2591869.813, 247
Trd, 2591870.163, 246
Trd, 2591870.179, 239
Trd, 2591871.279, 248
Trd, 2591872.046, 257
Trd, 2591872.479, 246
Trd, 2591873.179, 243
Trd, 2591874.463, 249
Trd, 2591874.513, 250
Trd, 2591875.929, 247
Trd, 2591876.213, 254
Trd, 2591877.913, 244
Trd, 2591878.313, 244
Trd, 2591879.329, 251
Trd, 2591879.513, 268
Trd, 2591879.763, 245
Trd, 2591880.413, 255
Trd, 2591881.046, 242
Trd, 2591882.179, 241
Trd, 2591883.429, 250
Trd, 2591883.563, 254
Trd, 2591883.629, 249
Trd, 2591884.879, 252
Trd, 2591884.913, 239
Trd, 2591885.496, 244
Trd, 2591885.846, 238
Trd, 2591885.929, 253
Trd, 2591888.179, 248
Trd, 2591888.313, 237
Trd, 2591889.096, 233
Trd, 2591889.229, 238
Trd, 2591889.979, 234
Trd, 2591890.379, 241
Trd, 2591890.879, 235
Trd, 2591892.313, 248
Trd, 2591892.446, 237
Trd, 2591892.563, 228
Trd, 2591893.813, 259
Trd, 2591893.913, 245
Trd, 2591894.446, 237
Trd, 2591895.429, 238
Trd, 2591897.296, 248
Trd, 2591898.413, 248
Trd, 2591899.213, 249
Trd, 2591899.813, 250
Trd, 2591899.979, 241
Trd, 2591900.446, 234
Trd, 2591901.163, 227
Trd, 2591901.279, 257
Trd, 2591901.729, 225
Trd, 2591902.063, 248
Trd, 2591902.896, 257
Trd, 2591902.963, 256
Trd, 2591903.429, 257
Trd, 2591904.279, 262
Trd, 2591904.413, 264
Trd, 2591905.046, 259
Trd, 2591905.096, 253
Trd, 2591905.363, 245
Trd, 2591906.629, 241
Trd, 2591906.913, 237
Trd, 2591908.463, 252
Trd, 2591909.513, 259
Trd, 2591909.779, 242
Trd, 2591910.429, 255
Trd, 2591910.813, 244
Trd, 2591912.563, 247
Trd, 2591912.879, 246
Trd, 2591912.896, 256
Trd, 2591912.963, 242
Trd, 2591913.746, 265
Trd, 2591913.896, 241
Trd, 2591914.679, 240
Trd, 2591915.329, 237
Trd, 2591915.413, 258
Trd, 2591916.346, 234
Trd, 2591916.913, 243
Trd, 2591917.329, 233
Trd, 2591918.113, 249
Trd, 2591919.813, 248
Trd, 2591920.646, 249
Trd, 2591920.763, 244
Trd, 2591921.096, 252
Trd, 2591921.263, 244
Trd, 2591921.996, 240
Trd, 2591923.379, 245
Trd, 2591923.613, 253
Trd, 2591923.713, 246
Trd, 2591923.913, 254
Trd, 2591924.479, 255
Trd, 2591925.313, 248
Trd, 2591925.563, 257
Trd, 2591926.429, 247
Trd, 2591927.213, 237
Trd, 2591927.579, 251
Trd, 2591928.413, 237
Trd, 2591929.063, 252
Trd, 2591929.846, 251
Trd, 2591930.663, 251
Trd, 2591930.796, 250
Trd, 2591931.596, 248
Trd, 2591931.629, 243
Trd, 2591932.146, 254
Trd, 2591932.963, 260
Trd, 2591933.063, 261
Trd, 2591934.296, 260
Trd, 2591935.429, 253
Trd, 2591935.479, 265
Trd, 2591935.963, 261
Trd, 2591936.013, 249
Trd, 2591936.446, 253
Trd, 2591936.796, 260
Trd, 2591937.279, 259
Trd, 2591937.446, 260
Trd, 2591937.629, 253
Trd, 2591938.046, 238
Trd, 2591938.079, 237
Trd, 2591938.679, 261
Trd, 2591939.463, 239
Trd, 2591942.463, 255
Trd, 2591942.813, 245
Trd, 2591942.946, 241
Trd, 2591944.679, 246
Trd, 2591945.163, 247
Trd, 2591945.596, 248
Trd, 2591945.846, 237
Trd, 2591945.996, 232
Trd, 2591946.846, 253
Trd, 2591947.863, 251
Trd, 2591948.179, 233
Trd, 2591948.746, 233
Trd, 2591949.513, 243
Trd, 2591949.579, 247
Trd, 2591950.196, 248
Trd, 2591951.513, 237
Trd, 2591951.746, 237
Trd, 2591951.963, 238
Trd, 2591953.963, 250
Trd, 2591954.563, 247
Trd, 2591955.196, 249
Trd, 2591955.313, 243
Trd, 2591955.479, 254
Trd, 2591955.596, 255
Trd, 2591956.096, 259
Trd, 2591956.179, 264
Trd, 2591956.246, 240
Trd, 2591956.396, 232
Trd, 2591956.713, 228
Trd, 2591956.813, 267
Trd, 2591958.746, 231
Trd, 2591958.879, 255
Trd, 2591961.013, 260
Trd, 2591961.096, 262
Trd, 2591961.496, 250
Trd, 2591962.396, 248
Trd, 2591962.763, 245
Trd, 2591962.996, 249
Trd, 2591963.063, 234
Trd, 2591965.029, 243
Trd, 2591965.113, 242
Trd, 2591966.163, 241
Trd, 2591966.846, 244
Trd, 2591968.396, 252
Trd, 2591968.529, 241
Trd, 2591970.346, 250
Trd, 2591970.479, 241
Trd, 2591970.496, 237
Trd, 2591970.746, 255
Trd, 2591971.229, 258
Trd, 2591972.379, 247
Trd, 2591973.413, 241
Trd, 2591973.829, 253
Trd, 2591973.913, 255
Trd, 2591974.029, 241
Trd, 2591974.113, 240
Trd, 2591974.313, 264
Trd, 2591975.779, 233
Trd, 2591975.863, 253
Trd, 2591976.463, 263
Trd, 2591977.046, 246
Trd, 2591978.529, 249
Trd, 2591978.829, 248
Trd, 2591979.013, 260
Trd, 2591979.146, 249
Trd, 2591979.663, 249
Trd, 2591979.729, 248
Trd, 2591980.213, 267
Trd, 2591980.713, 248
Trd, 2591983.063, 250
Trd, 2591983.346, 243
Trd, 2591983.663, 235
Trd, 2591984.913, 233
Trd, 2591985.063, 258
Trd, 2591986.263, 252
Trd, 2591988.813, 248
Trd, 2591988.996, 243
Trd, 2591989.629, 248
Trd, 2591990.113, 241
Trd, 2591990.396, 240
Trd, 2591991.613, 237
Trd, 2591991.879, 247
Trd, 2591992.863, 233
Trd, 2591993.229, 232
Trd, 2591993.429, 232
Trd, 2591993.496, 243
Trd, 2591993.713, 232
Trd, 2591993.879, 244
Trd, 2591994.096, 258
Trd, 2591995.213, 240
Trd, 2591995.829, 232
Trd, 2591995.896, 248
Trd, 2591996.213, 229
Trd, 2591997.796, 241
Trd, 2591997.813, 232
Trd, 2591997.979, 231
Trd, 2591998.929, 232
Trd, 2591999.579, 240
Trd, 2591999.829, 238
Trd, 2591999.846, 237
