Trd, 2590689.563, 256
Trd, 2590690.179, 241
Trd, 2590690.663, 239
Trd, 2590691.796, 248
Trd, 2590692.463, 265
Trd, 2590693.146, 243
Trd, 2590693.763, 243
Trd, 2590693.996, 247
Trd, 2590694.213, 247
Trd, 2590694.746, 248
Trd, 2590695.996, 252
Trd, 2590696.063, 253
Trd, 2590696.429, 253
Trd, 2590696.896, 252
Trd, 2590697.613, 244
Trd, 2590697.629, 241
Trd, 2590697.979, 251
Trd, 2590698.813, 248
Trd, 2590699.563, 253
Trd, 2590700.013, 245
Trd, 2590702.296, 237
Trd, 2590702.863, 231
Trd, 2590703.013, 249
Trd, 2590703.663, 250
Trd, 2590704.529, 242
Trd, 2590705.396, 243
Trd, 2590705.496, 252
Trd, 2590705.863, 242
Trd, 2590706.146, 243
Trd, 2590706.646, 252
Trd, 2590707.379, 253
Trd, 2590707.763, 248
Trd, 2590708.629, 245
Trd, 2590710.263, 249
Trd, 2590710.313, 246
Trd, 2590710.463, 252
Trd, 2590710.729, 255
Trd, 2590711.646, 241
Trd, 2590714.429, 254
Trd, 2590715.579, 250
Trd, 2590715.729, 241
Trd, 2590716.396, 248
Trd, 2590716.629, 241
Trd, 2590717.446, 242
Trd, 2590717.463, 244
Trd, 2590718.429, 248
Trd, 2590718.829, 249
Trd, 2590719.163, 251
Trd, 2590719.446, 256
Trd, 2590720.613, 255
Trd, 2590721.313, 256
Trd, 2590721.379, 257
Trd, 2590721.613, 258
Trd, 2590722.813, 258
Trd, 2590723.113, 258
Trd, 2590723.279, 259
Trd, 2590723.929, 255
Trd, 2590723.946, 251
Trd, 2590725.946, 256
Trd, 2590726.129, 255
Trd, 2590727.346, 255
Trd, 2590727.479, 247
Trd, 2590727.496, 241
Trd, 2590727.613, 256
Trd, 2590728.029, 236
Trd, 2590729.013, 247
Trd, 2590730.046, 236
Trd, 2590730.546, 235
Trd, 2590731.429, 248
Trd, 2590731.879, 237
Trd, 2590732.029, 234
Trd, 2590732.163, 233
Trd, 2590733.013, 245
Trd, 2590733.496, 253
Trd, 2590734.263, 256
Trd, 2590736.563, 251
Trd, 2590737.529, 248
Trd, 2590737.963, 250
Trd, 2590738.379, 250
Trd, 2590738.429, 251
Trd, 2590738.496, 249
Trd, 2590738.913, 253
Trd, 2590740.263, 258
Trd, 2590740.496, 254
Trd, 2590740.646, 252
Trd, 2590743.179, 247
Trd, 2590743.529, 248
Trd, 2590744.563, 250
Trd, 2590745.463, 246
Trd, 2590745.546, 245
Trd, 2590746.746, 244
Trd, 2590747.179, 244
Trd, 2590747.446, 252
Trd, 2590747.746, 253
Trd, 2590747.996, 254
Trd, 2590749.079, 243
Trd, 2590749.196, 253
Trd, 2590749.429, 252
Trd, 2590751.379, 246
Trd, 2590752.629, 254
Trd, 2590752.646, 255
Trd, 2590753.579, 259
Trd, 2590753.879, 258
Trd, 2590754.129, 255
Trd, 2590755.013, 256
Trd, 2590755.296, 264
Trd, 2590755.463, 258
Trd, 2590755.679, 245
Trd, 2590756.213, 241
Trd, 2590756.363, 269
Trd, 2590756.596, 237
Trd, 2590758.063, 255
Trd, 2590759.863, 247
Trd, 2590760.146, 249
Trd, 2590760.296, 255
Trd, 2590760.629, 249
Trd, 2590761.463, 249
Trd, 2590762.413, 252
Trd, 2590762.929, 253
Trd, 2590763.229, 253
Trd, 2590764.246, 255
Trd, 2590764.563, 241
Trd, 2590765.346, 237
Trd, 2590765.863, 248
Trd, 2590766.613, 250
Trd, 2590769.079, 243
Trd, 2590769.396, 244
Trd, 2590770.046, 245
Trd, 2590770.063, 247
Trd, 2590771.113, 247
Trd, 2590771.229, 247
Trd, 2590771.313, 251
Trd, 2590771.729, 247
Trd, 2590771.779, 253
Trd, 2590771.796, 240
Trd, 2590772.296, 231
Trd, 2590772.563, 233
Trd, 2590773.729, 250
Trd, 2590775.463, 248
Trd, 2590776.829, 249
Trd, 2590777.729, 248
Trd, 2590777.896, 245
Trd, 2590778.263, 250
Trd, 2590778.313, 251
Trd, 2590778.363, 255
Trd, 2590779.846, 258
Trd, 2590780.046, 264
Trd, 2590780.079, 263
Trd, 2590780.446, 264
Trd, 2590781.263, 265
Trd, 2590782.029, 248
Trd, 2590782.396, 241
Trd, 2590783.379, 259
Trd, 2590783.946, 261
Trd, 2590784.279, 262
Trd, 2590785.279, 258
Trd, 2590785.746, 242
Trd, 2590785.779, 241
Trd, 2590785.946, 267
Trd, 2590787.429, 259
Trd, 2590788.046, 257
Trd, 2590788.729, 244
Trd, 2590790.013, 250
Trd, 2590790.979, 249
Trd, 2590791.746, 249
Trd, 2590792.096, 249
Trd, 2590793.046, 249
Trd, 2590793.063, 247
Trd, 2590793.713, 241
Trd, 2590794.263, 253
Trd, 2590794.629, 255
Trd, 2590795.646, 266
Trd, 2590797.746, 256
Trd, 2590797.979, 257
Trd, 2590798.146, 256
Trd, 2590798.179, 253
Trd, 2590798.379, 252
Trd, 2590798.579, 251
Trd, 2590799.396, 244
Trd, 2590799.746, 231
Trd, 2590800.629, 247
Trd, 2590801.429, 248
Trd, 2590801.613, 246
Trd, 2590801.779, 245
Trd, 2590801.896, 241
Trd, 2590802.246, 251
Trd, 2590805.046, 260
Trd, 2590806.046, 253
Trd, 2590806.113, 251
Trd, 2590806.363, 248
Trd, 2590806.579, 247
Trd, 2590807.463, 243
Trd, 2590807.679, 249
Trd, 2590807.813, 249
Trd, 2590807.929, 253
Trd, 2590808.763, 252
Trd, 2590808.929, 238
Trd, 2590808.996, 256
Trd, 2590810.313, 256
Trd, 2590810.729, 248
Trd, 2590811.896, 262
Trd, 2590812.663, 265
Trd, 2590813.163, 258
Trd, 2590814.713, 258
Trd, 2590816.613, 259
Trd, 2590816.629, 258
Trd, 2590817.146, 258
Trd, 2590817.163, 251
Trd, 2590817.963, 250
Trd, 2590819.079, 240
Trd, 2590819.329, 241
Trd, 2590819.363, 239
Trd, 2590819.546, 242
Trd, 2590819.563, 254
Trd, 2590819.813, 257
Trd, 2590819.879, 263
Trd, 2590821.096, 239
Trd, 2590821.279, 252
Trd, 2590821.379, 253
Trd, 2590821.479, 237
Trd, 2590821.929, 245
Trd, 2590822.429, 232
Trd, 2590822.963, 255
Trd, 2590825.279, 248
Trd, 2590825.963, 251
Trd, 2590826.379, 247
Trd, 2590826.513, 245
Trd, 2590827.579, 248
Trd, 2590827.629, 241
Trd, 2590827.763, 253
Trd, 2590829.279, 256
Trd, 2590829.413, 257
Trd, 2590829.513, 259
Trd, 2590830.046, 259
Trd, 2590830.629, 265
Trd, 2590830.946, 255
Trd, 2590831.046, 251
Trd, 2590832.096, 250
Trd, 2590833.063, 254
Trd, 2590833.329, 251
Trd, 2590833.913, 253
Trd, 2590834.296, 243
Trd, 2590834.446, 241
Trd, 2590835.329, 258
Trd, 2590835.896, 263
Trd, 2590837.296, 240
Trd, 2590837.413, 243
Trd, 2590838.929, 243
Trd, 2590839.296, 245
Trd, 2590839.496, 251
Trd, 2590840.596, 253
Trd, 2590840.763, 249
Trd, 2590841.463, 247
Trd, 2590841.846, 246
Trd, 2590842.013, 243
Trd, 2590842.496, 248
Trd, 2590843.846, 256
Trd, 2590844.296, 247
Trd, 2590844.529, 265
Trd, 2590844.546, 246
Trd, 2590845.746, 259
Trd, 2590846.113, 265
Trd, 2590847.496, 249
Trd, 2590848.313, 252
Trd, 2590848.629, 256
Trd, 2590849.713, 253
Trd, 2590849.929, 259
Trd, 2590850.079, 251
Trd, 2590852.129, 247
Trd, 2590852.296, 243
Trd, 2590852.396, 248
Trd, 2590852.779, 244
Trd, 2590855.063, 247
Trd, 2590855.563, 241
Trd, 2590855.796, 237
Trd, 2590855.979, 242
Trd, 2590856.613, 239
Trd, 2590857.279, 243
Trd, 2590857.563, 241
Trd, 2590858.279, 244
Trd, 2590859.379, 253
Trd, 2590860.179, 251
Trd, 2590861.429, 247
Trd, 2590861.946, 248
Trd, 2590862.029, 247
Trd, 2590862.229, 249
Trd, 2590862.963, 249
Trd, 2590863.179, 248
Trd, 2590863.563, 242
Trd, 2590864.129, 241
Trd, 2590865.179, 248
Trd, 2590866.113, 241
Trd, 2590866.579, 251
Trd, 2590867.229, 242
Trd, 2590869.279, 247
Trd, 2590870.063, 248
Trd, 2590870.113, 251
Trd, 2590870.179, 255
Trd, 2590870.413, 258
Trd, 2590870.563, 248
Trd, 2590871.279, 251
Trd, 2590872.213, 241
Trd, 2590873.263, 260
Trd, 2590873.379, 258
Trd, 2590873.929, 241
Trd, 2590875.213, 244
Trd, 2590876.413, 257
Trd, 2590876.929, 255
Trd, 2590877.813, 246
Trd, 2590878.396, 255
Trd, 2590879.379, 247
Trd, 2590879.496, 249
Trd, 2590879.713, 250
Trd, 2590880.063, 249
Trd, 2590880.263, 248
Trd, 2590881.196, 243
Trd, 2590882.963, 238
Trd, 2590883.229, 237
Trd, 2590883.263, 243
Trd, 2590883.379, 244
Trd, 2590883.429, 255
Trd, 2590883.479, 239
Trd, 2590884.229, 258
Trd, 2590885.129, 248
Trd, 2590885.196, 265
Trd, 2590886.413, 260
Trd, 2590886.429, 259
Trd, 2590886.613, 265
Trd, 2590888.463, 252
Trd, 2590888.963, 251
Trd, 2590889.179, 249
Trd, 2590889.596, 246
Trd, 2590891.229, 237
Trd, 2590891.413, 238
Trd, 2590891.829, 238
Trd, 2590892.329, 237
Trd, 2590892.379, 232
Trd, 2590892.729, 236
Trd, 2590893.513, 237
Trd, 2590893.746, 245
Trd, 2590895.379, 251
Trd, 2590895.396, 264
Trd, 2590896.746, 239
Trd, 2590897.196, 241
Trd, 2590897.263, 241
Trd, 2590897.929, 242
Trd, 2590898.029, 242
Trd, 2590899.246, 241
Trd, 2590900.529, 244
Trd, 2590900.979, 238
Trd, 2590902.913, 245
Trd, 2590903.896, 250
Trd, 2590904.113, 252
Trd, 2590904.163, 253
Trd, 2590904.679, 254
Trd, 2590906.829, 253
Trd, 2590906.913, 252
Trd, 2590907.263, 251
Trd, 2590907.296, 244
Trd, 2590907.896, 243
Trd, 2590908.229, 251
Trd, 2590908.763, 257
Trd, 2590908.846, 256
Trd, 2590909.229, 244
Trd, 2590909.746, 259
Trd, 2590909.913, 244
Trd, 2590911.079, 258
Trd, 2590911.813, 249
Trd, 2590912.513, 253
Trd, 2590912.546, 258
Trd, 2590913.229, 246
Trd, 2590915.279, 248
Trd, 2590915.996, 248
Trd, 2590916.529, 246
Trd, 2590916.646, 241
Trd, 2590917.479, 234
Trd, 2590918.463, 240
Trd, 2590918.813, 240
Trd, 2590919.096, 242
Trd, 2590919.646, 243
Trd, 2590919.813, 246
Trd, 2590921.046, 250
Trd, 2590921.546, 241
Trd, 2590921.863, 242
Trd, 2590922.129, 251
Trd, 2590922.663, 256
Trd, 2590923.529, 259
Trd, 2590924.729, 254
Trd, 2590925.213, 254
Trd, 2590926.329, 258
Trd, 2590926.663, 261
Trd, 2590926.846, 262
Trd, 2590927.896, 260
Trd, 2590928.279, 257
Trd, 2590929.629, 259
Trd, 2590930.596, 255
Trd, 2590930.763, 251
Trd, 2590932.713, 250
Trd, 2590932.979, 249
Trd, 2590934.363, 242
Trd, 2590934.629, 241
Trd, 2590934.879, 244
Trd, 2590935.263, 244
Trd, 2590935.879, 239
Trd, 2590936.029, 242
Trd, 2590937.063, 246
Trd, 2590938.146, 240
Trd, 2590938.713, 251
Trd, 2590939.363, 244
Trd, 2590939.429, 244
Trd, 2590939.729, 259
Trd, 2590940.579, 259
Trd, 2590942.296, 248
Trd, 2590943.079, 256
Trd, 2590943.729, 251
Trd, 2590943.863, 248
Trd, 2590944.729, 255
Trd, 2590944.996, 237
Trd, 2590945.313, 245
Trd, 2590946.763, 258
Trd, 2590947.579, 259
Trd, 2590947.713, 247
Trd, 2590948.046, 258
Trd, 2590948.229, 246
Trd, 2590949.063, 255
Trd, 2590949.396, 253
Trd, 2590949.629, 253
Trd, 2590950.113, 254
Trd, 2590951.446, 255
Trd, 2590951.963, 256
Trd, 2590952.746, 251
Trd, 2590952.913, 236
Trd, 2590953.196, 237
Trd, 2590953.263, 239
Trd, 2590955.563, 256
Trd, 2590956.363, 239
Trd, 2590958.279, 249
Trd, 2590958.513, 246
Trd, 2590958.629, 241
Trd, 2590959.279, 237
Trd, 2590959.446, 226
Trd, 2590959.746, 237
Trd, 2590960.363, 240
Trd, 2590961.129, 241
Trd, 2590962.279, 245
Trd, 2590962.963, 247
Trd, 2590963.129, 261
Trd, 2590963.613, 247
Trd, 2590964.296, 248
Trd, 2590964.663, 249
Trd, 2590965.696, 259
Trd, 2590965.929, 251
Trd, 2590966.213, 261
Trd, 2590966.963, 241
Trd, 2590967.629, 244
Trd, 2590968.429, 251
Trd, 2590969.146, 251
Trd, 2590970.113, 249
Trd, 2590970.463, 249
Trd, 2590970.929, 256
Trd, 2590971.046, 257
Trd, 2590971.113, 251
Trd, 2590971.546, 252
Trd, 2590972.596, 252
Trd, 2590972.946, 253
Trd, 2590973.413, 254
Trd, 2590973.563, 258
Trd, 2590974.429, 251
Trd, 2590975.146, 239
Trd, 2590975.213, 238
Trd, 2590975.779, 250
Trd, 2590976.096, 237
Trd, 2590976.713, 232
Trd, 2590977.679, 251
Trd, 2590978.096, 259
Trd, 2590979.213, 257
Trd, 2590979.796, 257
Trd, 2590980.496, 248
Trd, 2590980.913, 256
Trd, 2590981.696, 255
Trd, 2590981.896, 244
Trd, 2590982.396, 237
Trd, 2590983.413, 239
Trd, 2590983.846, 244
Trd, 2590985.713, 238
Trd, 2590986.313, 238
Trd, 2590986.563, 243
Trd, 2590987.329, 252
Trd, 2590987.446, 253
Trd, 2590987.579, 242
Trd, 2590988.346, 257
Trd, 2590988.663, 245
Trd, 2590990.313, 259
Trd, 2590990.913, 259
Trd, 2590990.979, 258
Trd, 2590991.446, 257
Trd, 2590992.229, 259
Trd, 2590992.296, 246
Trd, 2590992.313, 241
Trd, 2590993.763, 260
Trd, 2590994.329, 246
Trd, 2590995.446, 248
Trd, 2590995.763, 248
Trd, 2590997.413, 251
Trd, 2590997.596, 248
Trd, 2590998.046, 252
Trd, 2590998.679, 239
Trd, 2590999.463, 247
Trd, 2590999.679, 247
Trd, 2591000.096, 246
Trd, 2591000.463, 256
Trd, 2591000.563, 238
Trd, 2591001.246, 238
Trd, 2591002.846, 255
Trd, 2591003.779, 249
Trd, 2591004.213, 250
Trd, 2591004.596, 251
Trd, 2591005.313, 252
Trd, 2591005.446, 251
Trd, 2591005.929, 247
Trd, 2591006.029, 255
Trd, 2591006.346, 259
Trd, 2591007.796, 253
Trd, 2591009.496, 257
Trd, 2591009.779, 257
Trd, 2591010.079, 256
Trd, 2591010.413, 258
Trd, 2591010.729, 259
Trd, 2591011.663, 257
Trd, 2591011.963, 257
Trd, 2591012.179, 238
Trd, 2591012.379, 238
Trd, 2591012.663, 256
Trd, 2591013.496, 262
Trd, 2591013.563, 256
Trd, 2591015.496, 241
Trd, 2591015.529, 248
Trd, 2591016.063, 237
Trd, 2591016.596, 237
Trd, 2591017.613, 237
Trd, 2591018.013, 238
Trd, 2591020.979, 242
Trd, 2591021.063, 241
Trd, 2591021.079, 243
Trd, 2591021.663, 251
Trd, 2591021.679, 256
Trd, 2591021.996, 247
Trd, 2591023.146, 257
Trd, 2591023.213, 251
Trd, 2591024.196, 252
Trd, 2591024.313, 256
Trd, 2591025.396, 254
Trd, 2591026.496, 253
Trd, 2591026.979, 252
Trd, 2591027.879, 252
Trd, 2591028.446, 252
Trd, 2591028.679, 251
Trd, 2591028.813, 255
Trd, 2591029.896, 248
Trd, 2591030.596, 253
Trd, 2591030.879, 255
Trd, 2591030.963, 237
Trd, 2591031.846, 235
Trd, 2591033.546, 244
Trd, 2591034.729, 254
Trd, 2591034.879, 250
Trd, 2591035.663, 250
Trd, 2591036.129, 250
Trd, 2591036.696, 247
Trd, 2591037.013, 246
Trd, 2591037.129, 244
Trd, 2591037.629, 238
Trd, 2591038.146, 253
Trd, 2591039.896, 250
Trd, 2591040.096, 251
Trd, 2591040.696, 241
Trd, 2591040.779, 250
Trd, 2591041.013, 241
Trd, 2591041.163, 256
Trd, 2591042.429, 239
Trd, 2591043.396, 242
Trd, 2591043.563, 240
Trd, 2591043.829, 257
Trd, 2591044.179, 237
Trd, 2591044.329, 234
Trd, 2591044.563, 258
Trd, 2591045.046, 231
Trd, 2591045.129, 244
Trd, 2591046.446, 257
Trd, 2591046.879, 258
Trd, 2591047.129, 245
Trd, 2591048.679, 266
Trd, 2591049.196, 246
Trd, 2591049.913, 247
Trd, 2591052.596, 255
Trd, 2591053.063, 255
Trd, 2591053.696, 255
Trd, 2591053.746, 255
Trd, 2591054.663, 260
Trd, 2591055.646, 258
Trd, 2591056.129, 256
Trd, 2591057.079, 258
Trd, 2591057.213, 258
Trd, 2591057.313, 257
Trd, 2591058.063, 251
Trd, 2591059.296, 244
Trd, 2591059.463, 241
Trd, 2591059.646, 255
Trd, 2591060.196, 256
Trd, 2591060.329, 246
Trd, 2591060.513, 260
Trd, 2591062.213, 254
Trd, 2591063.229, 262
Trd, 2591063.846, 248
Trd, 2591063.879, 247
Trd, 2591065.279, 249
Trd, 2591066.279, 250
Trd, 2591066.646, 251
Trd, 2591066.813, 249
Trd, 2591067.529, 247
Trd, 2591067.679, 251
Trd, 2591070.463, 247
Trd, 2591070.513, 245
Trd, 2591070.979, 244
Trd, 2591071.029, 249
Trd, 2591071.046, 255
Trd, 2591071.963, 243
Trd, 2591072.846, 241
Trd, 2591073.279, 253
Trd, 2591074.663, 241
Trd, 2591075.379, 243
Trd, 2591075.596, 242
Trd, 2591076.229, 253
Trd, 2591077.179, 249
Trd, 2591077.779, 248
Trd, 2591078.213, 248
Trd, 2591078.329, 249
Trd, 2591078.479, 241
Trd, 2591079.196, 251
Trd, 2591080.029, 240
Trd, 2591080.596, 241
Trd, 2591081.113, 251
Trd, 2591081.163, 242
Trd, 2591081.763, 246
Trd, 2591082.679, 257
Trd, 2591084.029, 253
Trd, 2591084.496, 253
Trd, 2591084.796, 253
Trd, 2591085.096, 252
Trd, 2591085.846, 254
Trd, 2591086.213, 247
Trd, 2591087.129, 232
Trd, 2591087.613, 237
Trd, 2591088.396, 241
Trd, 2591089.496, 238
Trd, 2591089.613, 237
Trd, 2591090.079, 236
Trd, 2591090.663, 242
Trd, 2591091.913, 244
Trd, 2591092.313, 237
Trd, 2591092.379, 254
Trd, 2591092.929, 257
Trd, 2591093.529, 232
Trd, 2591095.763, 246
Trd, 2591095.963, 237
Trd, 2591096.063, 248
Trd, 2591098.013, 246
Trd, 2591098.379, 248
Trd, 2591098.629, 250
Trd, 2591099.729, 254
Trd, 2591100.046, 255
Trd, 2591100.263, 254
Trd, 2591100.996, 253
Trd, 2591101.013, 255
Trd, 2591101.046, 241
Trd, 2591101.463, 238
Trd, 2591101.779, 237
Trd, 2591102.596, 241
Trd, 2591103.663, 243
Trd, 2591105.263, 247
Trd, 2591105.579, 245
Trd, 2591106.063, 245
Trd, 2591106.163, 252
Trd, 2591106.329, 242
Trd, 2591107.229, 239
Trd, 2591107.313, 256
Trd, 2591107.479, 258
Trd, 2591108.929, 247
Trd, 2591109.879, 247
Trd, 2591109.979, 241
Trd, 2591110.229, 248
Trd, 2591110.446, 240
Trd, 2591111.579, 241
Trd, 2591112.013, 248
Trd, 2591112.946, 251
Trd, 2591113.129, 257
Trd, 2591114.013, 244
Trd, 2591114.079, 241
Trd, 2591114.979, 260
Trd, 2591114.996, 264
Trd, 2591116.563, 243
Trd, 2591117.096, 242
Trd, 2591117.396, 239
Trd, 2591117.596, 243
Trd, 2591117.846, 241
Trd, 2591117.929, 237
Trd, 2591120.446, 244
Trd, 2591120.496, 250
Trd, 2591121.596, 249
Trd, 2591121.679, 256
Trd, 2591122.229, 252
Trd, 2591123.429, 253
Trd, 2591123.446, 252
Trd, 2591123.746, 253
Trd, 2591123.946, 253
Trd, 2591124.213, 253
Trd, 2591124.829, 258
Trd, 2591125.813, 246
Trd, 2591125.946, 247
Trd, 2591126.063, 241
Trd, 2591127.279, 254
Trd, 2591127.863, 262
Trd, 2591127.979, 242
Trd, 2591128.546, 263
Trd, 2591128.996, 264
Trd, 2591129.646, 250
Trd, 2591130.196, 249
Trd, 2591131.096, 243
Trd, 2591131.246, 238
Trd, 2591132.196, 251
Trd, 2591135.063, 243
Trd, 2591135.513, 245
Trd, 2591135.529, 246
Trd, 2591135.613, 244
Trd, 2591135.979, 257
Trd, 2591136.046, 264
Trd, 2591137.379, 247
Trd, 2591137.529, 241
Trd, 2591138.029, 257
Trd, 2591138.763, 238
Trd, 2591139.163, 258
Trd, 2591139.413, 244
Trd, 2591139.563, 237
Trd, 2591141.129, 244
Trd, 2591141.679, 247
Trd, 2591143.029, 240
Trd, 2591143.113, 241
Trd, 2591143.363, 242
Trd, 2591143.696, 241
Trd, 2591143.946, 241
Trd, 2591144.296, 244
Trd, 2591144.363, 248
Trd, 2591144.413, 248
Trd, 2591144.763, 243
Trd, 2591146.246, 250
Trd, 2591146.613, 248
Trd, 2591147.346, 249
Trd, 2591148.129, 250
Trd, 2591148.313, 251
Trd, 2591148.629, 254
Trd, 2591149.929, 253
Trd, 2591150.063, 254
Trd, 2591151.146, 251
Trd, 2591151.196, 256
Trd, 2591154.063, 258
Trd, 2591154.513, 258
Trd, 2591154.663, 259
Trd, 2591155.913, 258
Trd, 2591156.029, 255
Trd, 2591156.779, 254
Trd, 2591157.246, 259
Trd, 2591157.779, 239
Trd, 2591157.813, 238
Trd, 2591158.213, 242
Trd, 2591159.213, 247
Trd, 2591160.229, 255
Trd, 2591160.779, 259
Trd, 2591161.696, 261
Trd, 2591161.946, 260
Trd, 2591162.079, 259
Trd, 2591162.879, 265
Trd, 2591162.963, 255
Trd, 2591163.229, 247
Trd, 2591163.546, 265
Trd, 2591163.563, 246
Trd, 2591164.429, 247
Trd, 2591165.413, 241
Trd, 2591166.779, 254
Trd, 2591168.163, 240
Trd, 2591168.546, 250
Trd, 2591168.946, 240
Trd, 2591169.063, 250
Trd, 2591169.713, 240
Trd, 2591169.996, 239
Trd, 2591170.229, 241
Trd, 2591171.246, 250
Trd, 2591171.579, 242
Trd, 2591172.629, 242
Trd, 2591173.279, 250
Trd, 2591173.663, 249
Trd, 2591174.579, 249
Trd, 2591174.746, 248
Trd, 2591175.213, 241
Trd, 2591175.529, 251
Trd, 2591175.813, 258
Trd, 2591175.846, 266
Trd, 2591176.363, 256
Trd, 2591177.379, 240
Trd, 2591179.346, 244
Trd, 2591179.563, 250
Trd, 2591180.313, 250
Trd, 2591181.379, 244
Trd, 2591181.513, 245
Trd, 2591182.479, 247
Trd, 2591182.929, 247
Trd, 2591183.529, 248
Trd, 2591183.796, 237
Trd, 2591184.446, 243
Trd, 2591184.679, 242
Trd, 2591185.213, 242
Trd, 2591185.546, 235
Trd, 2591185.963, 242
Trd, 2591186.113, 240
Trd, 2591186.163, 261
Trd, 2591186.796, 255
Trd, 2591189.479, 246
Trd, 2591190.663, 249
Trd, 2591190.813, 248
Trd, 2591191.929, 251
Trd, 2591192.096, 251
Trd, 2591192.813, 252
Trd, 2591193.263, 254
Trd, 2591193.413, 250
Trd, 2591193.546, 254
Trd, 2591194.396, 246
Trd, 2591194.963, 236
Trd, 2591195.596, 231
Trd, 2591195.613, 224
Trd, 2591196.679, 235
Trd, 2591196.763, 236
Trd, 2591197.579, 237
Trd, 2591198.396, 241
Trd, 2591199.013, 240
Trd, 2591199.929, 255
Trd, 2591200.179, 255
Trd, 2591201.163, 250
Trd, 2591201.513, 266
Trd, 2591201.613, 248
Trd, 2591202.229, 259
Trd, 2591202.396, 240
Trd, 2591202.746, 257
Trd, 2591203.063, 249
Trd, 2591203.596, 249
Trd, 2591203.763, 250
Trd, 2591203.996, 247
Trd, 2591204.046, 256
Trd, 2591205.046, 265
Trd, 2591205.463, 242
Trd, 2591207.063, 243
Trd, 2591207.413, 244
Trd, 2591208.479, 258
Trd, 2591209.029, 245
Trd, 2591211.379, 244
Trd, 2591211.963, 244
Trd, 2591213.146, 244
Trd, 2591214.079, 251
Trd, 2591214.829, 245
Trd, 2591216.529, 245
Trd, 2591216.796, 246
Trd, 2591217.979, 242
Trd, 2591218.029, 241
Trd, 2591218.063, 251
Trd, 2591218.513, 255
Trd, 2591219.113, 232
Trd, 2591219.563, 241
Trd, 2591219.696, 231
Trd, 2591220.013, 249
Trd, 2591220.479, 262
Trd, 2591221.246, 257
Trd, 2591221.563, 256
Trd, 2591221.863, 253
Trd, 2591222.763, 256
Trd, 2591223.113, 257
Trd, 2591223.246, 252
Trd, 2591223.379, 241
Trd, 2591224.346, 227
Trd, 2591224.663, 238
Trd, 2591225.396, 255
Trd, 2591225.846, 234
Trd, 2591226.796, 259
Trd, 2591227.729, 262
Trd, 2591228.213, 265
Trd, 2591228.246, 263
Trd, 2591229.379, 264
Trd, 2591229.579, 264
Trd, 2591229.846, 263
Trd, 2591230.713, 257
Trd, 2591233.213, 252
Trd, 2591233.463, 251
Trd, 2591233.546, 248
Trd, 2591233.763, 258
Trd, 2591234.246, 256
Trd, 2591234.479, 245
Trd, 2591234.963, 242
Trd, 2591235.029, 241
Trd, 2591235.596, 255
Trd, 2591235.879, 237
Trd, 2591235.929, 254
Trd, 2591236.963, 237
Trd, 2591237.013, 254
Trd, 2591237.396, 234
Trd, 2591238.529, 252
Trd, 2591239.229, 254
Trd, 2591239.463, 251
Trd, 2591240.563, 246
Trd, 2591241.679, 259
Trd, 2591243.496, 254
Trd, 2591243.813, 259
Trd, 2591243.879, 251
Trd, 2591244.596, 264
Trd, 2591244.863, 248
Trd, 2591244.996, 269
Trd, 2591245.129, 243
Trd, 2591245.229, 242
Trd, 2591245.713, 242
Trd, 2591246.146, 241
Trd, 2591246.363, 253
Trd, 2591246.663, 255
Trd, 2591247.329, 241
Trd, 2591249.729, 248
Trd, 2591249.996, 243
Trd, 2591250.363, 249
Trd, 2591251.729, 249
Trd, 2591252.729, 243
Trd, 2591253.113, 241
Trd, 2591254.196, 251
Trd, 2591255.013, 246
Trd, 2591255.563, 255
Trd, 2591255.846, 248
Trd, 2591256.646, 258
Trd, 2591257.763, 255
Trd, 2591257.979, 264
Trd, 2591258.129, 244
Trd, 2591258.163, 243
Trd, 2591259.396, 241
Trd, 2591260.129, 245
Trd, 2591260.346, 246
Trd, 2591261.413, 245
Trd, 2591261.663, 242
Trd, 2591261.746, 242
Trd, 2591262.046, 244
Trd, 2591262.363, 242
Trd, 2591262.579, 241
Trd, 2591263.729, 239
Trd, 2591264.763, 241
Trd, 2591265.429, 241
Trd, 2591265.996, 239
Trd, 2591266.763, 232
Trd, 2591267.113, 242
Trd, 2591267.546, 251
Trd, 2591267.763, 259
Trd, 2591268.596, 259
Trd, 2591268.829, 255
Trd, 2591269.413, 252
Trd, 2591271.029, 253
Trd, 2591271.446, 252
Trd, 2591271.963, 248
Trd, 2591273.046, 244
Trd, 2591273.529, 255
Trd, 2591273.829, 255
Trd, 2591274.329, 260
Trd, 2591275.829, 261
Trd, 2591275.879, 244
Trd, 2591276.796, 246
Trd, 2591277.013, 248
Trd, 2591277.079, 245
Trd, 2591278.629, 258
Trd, 2591278.946, 247
Trd, 2591279.596, 248
Trd, 2591280.179, 238
Trd, 2591280.346, 237
Trd, 2591280.829, 246
Trd, 2591281.929, 248
Trd, 2591282.746, 249
Trd, 2591283.046, 234
Trd, 2591283.813, 237
Trd, 2591283.846, 239
Trd, 2591284.013, 256
Trd, 2591285.129, 242
Trd, 2591285.313, 262
Trd, 2591285.629, 255
Trd, 2591286.213, 255
Trd, 2591286.246, 243
Trd, 2591286.713, 255
Trd, 2591287.046, 257
Trd, 2591287.113, 242
Trd, 2591288.579, 246
Trd, 2591289.379, 236
Trd, 2591289.446, 242
Trd, 2591291.313, 243
Trd, 2591292.679, 248
Trd, 2591293.329, 243
Trd, 2591293.846, 242
Trd, 2591294.796, 246
Trd, 2591294.946, 238
Trd, 2591295.279, 250
Trd, 2591296.079, 238
Trd, 2591297.379, 238
Trd, 2591297.663, 241
Trd, 2591297.863, 240
Trd, 2591299.679, 248
Trd, 2591299.913, 251
Trd, 2591300.963, 254
Trd, 2591301.496, 255
Trd, 2591301.829, 249
Trd, 2591302.129, 248
Trd, 2591303.496, 243
Trd, 2591303.663, 242
Trd, 2591306.329, 251
Trd, 2591306.396, 252
Trd, 2591306.863, 255
Trd, 2591307.229, 251
Trd, 2591307.529, 248
Trd, 2591307.996, 241
Trd, 2591308.163, 259
Trd, 2591308.796, 253
Trd, 2591309.479, 237
Trd, 2591310.396, 252
Trd, 2591310.546, 231
Trd, 2591311.629, 249
Trd, 2591312.113, 255
Trd, 2591312.629, 252
Trd, 2591312.846, 251
Trd, 2591313.279, 256
Trd, 2591313.496, 234
Trd, 2591314.379, 255
Trd, 2591316.879, 245
Trd, 2591317.246, 248
Trd, 2591317.946, 249
Trd, 2591318.246, 249
Trd, 2591318.346, 250
Trd, 2591318.413, 249
Trd, 2591318.946, 255
Trd, 2591319.029, 258
Trd, 2591320.446, 250
Trd, 2591320.813, 250
Trd, 2591321.346, 250
Trd, 2591321.646, 251
Trd, 2591322.079, 242
Trd, 2591323.029, 237
Trd, 2591323.779, 248
Trd, 2591323.813, 231
Trd, 2591324.713, 248
Trd, 2591324.979, 258
Trd, 2591326.113, 245
Trd, 2591326.363, 255
Trd, 2591327.363, 256
Trd, 2591328.429, 253
Trd, 2591328.763, 254
Trd, 2591329.879, 255
Trd, 2591330.113, 255
Trd, 2591330.746, 256
Trd, 2591331.546, 255
Trd, 2591331.913, 254
Trd, 2591331.929, 251
Trd, 2591332.046, 257
Trd, 2591333.046, 249
Trd, 2591334.579, 248
Trd, 2591334.613, 257
Trd, 2591335.963, 257
Trd, 2591336.413, 260
Trd, 2591336.913, 258
Trd, 2591337.863, 259
Trd, 2591337.996, 258
Trd, 2591339.229, 256
Trd, 2591340.279, 250
Trd, 2591340.329, 251
Trd, 2591340.546, 252
Trd, 2591341.563, 254
Trd, 2591341.796, 254
Trd, 2591341.846, 252
Trd, 2591341.863, 255
Trd, 2591341.896, 248
Trd, 2591342.796, 245
Trd, 2591343.763, 247
Trd, 2591343.946, 248
Trd, 2591344.029, 247
Trd, 2591345.213, 241
Trd, 2591346.479, 245
Trd, 2591347.813, 241
Trd, 2591348.496, 238
Trd, 2591348.913, 243
Trd, 2591349.163, 243
Trd, 2591349.796, 240
Trd, 2591349.829, 251
Trd, 2591349.879, 239
Trd, 2591351.813, 243
Trd, 2591352.263, 242
Trd, 2591352.579, 259
Trd, 2591353.496, 244
Trd, 2591353.729, 248
Trd, 2591353.946, 244
Trd, 2591355.063, 255
Trd, 2591355.229, 265
Trd, 2591355.363, 249
Trd, 2591355.896, 251
Trd, 2591356.246, 252
Trd, 2591356.946, 254
Trd, 2591358.279, 260
Trd, 2591360.196, 255
Trd, 2591360.779, 254
Trd, 2591360.913, 255
Trd, 2591361.313, 248
Trd, 2591361.996, 242
Trd, 2591362.879, 255
Trd, 2591363.396, 244
Trd, 2591363.796, 243
Trd, 2591363.913, 241
Trd, 2591363.929, 257
Trd, 2591364.196, 245
Trd, 2591364.579, 237
Trd, 2591367.229, 251
Trd, 2591367.346, 242
Trd, 2591367.796, 246
Trd, 2591367.863, 245
Trd, 2591368.346, 251
Trd, 2591369.263, 251
Trd, 2591369.413, 256
Trd, 2591369.763, 258
Trd, 2591371.279, 245
Trd, 2591371.929, 246
Trd, 2591372.013, 243
Trd, 2591373.679, 241
Trd, 2591374.746, 240
Trd, 2591374.896, 261
Trd, 2591375.079, 239
Trd, 2591375.996, 250
Trd, 2591377.696, 244
Trd, 2591379.279, 253
Trd, 2591379.446, 252
Trd, 2591379.763, 253
Trd, 2591380.679, 253
Trd, 2591380.746, 251
Trd, 2591381.596, 249
Trd, 2591381.879, 248
Trd, 2591381.896, 238
Trd, 2591382.546, 248
Trd, 2591383.229, 251
Trd, 2591383.746, 252
Trd, 2591384.229, 248
Trd, 2591384.913, 251
Trd, 2591385.563, 254
Trd, 2591385.579, 255
Trd, 2591386.713, 260
Trd, 2591388.046, 259
Trd, 2591388.963, 259
Trd, 2591389.913, 255
Trd, 2591390.913, 240
Trd, 2591391.863, 242
Trd, 2591391.879, 240
Trd, 2591392.463, 241
Trd, 2591392.663, 239
Trd, 2591392.679, 243
Trd, 2591394.213, 241
Trd, 2591395.663, 242
Trd, 2591396.163, 241
Trd, 2591396.446, 242
Trd, 2591396.463, 244
Trd, 2591396.696, 241
Trd, 2591397.463, 246
Trd, 2591397.546, 232
Trd, 2591397.679, 251
Trd, 2591397.713, 258
Trd, 2591397.979, 264
Trd, 2591398.229, 258
Trd, 2591398.996, 242
Trd, 2591400.746, 259
Trd, 2591401.263, 258
Trd, 2591401.696, 257
Trd, 2591402.096, 257
Trd, 2591402.146, 256
Trd, 2591402.663, 255
Trd, 2591402.979, 251
Trd, 2591404.013, 247
Trd, 2591404.913, 247
Trd, 2591405.813, 246
Trd, 2591406.329, 250
Trd, 2591406.613, 245
Trd, 2591406.796, 249
Trd, 2591407.513, 255
Trd, 2591408.346, 257
Trd, 2591409.263, 244
Trd, 2591410.013, 255
Trd, 2591411.463, 253
Trd, 2591411.763, 255
Trd, 2591411.913, 253
Trd, 2591412.479, 251
Trd, 2591414.929, 245
Trd, 2591415.129, 248
Trd, 2591415.529, 251
Trd, 2591415.813, 246
Trd, 2591416.346, 250
Trd, 2591416.479, 247
Trd, 2591416.796, 252
Trd, 2591417.213, 241
Trd, 2591417.679, 239
Trd, 2591418.529, 252
Trd, 2591419.663, 244
Trd, 2591420.613, 245
Trd, 2591420.963, 252
Trd, 2591421.613, 255
Trd, 2591423.279, 255
Trd, 2591423.796, 254
Trd, 2591423.829, 253
Trd, 2591425.379, 252
Trd, 2591426.013, 252
Trd, 2591426.196, 257
Trd, 2591427.379, 248
Trd, 2591427.413, 248
Trd, 2591427.613, 247
Trd, 2591428.679, 246
Trd, 2591429.029, 245
Trd, 2591429.229, 256
Trd, 2591429.629, 244
Trd, 2591430.213, 250
Trd, 2591431.029, 258
Trd, 2591431.613, 241
Trd, 2591431.713, 259
Trd, 2591433.096, 244
Trd, 2591433.796, 251
Trd, 2591433.896, 262
Trd, 2591434.913, 254
Trd, 2591435.413, 261
Trd, 2591436.279, 241
Trd, 2591436.729, 239
Trd, 2591437.746, 238
Trd, 2591438.513, 255
Trd, 2591438.729, 243
Trd, 2591439.279, 244
Trd, 2591440.246, 244
Trd, 2591440.263, 243
Trd, 2591441.196, 246
Trd, 2591441.379, 249
Trd, 2591441.763, 246
Trd, 2591442.279, 246
Trd, 2591443.813, 244
Trd, 2591443.929, 245
Trd, 2591444.579, 245
Trd, 2591445.179, 241
Trd, 2591445.763, 249
Trd, 2591447.029, 238
Trd, 2591447.646, 247
Trd, 2591448.379, 247
Trd, 2591448.663, 245
Trd, 2591449.129, 251
Trd, 2591451.029, 248
Trd, 2591451.546, 250
Trd, 2591451.596, 247
Trd, 2591452.346, 242
Trd, 2591452.496, 251
Trd, 2591452.679, 252
Trd, 2591453.813, 242
Trd, 2591455.663, 256
Trd, 2591456.146, 245
Trd, 2591456.446, 242
Trd, 2591456.696, 241
Trd, 2591457.813, 248
Trd, 2591458.063, 258
Trd, 2591458.146, 264
Trd, 2591458.513, 237
Trd, 2591459.896, 258
Trd, 2591459.946, 247
Trd, 2591460.863, 254
Trd, 2591461.613, 253
Trd, 2591461.746, 253
Trd, 2591461.946, 252
Trd, 2591462.829, 251
Trd, 2591463.113, 237
Trd, 2591463.129, 258
Trd, 2591464.196, 239
Trd, 2591464.646, 239
Trd, 2591466.346, 237
Trd, 2591466.846, 231
Trd, 2591467.046, 250
Trd, 2591467.463, 232
Trd, 2591469.646, 241
Trd, 2591469.696, 245
Trd, 2591469.929, 242
Trd, 2591470.596, 241
Trd, 2591470.629, 251
Trd, 2591473.146, 245
Trd, 2591473.396, 246
Trd, 2591473.496, 247
Trd, 2591473.729, 255
Trd, 2591474.679, 259
Trd, 2591474.763, 258
Trd, 2591475.163, 258
Trd, 2591475.229, 257
Trd, 2591475.563, 264
Trd, 2591476.563, 255
Trd, 2591476.696, 256
Trd, 2591476.929, 255
Trd, 2591479.063, 266
Trd, 2591479.696, 265
Trd, 2591479.929, 264
Trd, 2591480.879, 263
Trd, 2591481.129, 257
Trd, 2591481.563, 251
Trd, 2591481.646, 248
Trd, 2591483.213, 260
Trd, 2591483.363, 261
Trd, 2591484.413, 261
Trd, 2591484.479, 246
Trd, 2591486.213, 250
Trd, 2591486.763, 246
Trd, 2591486.813, 251
Trd, 2591487.863, 246
Trd, 2591488.129, 255
Trd, 2591488.546, 255
Trd, 2591490.713, 251
Trd, 2591490.929, 252
Trd, 2591491.346, 251
Trd, 2591491.613, 251
Trd, 2591491.763, 249
Trd, 2591491.813, 253
Trd, 2591491.929, 242
Trd, 2591492.246, 237
Trd, 2591492.529, 255
Trd, 2591493.779, 255
Trd, 2591494.879, 243
Trd, 2591494.979, 231
Trd, 2591495.213, 224
Trd, 2591495.729, 248
Trd, 2591495.963, 255
Trd, 2591497.163, 258
Trd, 2591497.529, 233
Trd, 2591498.513, 267
Trd, 2591499.829, 245
Trd, 2591500.246, 245
Trd, 2591501.863, 245
Trd, 2591502.413, 245
Trd, 2591502.579, 244
Trd, 2591503.529, 245
Trd, 2591503.563, 251
Trd, 2591504.096, 245
Trd, 2591504.979, 241
Trd, 2591505.963, 234
Trd, 2591507.429, 236
Trd, 2591507.746, 235
Trd, 2591508.163, 238
Trd, 2591508.279, 238
Trd, 2591508.563, 241
Trd, 2591508.996, 253
Trd, 2591509.463, 255
Trd, 2591510.513, 247
Trd, 2591510.713, 250
Trd, 2591510.763, 251
Trd, 2591510.913, 246
Trd, 2591511.813, 245
Trd, 2591512.496, 248
Trd, 2591512.546, 254
Trd, 2591513.679, 248
Trd, 2591514.146, 254
Trd, 2591514.196, 255
Trd, 2591515.163, 248
Trd, 2591515.779, 247
Trd, 2591516.179, 255
Trd, 2591516.379, 248
Trd, 2591518.696, 254
Trd, 2591520.463, 254
Trd, 2591520.479, 253
Trd, 2591521.046, 250
Trd, 2591521.696, 253
Trd, 2591522.596, 241
Trd, 2591523.179, 238
Trd, 2591523.363, 250
Trd, 2591523.979, 247
Trd, 2591524.113, 246
Trd, 2591524.479, 239
Trd, 2591524.929, 240
Trd, 2591526.646, 244
Trd, 2591527.413, 235
Trd, 2591527.479, 246
Trd, 2591528.213, 245
Trd, 2591528.279, 236
Trd, 2591528.613, 243
Trd, 2591529.496, 242
Trd, 2591530.213, 244
Trd, 2591530.279, 231
Trd, 2591531.863, 251
Trd, 2591533.113, 249
Trd, 2591533.679, 254
Trd, 2591534.196, 244
Trd, 2591534.463, 246
Trd, 2591534.663, 255
Trd, 2591534.813, 243
Trd, 2591536.046, 249
Trd, 2591536.546, 258
Trd, 2591536.563, 260
Trd, 2591537.079, 253
Trd, 2591537.663, 253
Trd, 2591538.763, 256
Trd, 2591539.579, 255
Trd, 2591539.629, 254
Trd, 2591539.879, 241
Trd, 2591540.179, 241
Trd, 2591540.346, 262
Trd, 2591540.413, 261
Trd, 2591543.063, 253
Trd, 2591543.646, 252
Trd, 2591543.896, 249
Trd, 2591544.346, 247
Trd, 2591546.629, 248
Trd, 2591547.213, 248
Trd, 2591547.396, 249
Trd, 2591547.613, 249
Trd, 2591547.879, 250
Trd, 2591548.029, 248
Trd, 2591548.713, 246
Trd, 2591549.246, 249
Trd, 2591550.996, 248
Trd, 2591551.146, 251
Trd, 2591551.713, 258
Trd, 2591551.779, 249
Trd, 2591553.079, 251
Trd, 2591553.296, 258
Trd, 2591554.029, 254
Trd, 2591554.179, 263
Trd, 2591554.679, 253
Trd, 2591555.029, 253
Trd, 2591556.013, 244
Trd, 2591556.779, 245
Trd, 2591556.996, 250
Trd, 2591558.296, 250
Trd, 2591559.596, 249
Trd, 2591559.996, 251
Trd, 2591560.029, 248
Trd, 2591560.779, 256
Trd, 2591561.579, 246
Trd, 2591562.846, 245
Trd, 2591564.096, 245
Trd, 2591564.729, 246
Trd, 2591565.379, 244
Trd, 2591565.529, 241
Trd, 2591565.946, 248
Trd, 2591566.996, 247
Trd, 2591567.913, 248
Trd, 2591568.646, 251
Trd, 2591569.129, 257
Trd, 2591569.996, 254
Trd, 2591570.263, 255
Trd, 2591570.379, 252
Trd, 2591570.629, 251
Trd, 2591570.713, 259
Trd, 2591570.863, 251
Trd, 2591570.946, 250
Trd, 2591571.113, 244
Trd, 2591571.179, 252
Trd, 2591572.363, 257
Trd, 2591572.496, 241
Trd, 2591573.146, 233
Trd, 2591573.246, 261
Trd, 2591573.763, 234
Trd, 2591574.296, 231
Trd, 2591576.913, 252
Trd, 2591577.629, 242
Trd, 2591578.546, 251
Trd, 2591578.629, 252
Trd, 2591578.746, 252
Trd, 2591578.813, 253
Trd, 2591579.563, 252
Trd, 2591580.179, 245
Trd, 2591580.963, 253
Trd, 2591581.979, 247
Trd, 2591582.079, 248
Trd, 2591582.729, 246
Trd, 2591583.279, 254
Trd, 2591583.413, 239
Trd, 2591584.429, 238
Trd, 2591584.479, 243
Trd, 2591585.013, 254
Trd, 2591586.846, 233
Trd, 2591587.396, 256
Trd, 2591587.613, 241
Trd, 2591588.729, 247
Trd, 2591589.246, 242
Trd, 2591589.929, 258
Trd, 2591590.779, 255
Trd, 2591591.829, 242
Trd, 2591591.863, 254
Trd, 2591592.946, 241
Trd, 2591593.329, 251
Trd, 2591594.396, 251
Trd, 2591595.696, 247
Trd, 2591595.813, 246
Trd, 2591596.229, 246
Trd, 2591596.379, 248
Trd, 2591596.896, 244
Trd, 2591597.713, 258
Trd, 2591597.746, 254
Trd, 2591598.113, 241
Trd, 2591600.079, 249
Trd, 2591600.196, 247
Trd, 2591600.246, 253
Trd, 2591600.479, 242
Trd, 2591602.596, 253
Trd, 2591603.346, 256
Trd, 2591603.729, 237
Trd, 2591604.029, 237
Trd, 2591605.929, 244
Trd, 2591606.346, 234
Trd, 2591607.429, 249
Trd, 2591608.096, 251
Trd, 2591608.163, 256
Trd, 2591609.146, 252
Trd, 2591609.963, 264
Trd, 2591610.396, 251
Trd, 2591611.929, 251
Trd, 2591612.429, 260
Trd, 2591612.746, 264
Trd, 2591612.979, 256
Trd, 2591613.196, 269
Trd, 2591613.963, 251
Trd, 2591614.013, 243
Trd, 2591614.096, 241
Trd, 2591614.429, 241
Trd, 2591615.279, 248
Trd, 2591615.446, 246
Trd, 2591615.463, 245
Trd, 2591616.096, 247
Trd, 2591616.563, 251
Trd, 2591616.663, 247
Trd, 2591618.146, 253
Trd, 2591619.563, 253
Trd, 2591620.996, 261
Trd, 2591621.079, 257
Trd, 2591621.096, 261
Trd, 2591621.213, 256
Trd, 2591622.829, 251
Trd, 2591623.546, 254
Trd, 2591624.996, 251
Trd, 2591626.413, 255
Trd, 2591626.963, 254
Trd, 2591628.013, 251
Trd, 2591628.229, 257
Trd, 2591628.596, 247
Trd, 2591628.613, 259
Trd, 2591629.079, 250
Trd, 2591629.463, 258
Trd, 2591630.046, 248
Trd, 2591630.496, 243
Trd, 2591631.129, 242
Trd, 2591631.213, 241
Trd, 2591631.463, 237
Trd, 2591631.596, 235
Trd, 2591632.446, 235
Trd, 2591633.096, 261
Trd, 2591633.663, 263
Trd, 2591634.713, 261
Trd, 2591635.213, 261
Trd, 2591635.346, 242
Trd, 2591636.329, 244
Trd, 2591636.896, 257
Trd, 2591637.063, 259
Trd, 2591637.579, 251
Trd, 2591637.746, 248
Trd, 2591637.879, 255
Trd, 2591638.396, 250
Trd, 2591639.663, 255
Trd, 2591640.813, 255
Trd, 2591640.963, 260
Trd, 2591641.329, 243
Trd, 2591642.913, 244
Trd, 2591644.379, 253
Trd, 2591645.229, 241
Trd, 2591645.563, 231
Trd, 2591646.063, 252
Trd, 2591646.713, 259
Trd, 2591647.979, 253
Trd, 2591649.129, 252
Trd, 2591649.196, 246
Trd, 2591649.229, 245
Trd, 2591649.663, 243
Trd, 2591649.946, 254
Trd, 2591650.963, 249
Trd, 2591651.979, 243
Trd, 2591652.846, 251
Trd, 2591652.913, 250
Trd, 2591654.046, 252
Trd, 2591655.179, 248
Trd, 2591656.496, 248
Trd, 2591657.196, 242
Trd, 2591657.313, 242
Trd, 2591657.363, 243
Trd, 2591657.529, 255
Trd, 2591658.813, 242
Trd, 2591660.146, 241
Trd, 2591660.596, 244
Trd, 2591661.179, 249
Trd, 2591662.563, 248
Trd, 2591662.713, 238
Trd, 2591663.513, 245
Trd, 2591663.996, 246
Trd, 2591664.063, 247
Trd, 2591664.396, 244
Trd, 2591665.696, 241
Trd, 2591666.379, 246
Trd, 2591667.029, 251
Trd, 2591668.963, 246
Trd, 2591668.979, 245
Trd, 2591669.413, 245
Trd, 2591669.496, 244
Trd, 2591669.796, 248
Trd, 2591670.396, 252
Trd, 2591671.513, 248
Trd, 2591671.629, 242
Trd, 2591672.696, 238
Trd, 2591672.713, 250
Trd, 2591672.779, 251
Trd, 2591674.229, 254
Trd, 2591675.346, 258
Trd, 2591675.596, 248
Trd, 2591675.913, 264
Trd, 2591675.946, 241
Trd, 2591676.146, 241
Trd, 2591676.779, 253
Trd, 2591677.813, 238
Trd, 2591678.229, 254
Trd, 2591679.213, 241
Trd, 2591680.846, 246
Trd, 2591680.913, 240
Trd, 2591681.513, 255
Trd, 2591682.429, 249
Trd, 2591683.479, 248
Trd, 2591685.079, 251
Trd, 2591685.129, 251
Trd, 2591685.796, 251
Trd, 2591685.829, 250
Trd, 2591686.013, 247
Trd, 2591687.063, 243
Trd, 2591687.579, 254
Trd, 2591688.029, 255
Trd, 2591688.379, 243
Trd, 2591688.746, 247
Trd, 2591689.479, 242
Trd, 2591689.946, 241
Trd, 2591690.963, 243
Trd, 2591691.529, 244
Trd, 2591691.629, 237
Trd, 2591692.213, 257
Trd, 2591692.779, 236
Trd, 2591693.679, 255
Trd, 2591694.063, 243
Trd, 2591694.479, 236
Trd, 2591694.729, 235
Trd, 2591696.746, 256
Trd, 2591696.796, 258
Trd, 2591697.213, 249
Trd, 2591698.279, 249
Trd, 2591699.546, 248
Trd, 2591700.463, 243
Trd, 2591700.529, 251
Trd, 2591700.663, 252
Trd, 2591701.379, 252
Trd, 2591703.196, 245
Trd, 2591704.063, 246
Trd, 2591704.479, 250
Trd, 2591704.613, 251
Trd, 2591704.646, 250
Trd, 2591705.613, 242
Trd, 2591705.663, 248
Trd, 2591705.846, 249
Trd, 2591707.046, 239
Trd, 2591707.596, 255
Trd, 2591708.346, 258
Trd, 2591709.113, 245
Trd, 2591709.746, 244
Trd, 2591710.429, 256
Trd, 2591711.696, 243
Trd, 2591712.729, 243
Trd, 2591712.896, 242
Trd, 2591713.063, 251
Trd, 2591713.129, 252
Trd, 2591714.746, 252
Trd, 2591715.396, 244
Trd, 2591715.463, 259
Trd, 2591716.596, 244
Trd, 2591716.696, 248
Trd, 2591717.246, 244
Trd, 2591717.479, 265
Trd, 2591717.513, 241
Trd, 2591717.796, 238
Trd, 2591718.096, 238
Trd, 2591719.563, 247
Trd, 2591720.313, 247
Trd, 2591720.379, 248
Trd, 2591720.779, 251
Trd, 2591721.613, 239
Trd, 2591721.979, 240
Trd, 2591723.096, 240
Trd, 2591724.063, 237
Trd, 2591724.646, 233
Trd, 2591725.646, 240
Trd, 2591726.429, 244
Trd, 2591726.629, 258
Trd, 2591727.113, 244
Trd, 2591728.646, 253
Trd, 2591728.963, 237
Trd, 2591730.779, 252
Trd, 2591731.763, 238
Trd, 2591732.213, 241
Trd, 2591733.329, 242
Trd, 2591733.446, 239
Trd, 2591733.479, 256
Trd, 2591733.513, 257
Trd, 2591733.813, 257
Trd, 2591734.029, 248
Trd, 2591734.679, 259
Trd, 2591734.779, 251
Trd, 2591736.179, 255
Trd, 2591737.429, 245
Trd, 2591738.096, 241
Trd, 2591738.363, 241
Trd, 2591738.396, 237
Trd, 2591738.463, 241
Trd, 2591740.479, 242
Trd, 2591740.646, 235
Trd, 2591742.296, 239
Trd, 2591742.663, 241
Trd, 2591742.979, 243
Trd, 2591743.063, 244
Trd, 2591743.129, 239
Trd, 2591743.479, 237
Trd, 2591743.696, 256
Trd, 2591743.946, 258
Trd, 2591746.363, 259
Trd, 2591747.463, 264
Trd, 2591747.546, 263
Trd, 2591748.313, 259
Trd, 2591748.846, 259
Trd, 2591749.479, 265
Trd, 2591750.296, 258
Trd, 2591751.113, 256
Trd, 2591751.179, 255
Trd, 2591751.446, 255
Trd, 2591752.246, 251
Trd, 2591753.013, 255
Trd, 2591753.496, 245
Trd, 2591753.613, 254
Trd, 2591753.846, 254
Trd, 2591754.563, 254
Trd, 2591754.746, 250
Trd, 2591755.229, 255
Trd, 2591756.579, 249
Trd, 2591756.663, 248
Trd, 2591756.746, 241
Trd, 2591757.179, 239
Trd, 2591759.596, 242
Trd, 2591759.796, 241
Trd, 2591760.279, 238
Trd, 2591761.496, 241
Trd, 2591763.263, 248
Trd, 2591763.346, 249
Trd, 2591763.979, 250
Trd, 2591764.313, 249
Trd, 2591765.263, 243
Trd, 2591765.446, 242
Trd, 2591766.596, 244
Trd, 2591767.146, 242
Trd, 2591768.113, 235
Trd, 2591768.229, 236
Trd, 2591769.246, 235
Trd, 2591769.496, 234
Trd, 2591769.713, 235
Trd, 2591771.329, 232
Trd, 2591771.746, 235
Trd, 2591772.163, 244
Trd, 2591772.263, 251
Trd, 2591772.296, 255
Trd, 2591772.863, 259
Trd, 2591773.246, 260
Trd, 2591774.596, 238
Trd, 2591775.129, 238
Trd, 2591775.879, 237
Trd, 2591776.179, 237
Trd, 2591777.413, 239
Trd, 2591777.429, 261
Trd, 2591777.863, 240
Trd, 2591778.396, 266
Trd, 2591779.079, 242
Trd, 2591780.146, 243
Trd, 2591780.629, 246
Trd, 2591780.863, 242
Trd, 2591781.679, 247
Trd, 2591783.879, 256
Trd, 2591784.113, 255
Trd, 2591784.129, 256
Trd, 2591784.413, 256
Trd, 2591784.429, 257
Trd, 2591784.979, 253
Trd, 2591784.996, 241
Trd, 2591785.863, 249
Trd, 2591786.846, 237
Trd, 2591787.313, 234
Trd, 2591787.846, 259
Trd, 2591789.596, 235
Trd, 2591790.063, 245
Trd, 2591791.313, 242
Trd, 2591791.879, 244
Trd, 2591792.096, 245
Trd, 2591792.529, 251
Trd, 2591792.746, 253
Trd, 2591793.096, 256
Trd, 2591793.113, 241
Trd, 2591794.296, 256
Trd, 2591794.613, 243
Trd, 2591794.996, 259
Trd, 2591795.046, 242
Trd, 2591795.363, 242
Trd, 2591796.113, 266
Trd, 2591796.629, 244
Trd, 2591796.763, 267
Trd, 2591797.296, 259
Trd, 2591798.163, 266
Trd, 2591799.896, 257
Trd, 2591800.546, 256
Trd, 2591801.029, 254
Trd, 2591801.863, 248
Trd, 2591802.179, 246
Trd, 2591802.313, 252
Trd, 2591804.396, 243
Trd, 2591804.663, 241
Trd, 2591805.563, 240
Trd, 2591805.946, 240
Trd, 2591807.079, 237
Trd, 2591807.346, 236
Trd, 2591807.429, 239
Trd, 2591807.963, 238
Trd, 2591809.846, 250
Trd, 2591809.963, 251
Trd, 2591810.063, 244
Trd, 2591810.529, 245
Trd, 2591812.263, 244
Trd, 2591812.496, 243
Trd, 2591812.746, 244
Trd, 2591812.979, 255
Trd, 2591813.729, 249
Trd, 2591813.946, 250
Trd, 2591814.063, 256
Trd, 2591814.429, 258
Trd, 2591814.529, 249
Trd, 2591815.763, 248
Trd, 2591818.063, 242
Trd, 2591818.929, 244
Trd, 2591819.196, 242
Trd, 2591819.596, 244
Trd, 2591820.479, 245
Trd, 2591821.046, 244
Trd, 2591821.429, 243
Trd, 2591821.496, 246
Trd, 2591822.613, 247
Trd, 2591822.629, 252
Trd, 2591823.763, 249
Trd, 2591824.629, 248
Trd, 2591824.746, 255
Trd, 2591825.263, 258
Trd, 2591826.263, 259
Trd, 2591826.846, 265
Trd, 2591827.246, 242
Trd, 2591828.379, 243
Trd, 2591830.479, 249
Trd, 2591830.679, 251
Trd, 2591830.879, 252
Trd, 2591831.046, 253
Trd, 2591831.346, 253
Trd, 2591831.946, 261
Trd, 2591832.163, 254
Trd, 2591832.246, 253
Trd, 2591832.829, 253
Trd, 2591833.946, 263
Trd, 2591834.513, 269
Trd, 2591835.213, 251
Trd, 2591836.313, 250
Trd, 2591836.979, 252
Trd, 2591837.263, 251
Trd, 2591837.363, 253
Trd, 2591837.613, 254
Trd, 2591838.496, 251
Trd, 2591839.363, 250
Trd, 2591839.629, 255
Trd, 2591839.829, 249
Trd, 2591842.246, 256
Trd, 2591842.613, 251
Trd, 2591842.979, 246
Trd, 2591843.163, 241
Trd, 2591843.313, 257
Trd, 2591844.996, 241
Trd, 2591845.013, 243
Trd, 2591847.346, 242
Trd, 2591847.863, 248
Trd, 2591847.913, 241
Trd, 2591848.413, 255
Trd, 2591848.763, 257
Trd, 2591848.996, 250
Trd, 2591849.196, 258
Trd, 2591849.213, 248
Trd, 2591851.913, 243
Trd, 2591852.896, 243
Trd, 2591853.279, 241
Trd, 2591853.546, 244
Trd, 2591853.713, 244
Trd, 2591854.646, 243
Trd, 2591854.663, 244
Trd, 2591855.029, 244
Trd, 2591855.113, 244
Trd, 2591855.563, 245
Trd, 2591855.763, 246
Trd, 2591856.163, 237
Trd, 2591856.379, 238
Trd, 2591856.863, 264
Trd, 2591858.046, 241
Trd, 2591858.413, 243
Trd, 2591859.496, 244
Trd, 2591859.696, 241
Trd, 2591859.879, 240
Trd, 2591860.613, 246
Trd, 2591861.196, 236
Trd, 2591862.613, 250
Trd, 2591864.763, 237
Trd, 2591864.813, 242
Trd, 2591864.879, 244
Trd, 2591866.446, 239
Trd, 2591866.596, 237
Trd, 2591866.863, 251
Trd, 2591867.729, 251
Trd, 2591867.963, 245
Trd, 2591868.563, 237
Trd, 2591869.829, 240
Trd, 2591870.096, 241
Trd, 2591870.313, 255
Trd, 2591870.479, 256
Trd, 2591871.346, 246
Trd, 2591871.629, 249
Trd, 2591871.679, 245
Trd, 2591874.563, 244
Trd, 2591874.579, 243
Trd, 2591875.196, 244
Trd, 2591875.479, 246
Trd, 2591876.146, 250
Trd, 2591877.163, 250
Trd, 2591878.596, 255
Trd, 2591878.879, 252
Trd, 2591878.996, 252
Trd, 2591879.179, 257
Trd, 2591880.146, 255
Trd, 2591880.446, 257
Trd, 2591881.879, 258
Trd, 2591881.896, 257
Trd, 2591882.346, 265
Trd, 2591882.646, 250
Trd, 2591882.829, 241
Trd, 2591884.046, 247
Trd, 2591884.746, 243
Trd, 2591884.913, 244
Trd, 2591885.963, 239
Trd, 2591886.379, 250
Trd, 2591887.146, 245
Trd, 2591887.313, 248
Trd, 2591887.513, 243
Trd, 2591887.529, 250
Trd, 2591888.446, 247
Trd, 2591890.213, 247
Trd, 2591890.863, 247
Trd, 2591891.496, 248
Trd, 2591892.029, 251
Trd, 2591892.079, 258
Trd, 2591892.296, 255
Trd, 2591893.496, 252
Trd, 2591893.896, 251
Trd, 2591894.229, 244
Trd, 2591894.763, 256
Trd, 2591895.029, 261
Trd, 2591896.696, 263
Trd, 2591896.979, 248
Trd, 2591897.029, 264
Trd, 2591897.446, 242
Trd, 2591898.079, 244
Trd, 2591898.763, 244
Trd, 2591898.963, 243
Trd, 2591899.129, 244
Trd, 2591900.079, 255
Trd, 2591901.396, 246
Trd, 2591902.163, 254
Trd, 2591902.279, 245
Trd, 2591903.396, 241
Trd, 2591903.763, 240
Trd, 2591903.913, 237
Trd, 2591904.663, 248
Trd, 2591905.713, 249
Trd, 2591905.763, 256
Trd, 2591907.463, 245
Trd, 2591907.563, 243
Trd, 2591908.196, 243
Trd, 2591908.529, 240
Trd, 2591908.846, 242
Trd, 2591909.679, 249
Trd, 2591909.729, 244
Trd, 2591909.896, 251
Trd, 2591910.629, 253
Trd, 2591910.963, 255
Trd, 2591912.179, 254
Trd, 2591912.579, 254
Trd, 2591912.813, 254
Trd, 2591914.413, 253
Trd, 2591914.679, 251
Trd, 2591914.746, 256
Trd, 2591915.213, 245
Trd, 2591917.146, 258
Trd, 2591918.863, 257
Trd, 2591919.863, 255
Trd, 2591920.829, 255
Trd, 2591920.863, 253
Trd, 2591921.513, 265
Trd, 2591921.979, 259
Trd, 2591923.046, 254
Trd, 2591923.363, 253
Trd, 2591923.529, 251
Trd, 2591923.829, 255
Trd, 2591924.329, 246
Trd, 2591924.379, 241
Trd, 2591924.996, 263
Trd, 2591925.413, 242
Trd, 2591925.679, 241
Trd, 2591925.863, 264
Trd, 2591926.263, 264
Trd, 2591927.946, 249
Trd, 2591928.629, 248
Trd, 2591929.096, 255
Trd, 2591929.996, 253
Trd, 2591931.296, 251
Trd, 2591931.479, 251
Trd, 2591931.629, 247
Trd, 2591933.379, 260
Trd, 2591933.496, 259
Trd, 2591933.763, 257
Trd, 2591933.929, 253
Trd, 2591934.596, 248
Trd, 2591935.263, 244
Trd, 2591935.529, 243
Trd, 2591935.546, 259
Trd, 2591936.279, 242
Trd, 2591936.829, 245
Trd, 2591937.263, 241
Trd, 2591938.329, 238
Trd, 2591938.679, 243
Trd, 2591939.163, 244
Trd, 2591940.179, 236
Trd, 2591941.613, 235
Trd, 2591941.913, 243
Trd, 2591942.229, 245
Trd, 2591943.013, 241
Trd, 2591943.663, 241
Trd, 2591944.363, 239
Trd, 2591944.379, 251
Trd, 2591945.096, 247
Trd, 2591946.013, 245
Trd, 2591947.513, 251
Trd, 2591947.563, 250
Trd, 2591947.579, 249
Trd, 2591947.629, 246
Trd, 2591949.213, 246
Trd, 2591949.463, 246
Trd, 2591949.946, 242
Trd, 2591950.946, 246
Trd, 2591951.246, 247
Trd, 2591951.496, 242
Trd, 2591952.063, 251
Trd, 2591952.329, 260
Trd, 2591952.863, 242
Trd, 2591954.196, 242
Trd, 2591954.429, 255
Trd, 2591954.963, 258
Trd, 2591955.896, 264
Trd, 2591957.813, 242
Trd, 2591958.996, 244
Trd, 2591959.579, 253
Trd, 2591960.063, 254
Trd, 2591960.196, 253
Trd, 2591960.363, 255
Trd, 2591960.396, 258
Trd, 2591960.563, 247
Trd, 2591962.446, 249
Trd, 2591963.413, 247
Trd, 2591963.829, 247
Trd, 2591964.046, 238
Trd, 2591964.396, 237
Trd, 2591965.529, 248
Trd, 2591966.179, 249
Trd, 2591966.896, 249
Trd, 2591967.096, 249
Trd, 2591967.229, 248
Trd, 2591968.246, 250
Trd, 2591968.446, 249
Trd, 2591968.529, 243
Trd, 2591968.813, 251
Trd, 2591969.463, 241
Trd, 2591969.563, 231
Trd, 2591969.729, 259
Trd, 2591970.229, 265
Trd, 2591970.929, 253
Trd, 2591973.029, 236
Trd, 2591973.663, 244
Trd, 2591974.479, 242
Trd, 2591974.979, 246
Trd, 2591975.079, 245
Trd, 2591976.313, 247
Trd, 2591976.829, 245
Trd, 2591977.313, 241
Trd, 2591977.529, 237
Trd, 2591977.863, 231
Trd, 2591978.846, 237
Trd, 2591980.613, 240
Trd, 2591981.479, 240
Trd, 2591982.346, 244
Trd, 2591982.529, 244
Trd, 2591983.479, 249
Trd, 2591983.646, 251
Trd, 2591983.896, 258
Trd, 2591984.129, 263
Trd, 2591984.579, 253
Trd, 2591985.346, 258
Trd, 2591985.513, 254
Trd, 2591986.246, 253
Trd, 2591986.613, 252
Trd, 2591986.963, 251
Trd, 2591987.296, 248
Trd, 2591987.779, 249
Trd, 2591988.096, 249
Trd, 2591989.063, 248
Trd, 2591989.579, 241
Trd, 2591989.796, 255
Trd, 2591990.729, 259
Trd, 2591990.846, 260
Trd, 2591993.013, 255
Trd, 2591993.229, 258
Trd, 2591993.779, 262
Trd, 2591994.296, 245
Trd, 2591994.713, 246
Trd, 2591995.363, 253
Trd, 2591996.396, 254
Trd, 2591996.513, 260
Trd, 2591997.096, 260
Trd, 2591997.646, 256
Trd, 2591998.146, 258
Trd, 2591998.463, 261
Trd, 2591998.679, 241
Trd, 2591998.713, 237
