Trd, 2590664.546, 248
Trd, 2590665.329, 244
Trd, 2590665.763, 246
Trd, 2590665.946, 247
Trd, 2590665.963, 249
Trd, 2590666.446, 263
Trd, 2590666.579, 237
Trd, 2590668.213, 240
Trd, 2590669.029, 240
Trd, 2590669.246, 236
Trd, 2590669.729, 235
Trd, 2590671.213, 233
Trd, 2590671.363, 230
Trd, 2590672.496, 227
Trd, 2590672.979, 244
Trd, 2590673.213, 253
Trd, 2590674.013, 259
Trd, 2590675.263, 263
Trd, 2590675.346, 264
Trd, 2590676.613, 263
Trd, 2590677.246, 264
Trd, 2590677.313, 263
Trd, 2590678.679, 259
Trd, 2590679.079, 252
Trd, 2590679.379, 246
Trd, 2590680.813, 245
Trd, 2590681.779, 249
Trd, 2590681.946, 250
Trd, 2590684.379, 243
Trd, 2590684.463, 247
Trd, 2590684.913, 237
Trd, 2590685.363, 236
Trd, 2590686.479, 243
Trd, 2590686.529, 244
Trd, 2590687.029, 247
Trd, 2590687.063, 246
Trd, 2590687.279, 243
Trd, 2590687.696, 241
Trd, 2590689.046, 245
Trd, 2590689.663, 246
Trd, 2590690.929, 248
Trd, 2590690.963, 238
Trd, 2590692.079, 255
Trd, 2590692.296, 250
Trd, 2590692.529, 250
Trd, 2590692.696, 249
Trd, 2590693.613, 244
Trd, 2590696.763, 239
Trd, 2590697.096, 244
Trd, 2590697.896, 253
Trd, 2590698.229, 254
Trd, 2590699.629, 252
Trd, 2590699.913, 250
Trd, 2590699.929, 252
Trd, 2590700.263, 245
Trd, 2590700.429, 232
Trd, 2590700.646, 232
Trd, 2590702.063, 246
Trd, 2590703.213, 245
Trd, 2590703.829, 246
Trd, 2590705.129, 232
Trd, 2590705.746, 248
Trd, 2590705.863, 258
Trd, 2590707.463, 253
Trd, 2590708.363, 243
Trd, 2590708.896, 252
Trd, 2590709.179, 245
Trd, 2590710.079, 243
Trd, 2590711.496, 246
Trd, 2590711.596, 233
Trd, 2590711.946, 247
Trd, 2590712.513, 231
Trd, 2590713.296, 237
Trd, 2590713.329, 229
Trd, 2590714.146, 226
Trd, 2590714.813, 242
Trd, 2590715.696, 243
Trd, 2590716.363, 230
Trd, 2590717.096, 241
Trd, 2590717.146, 220
Trd, 2590717.179, 241
Trd, 2590717.863, 248
Trd, 2590721.013, 254
Trd, 2590721.096, 255
Trd, 2590721.313, 254
Trd, 2590721.596, 256
Trd, 2590722.129, 256
Trd, 2590722.413, 257
Trd, 2590722.546, 249
Trd, 2590723.296, 259
Trd, 2590723.363, 258
Trd, 2590724.279, 265
Trd, 2590724.813, 248
Trd, 2590725.129, 254
Trd, 2590725.529, 260
Trd, 2590725.713, 226
Trd, 2590726.029, 260
Trd, 2590727.246, 259
Trd, 2590727.679, 267
Trd, 2590728.579, 252
Trd, 2590728.946, 251
Trd, 2590730.379, 238
Trd, 2590731.663, 249
Trd, 2590731.729, 252
Trd, 2590732.729, 257
Trd, 2590733.396, 255
Trd, 2590733.429, 264
Trd, 2590733.729, 258
Trd, 2590734.746, 261
Trd, 2590735.463, 244
Trd, 2590735.946, 244
Trd, 2590736.829, 238
Trd, 2590737.179, 244
Trd, 2590738.329, 236
Trd, 2590738.846, 248
Trd, 2590739.096, 264
Trd, 2590739.446, 237
Trd, 2590739.879, 245
Trd, 2590740.713, 236
Trd, 2590741.063, 264
Trd, 2590741.179, 234
Trd, 2590741.296, 234
Trd, 2590744.196, 259
Trd, 2590744.963, 256
Trd, 2590746.113, 250
Trd, 2590748.179, 249
Trd, 2590748.629, 246
Trd, 2590748.679, 247
Trd, 2590748.696, 249
Trd, 2590749.113, 245
Trd, 2590749.479, 253
Trd, 2590750.129, 241
Trd, 2590750.546, 238
Trd, 2590750.629, 236
Trd, 2590752.029, 245
Trd, 2590752.163, 234
Trd, 2590752.496, 246
Trd, 2590753.163, 258
Trd, 2590754.229, 250
Trd, 2590754.379, 249
Trd, 2590755.996, 251
Trd, 2590757.013, 248
Trd, 2590757.963, 248
Trd, 2590758.296, 246
Trd, 2590759.863, 243
Trd, 2590760.179, 244
Trd, 2590760.346, 244
Trd, 2590760.479, 247
Trd, 2590760.596, 244
Trd, 2590761.929, 245
Trd, 2590762.313, 247
Trd, 2590762.329, 240
Trd, 2590763.963, 237
Trd, 2590764.513, 233
Trd, 2590764.679, 229
Trd, 2590765.829, 246
Trd, 2590766.246, 226
Trd, 2590766.463, 217
Trd, 2590767.079, 248
Trd, 2590768.679, 254
Trd, 2590768.846, 256
Trd, 2590769.479, 258
Trd, 2590770.546, 253
Trd, 2590770.763, 252
Trd, 2590771.763, 256
Trd, 2590771.879, 256
Trd, 2590772.279, 255
Trd, 2590772.363, 256
Trd, 2590772.429, 248
Trd, 2590772.746, 262
Trd, 2590773.479, 256
Trd, 2590773.629, 248
Trd, 2590774.179, 248
Trd, 2590774.529, 234
Trd, 2590776.663, 229
Trd, 2590776.896, 241
Trd, 2590777.413, 248
Trd, 2590779.046, 249
Trd, 2590779.479, 249
Trd, 2590780.446, 255
Trd, 2590780.563, 254
Trd, 2590781.113, 258
Trd, 2590783.279, 258
Trd, 2590783.946, 258
Trd, 2590784.513, 260
Trd, 2590784.563, 251
Trd, 2590786.346, 247
Trd, 2590786.629, 253
Trd, 2590786.829, 252
Trd, 2590787.163, 236
Trd, 2590787.629, 239
Trd, 2590788.146, 248
Trd, 2590788.513, 241
Trd, 2590789.313, 247
Trd, 2590789.429, 249
Trd, 2590789.879, 241
Trd, 2590790.313, 240
Trd, 2590791.096, 257
Trd, 2590792.279, 257
Trd, 2590792.313, 256
Trd, 2590793.013, 258
Trd, 2590794.229, 246
Trd, 2590794.446, 257
Trd, 2590796.113, 241
Trd, 2590796.546, 240
Trd, 2590797.313, 248
Trd, 2590797.596, 237
Trd, 2590798.646, 237
Trd, 2590799.213, 236
Trd, 2590800.029, 238
Trd, 2590800.579, 239
Trd, 2590800.963, 241
Trd, 2590801.063, 240
Trd, 2590801.329, 244
Trd, 2590801.996, 238
Trd, 2590802.296, 234
Trd, 2590802.796, 247
Trd, 2590802.846, 231
Trd, 2590802.896, 226
Trd, 2590805.379, 249
Trd, 2590805.796, 248
Trd, 2590807.313, 243
Trd, 2590808.063, 241
Trd, 2590808.729, 242
Trd, 2590810.879, 243
Trd, 2590811.829, 241
Trd, 2590812.496, 246
Trd, 2590813.263, 245
Trd, 2590813.296, 235
Trd, 2590813.913, 247
Trd, 2590814.179, 248
Trd, 2590815.546, 253
Trd, 2590815.663, 258
Trd, 2590816.263, 250
Trd, 2590817.579, 234
Trd, 2590818.713, 250
Trd, 2590819.546, 254
Trd, 2590819.663, 249
Trd, 2590820.179, 253
Trd, 2590820.946, 253
Trd, 2590821.263, 259
Trd, 2590821.579, 250
Trd, 2590822.296, 248
Trd, 2590822.413, 258
Trd, 2590823.763, 257
Trd, 2590823.879, 241
Trd, 2590824.296, 237
Trd, 2590825.463, 252
Trd, 2590827.063, 253
Trd, 2590827.346, 253
Trd, 2590827.563, 253
Trd, 2590827.963, 252
Trd, 2590828.046, 246
Trd, 2590829.046, 250
Trd, 2590829.563, 233
Trd, 2590829.713, 231
Trd, 2590830.846, 253
Trd, 2590832.329, 249
Trd, 2590832.879, 248
Trd, 2590833.863, 252
Trd, 2590834.563, 241
Trd, 2590834.613, 235
Trd, 2590834.846, 233
Trd, 2590835.129, 256
Trd, 2590836.029, 232
Trd, 2590837.179, 254
Trd, 2590837.629, 258
Trd, 2590837.746, 258
Trd, 2590838.246, 262
Trd, 2590838.363, 263
Trd, 2590838.463, 261
Trd, 2590839.029, 264
Trd, 2590840.713, 250
Trd, 2590841.113, 255
Trd, 2590841.896, 257
Trd, 2590842.746, 251
Trd, 2590843.213, 248
Trd, 2590843.629, 234
Trd, 2590845.829, 256
Trd, 2590845.946, 255
Trd, 2590846.313, 248
Trd, 2590847.529, 252
Trd, 2590848.196, 248
Trd, 2590849.896, 246
Trd, 2590850.296, 247
Trd, 2590850.363, 242
Trd, 2590851.696, 247
Trd, 2590853.346, 246
Trd, 2590853.446, 245
Trd, 2590853.729, 238
Trd, 2590854.563, 248
Trd, 2590855.513, 239
Trd, 2590856.846, 242
Trd, 2590857.329, 241
Trd, 2590859.063, 240
Trd, 2590859.079, 239
Trd, 2590859.463, 237
Trd, 2590859.979, 240
Trd, 2590861.063, 240
Trd, 2590861.196, 244
Trd, 2590861.263, 248
Trd, 2590861.696, 257
Trd, 2590861.796, 236
Trd, 2590863.113, 234
Trd, 2590863.629, 247
Trd, 2590864.146, 234
Trd, 2590866.329, 239
Trd, 2590866.396, 243
Trd, 2590868.179, 241
Trd, 2590868.346, 243
Trd, 2590868.463, 248
Trd, 2590869.596, 239
Trd, 2590870.463, 246
Trd, 2590870.663, 245
Trd, 2590871.229, 252
Trd, 2590871.296, 239
Trd, 2590872.296, 249
Trd, 2590872.579, 246
Trd, 2590872.713, 248
Trd, 2590873.646, 249
Trd, 2590874.896, 250
Trd, 2590875.396, 250
Trd, 2590875.563, 240
Trd, 2590875.863, 252
Trd, 2590876.096, 235
Trd, 2590876.229, 241
Trd, 2590878.713, 250
Trd, 2590879.029, 240
Trd, 2590879.296, 250
Trd, 2590881.113, 249
Trd, 2590883.463, 253
Trd, 2590885.113, 253
Trd, 2590885.863, 254
Trd, 2590886.179, 254
Trd, 2590886.229, 253
Trd, 2590886.463, 259
Trd, 2590887.163, 241
Trd, 2590887.429, 237
Trd, 2590887.663, 264
Trd, 2590888.763, 237
Trd, 2590888.946, 232
Trd, 2590889.079, 244
Trd, 2590889.529, 234
Trd, 2590889.729, 242
Trd, 2590889.829, 244
Trd, 2590891.513, 258
Trd, 2590892.113, 251
Trd, 2590892.913, 252
Trd, 2590893.429, 247
Trd, 2590894.979, 250
Trd, 2590895.163, 249
Trd, 2590895.679, 249
Trd, 2590896.513, 236
Trd, 2590897.696, 244
Trd, 2590898.146, 241
Trd, 2590899.563, 235
Trd, 2590900.046, 243
Trd, 2590900.613, 243
Trd, 2590900.963, 240
Trd, 2590901.196, 242
Trd, 2590901.246, 237
Trd, 2590901.563, 235
Trd, 2590902.813, 244
Trd, 2590903.446, 256
Trd, 2590904.013, 251
Trd, 2590904.446, 250
Trd, 2590904.779, 251
Trd, 2590906.079, 241
Trd, 2590906.163, 254
Trd, 2590907.929, 240
Trd, 2590908.363, 239
Trd, 2590909.846, 245
Trd, 2590911.213, 259
Trd, 2590912.196, 249
Trd, 2590913.146, 249
Trd, 2590913.613, 237
Trd, 2590914.396, 237
Trd, 2590914.563, 235
Trd, 2590915.196, 250
Trd, 2590915.829, 251
Trd, 2590916.379, 251
Trd, 2590916.496, 233
Trd, 2590917.013, 234
Trd, 2590918.646, 246
Trd, 2590919.046, 245
Trd, 2590919.446, 245
Trd, 2590919.663, 241
Trd, 2590919.846, 245
Trd, 2590920.313, 237
Trd, 2590920.413, 245
Trd, 2590921.663, 251
Trd, 2590921.713, 250
Trd, 2590921.796, 249
Trd, 2590922.996, 253
Trd, 2590923.429, 247
Trd, 2590924.679, 249
Trd, 2590925.129, 247
Trd, 2590925.263, 241
Trd, 2590927.763, 239
Trd, 2590927.963, 239
Trd, 2590927.996, 240
Trd, 2590928.263, 241
Trd, 2590930.079, 248
Trd, 2590930.796, 238
Trd, 2590931.546, 237
Trd, 2590931.829, 247
Trd, 2590931.863, 231
Trd, 2590932.013, 255
Trd, 2590933.279, 247
Trd, 2590933.463, 241
Trd, 2590935.746, 245
Trd, 2590936.896, 235
Trd, 2590937.446, 235
Trd, 2590938.013, 235
Trd, 2590938.129, 236
Trd, 2590938.479, 237
Trd, 2590939.229, 249
Trd, 2590939.329, 258
Trd, 2590939.396, 251
Trd, 2590941.179, 243
Trd, 2590941.679, 240
Trd, 2590943.079, 240
Trd, 2590943.663, 249
Trd, 2590944.446, 248
Trd, 2590944.513, 249
Trd, 2590945.513, 245
Trd, 2590946.663, 240
Trd, 2590947.379, 243
Trd, 2590947.596, 244
Trd, 2590948.179, 247
Trd, 2590948.229, 258
Trd, 2590950.313, 252
Trd, 2590950.663, 249
Trd, 2590950.779, 251
Trd, 2590951.613, 249
Trd, 2590951.929, 248
Trd, 2590953.363, 240
Trd, 2590953.463, 239
Trd, 2590953.963, 239
Trd, 2590954.146, 236
Trd, 2590955.596, 231
Trd, 2590955.963, 236
Trd, 2590957.313, 236
Trd, 2590957.713, 237
Trd, 2590957.979, 262
Trd, 2590958.163, 237
Trd, 2590958.329, 258
Trd, 2590958.846, 230
Trd, 2590959.196, 265
Trd, 2590959.746, 259
Trd, 2590960.313, 228
Trd, 2590961.413, 228
Trd, 2590961.596, 267
Trd, 2590965.179, 260
Trd, 2590966.179, 251
Trd, 2590967.113, 234
Trd, 2590967.446, 256
Trd, 2590967.829, 257
Trd, 2590968.013, 239
Trd, 2590968.296, 248
Trd, 2590969.213, 251
Trd, 2590969.396, 250
Trd, 2590969.529, 249
Trd, 2590969.596, 248
Trd, 2590971.429, 248
Trd, 2590971.479, 256
Trd, 2590971.763, 243
Trd, 2590972.079, 252
Trd, 2590975.829, 257
Trd, 2590975.979, 254
Trd, 2590975.996, 259
Trd, 2590976.463, 250
Trd, 2590977.163, 251
Trd, 2590978.813, 255
Trd, 2590979.063, 261
Trd, 2590979.729, 256
Trd, 2590979.796, 255
Trd, 2590980.629, 250
Trd, 2590981.979, 254
Trd, 2590982.296, 255
Trd, 2590982.879, 247
Trd, 2590983.413, 241
Trd, 2590983.596, 235
Trd, 2590983.796, 246
Trd, 2590984.063, 234
Trd, 2590987.529, 240
Trd, 2590987.679, 243
Trd, 2590988.396, 243
Trd, 2590988.779, 244
Trd, 2590989.179, 245
Trd, 2590989.629, 243
Trd, 2590989.679, 247
Trd, 2590989.929, 242
Trd, 2590990.479, 248
Trd, 2590990.663, 253
Trd, 2590992.796, 243
Trd, 2590992.913, 255
Trd, 2590993.246, 258
Trd, 2590994.529, 258
Trd, 2590995.063, 259
Trd, 2590995.663, 242
Trd, 2590996.229, 251
Trd, 2590996.663, 242
Trd, 2590997.079, 252
Trd, 2590998.379, 240
Trd, 2590998.896, 237
Trd, 2590999.629, 236
Trd, 2591001.796, 240
Trd, 2591001.963, 241
Trd, 2591002.413, 239
Trd, 2591003.179, 242
Trd, 2591003.263, 231
Trd, 2591003.579, 230
Trd, 2591004.663, 244
Trd, 2591005.079, 248
Trd, 2591005.296, 258
Trd, 2591005.413, 243
Trd, 2591006.429, 261
Trd, 2591008.946, 259
Trd, 2591008.979, 261
Trd, 2591009.796, 265
Trd, 2591010.346, 250
Trd, 2591010.529, 249
Trd, 2591010.663, 248
Trd, 2591011.863, 238
Trd, 2591012.063, 234
Trd, 2591012.363, 235
Trd, 2591015.046, 242
Trd, 2591015.896, 244
Trd, 2591016.346, 243
Trd, 2591016.963, 242
Trd, 2591017.079, 241
Trd, 2591017.913, 245
Trd, 2591018.529, 246
Trd, 2591018.629, 246
Trd, 2591019.146, 241
Trd, 2591019.796, 239
Trd, 2591019.829, 236
Trd, 2591020.213, 248
Trd, 2591021.246, 251
Trd, 2591021.929, 258
Trd, 2591022.513, 258
Trd, 2591022.846, 265
Trd, 2591023.396, 258
Trd, 2591023.546, 245
Trd, 2591026.463, 247
Trd, 2591026.663, 247
Trd, 2591027.513, 248
Trd, 2591027.646, 245
Trd, 2591027.896, 255
Trd, 2591028.246, 236
Trd, 2591029.329, 253
Trd, 2591031.279, 241
Trd, 2591032.229, 237
Trd, 2591032.396, 235
Trd, 2591032.663, 244
Trd, 2591033.063, 232
Trd, 2591034.313, 257
Trd, 2591034.546, 250
Trd, 2591035.213, 242
Trd, 2591035.263, 241
Trd, 2591035.863, 250
Trd, 2591037.696, 251
Trd, 2591038.296, 250
Trd, 2591038.596, 251
Trd, 2591039.263, 251
Trd, 2591039.513, 254
Trd, 2591040.246, 248
Trd, 2591040.596, 255
Trd, 2591040.946, 247
Trd, 2591041.713, 244
Trd, 2591043.196, 256
Trd, 2591043.279, 250
Trd, 2591043.346, 252
Trd, 2591043.513, 250
Trd, 2591044.063, 251
Trd, 2591044.196, 257
Trd, 2591044.513, 256
Trd, 2591044.913, 256
Trd, 2591047.129, 254
Trd, 2591047.279, 256
Trd, 2591047.663, 258
Trd, 2591050.963, 252
Trd, 2591051.313, 253
Trd, 2591051.563, 251
Trd, 2591052.113, 261
Trd, 2591052.563, 253
Trd, 2591053.396, 255
Trd, 2591054.079, 254
Trd, 2591054.846, 245
Trd, 2591055.546, 244
Trd, 2591055.796, 238
Trd, 2591055.913, 236
Trd, 2591056.963, 245
Trd, 2591056.996, 246
Trd, 2591057.563, 247
Trd, 2591057.879, 248
Trd, 2591058.363, 258
Trd, 2591060.029, 241
Trd, 2591061.013, 249
Trd, 2591061.896, 242
Trd, 2591063.346, 235
Trd, 2591064.129, 252
Trd, 2591064.329, 253
Trd, 2591067.413, 245
Trd, 2591067.529, 244
Trd, 2591067.846, 240
Trd, 2591067.979, 237
Trd, 2591068.296, 242
Trd, 2591068.396, 233
Trd, 2591068.579, 245
Trd, 2591068.896, 237
Trd, 2591068.979, 248
Trd, 2591069.479, 258
Trd, 2591071.979, 262
Trd, 2591072.029, 261
Trd, 2591073.263, 261
Trd, 2591073.613, 262
Trd, 2591074.146, 261
Trd, 2591074.229, 257
Trd, 2591075.163, 248
Trd, 2591076.179, 253
Trd, 2591077.246, 252
Trd, 2591078.196, 251
Trd, 2591078.346, 238
Trd, 2591078.396, 252
Trd, 2591078.529, 225
Trd, 2591078.613, 264
Trd, 2591079.179, 256
Trd, 2591080.413, 248
Trd, 2591080.546, 247
Trd, 2591081.646, 237
Trd, 2591083.729, 253
Trd, 2591084.213, 251
Trd, 2591085.479, 248
Trd, 2591085.863, 252
Trd, 2591086.363, 242
Trd, 2591086.629, 241
Trd, 2591087.063, 233
Trd, 2591087.446, 244
Trd, 2591087.813, 234
Trd, 2591088.113, 244
Trd, 2591089.563, 245
Trd, 2591090.229, 238
Trd, 2591091.646, 239
Trd, 2591092.296, 236
Trd, 2591092.329, 241
Trd, 2591093.813, 245
Trd, 2591094.613, 244
Trd, 2591095.829, 244
Trd, 2591095.996, 239
Trd, 2591096.246, 245
Trd, 2591097.046, 248
Trd, 2591097.946, 253
Trd, 2591098.763, 239
Trd, 2591099.213, 238
Trd, 2591099.796, 236
Trd, 2591100.113, 240
Trd, 2591101.363, 251
Trd, 2591101.379, 236
Trd, 2591101.863, 259
Trd, 2591103.046, 245
Trd, 2591104.346, 251
Trd, 2591106.429, 248
Trd, 2591106.879, 245
Trd, 2591107.896, 244
Trd, 2591108.263, 235
Trd, 2591108.279, 235
Trd, 2591108.613, 245
Trd, 2591108.813, 245
Trd, 2591108.829, 247
Trd, 2591109.279, 260
Trd, 2591110.913, 258
Trd, 2591111.629, 256
Trd, 2591111.996, 256
Trd, 2591112.013, 265
Trd, 2591112.079, 253
Trd, 2591112.296, 233
Trd, 2591113.546, 231
Trd, 2591113.879, 257
Trd, 2591114.379, 223
Trd, 2591114.513, 257
Trd, 2591114.679, 217
Trd, 2591116.379, 256
Trd, 2591116.413, 257
Trd, 2591117.479, 253
Trd, 2591118.013, 251
Trd, 2591118.296, 240
Trd, 2591118.896, 258
Trd, 2591120.046, 258
Trd, 2591121.629, 256
Trd, 2591121.863, 262
Trd, 2591122.513, 260
Trd, 2591122.763, 262
Trd, 2591123.429, 264
Trd, 2591123.546, 265
Trd, 2591124.079, 266
Trd, 2591125.363, 268
Trd, 2591125.596, 265
Trd, 2591126.096, 266
Trd, 2591126.496, 245
Trd, 2591127.096, 244
Trd, 2591127.546, 250
Trd, 2591127.729, 251
Trd, 2591129.896, 243
Trd, 2591130.913, 241
Trd, 2591131.196, 239
Trd, 2591131.646, 240
Trd, 2591132.613, 240
Trd, 2591132.679, 265
Trd, 2591133.779, 241
Trd, 2591133.796, 228
Trd, 2591133.813, 226
Trd, 2591134.379, 264
Trd, 2591134.496, 239
Trd, 2591135.346, 236
Trd, 2591136.113, 238
Trd, 2591137.013, 254
Trd, 2591137.879, 251
Trd, 2591138.746, 251
Trd, 2591139.729, 252
Trd, 2591140.279, 254
Trd, 2591140.863, 255
Trd, 2591142.063, 255
Trd, 2591142.663, 262
Trd, 2591143.679, 249
Trd, 2591144.396, 254
Trd, 2591144.813, 240
Trd, 2591145.263, 234
Trd, 2591147.229, 240
Trd, 2591147.579, 219
Trd, 2591147.596, 241
Trd, 2591148.946, 239
Trd, 2591149.513, 239
Trd, 2591149.596, 238
Trd, 2591149.713, 235
Trd, 2591149.813, 241
Trd, 2591150.063, 231
Trd, 2591151.679, 244
Trd, 2591153.513, 240
Trd, 2591154.446, 239
Trd, 2591154.879, 241
Trd, 2591154.913, 248
Trd, 2591156.996, 246
Trd, 2591157.513, 258
Trd, 2591158.079, 265
Trd, 2591158.113, 245
Trd, 2591159.613, 247
Trd, 2591159.946, 240
Trd, 2591160.679, 256
Trd, 2591161.496, 239
Trd, 2591162.263, 249
Trd, 2591163.513, 235
Trd, 2591163.563, 231
Trd, 2591163.596, 235
Trd, 2591164.496, 247
Trd, 2591165.413, 245
Trd, 2591166.146, 247
Trd, 2591166.546, 247
Trd, 2591167.229, 247
Trd, 2591167.596, 248
Trd, 2591167.963, 243
Trd, 2591168.146, 239
Trd, 2591168.279, 237
Trd, 2591169.963, 258
Trd, 2591170.146, 259
Trd, 2591170.296, 234
Trd, 2591170.413, 230
Trd, 2591171.146, 226
Trd, 2591173.479, 244
Trd, 2591174.163, 247
Trd, 2591174.613, 245
Trd, 2591176.179, 246
Trd, 2591176.429, 221
Trd, 2591176.796, 229
Trd, 2591178.029, 249
Trd, 2591178.313, 249
Trd, 2591179.296, 249
Trd, 2591180.213, 249
Trd, 2591180.646, 253
Trd, 2591181.396, 257
Trd, 2591181.829, 256
Trd, 2591182.146, 255
Trd, 2591182.263, 257
Trd, 2591182.879, 258
Trd, 2591183.313, 264
Trd, 2591183.696, 249
Trd, 2591184.613, 249
Trd, 2591185.313, 261
Trd, 2591186.196, 251
Trd, 2591186.646, 252
Trd, 2591186.763, 264
Trd, 2591188.213, 245
Trd, 2591188.663, 249
Trd, 2591188.829, 237
Trd, 2591188.863, 231
Trd, 2591189.196, 250
Trd, 2591190.729, 239
Trd, 2591192.013, 267
Trd, 2591192.279, 258
Trd, 2591193.796, 261
Trd, 2591193.946, 253
Trd, 2591194.196, 267
Trd, 2591194.313, 271
Trd, 2591195.379, 250
Trd, 2591195.629, 268
Trd, 2591195.863, 241
Trd, 2591196.213, 267
Trd, 2591196.796, 247
Trd, 2591199.196, 249
Trd, 2591199.296, 237
Trd, 2591199.996, 237
Trd, 2591201.696, 240
Trd, 2591202.429, 240
Trd, 2591202.863, 243
Trd, 2591203.663, 242
Trd, 2591204.663, 243
Trd, 2591204.696, 244
Trd, 2591205.213, 237
Trd, 2591205.463, 248
Trd, 2591205.746, 259
Trd, 2591205.946, 258
Trd, 2591206.846, 248
Trd, 2591207.229, 236
Trd, 2591207.613, 251
Trd, 2591208.963, 258
Trd, 2591210.746, 246
Trd, 2591210.929, 254
Trd, 2591211.679, 246
Trd, 2591213.613, 241
Trd, 2591214.413, 243
Trd, 2591214.579, 244
Trd, 2591216.563, 247
Trd, 2591217.046, 247
Trd, 2591217.146, 246
Trd, 2591217.446, 240
Trd, 2591217.679, 250
Trd, 2591217.763, 240
Trd, 2591219.413, 246
Trd, 2591219.563, 244
Trd, 2591220.763, 246
Trd, 2591221.329, 236
Trd, 2591221.613, 246
Trd, 2591222.479, 236
Trd, 2591224.013, 240
Trd, 2591224.179, 240
Trd, 2591224.796, 243
Trd, 2591225.479, 244
Trd, 2591225.679, 243
Trd, 2591227.846, 250
Trd, 2591228.496, 251
Trd, 2591228.946, 250
Trd, 2591229.413, 248
Trd, 2591229.596, 239
Trd, 2591229.896, 236
Trd, 2591230.779, 250
Trd, 2591231.096, 254
Trd, 2591231.346, 257
Trd, 2591232.263, 243
Trd, 2591233.513, 251
Trd, 2591233.763, 245
Trd, 2591234.029, 241
Trd, 2591234.579, 232
Trd, 2591235.113, 255
Trd, 2591235.646, 237
Trd, 2591235.829, 233
Trd, 2591236.179, 253
Trd, 2591237.096, 243
Trd, 2591239.446, 250
Trd, 2591239.596, 253
Trd, 2591240.613, 253
Trd, 2591241.629, 251
Trd, 2591242.313, 247
Trd, 2591242.463, 246
Trd, 2591242.829, 257
Trd, 2591243.613, 242
Trd, 2591245.496, 262
Trd, 2591246.629, 253
Trd, 2591247.529, 252
Trd, 2591247.879, 250
Trd, 2591248.013, 249
Trd, 2591248.296, 241
Trd, 2591248.596, 236
Trd, 2591248.713, 250
Trd, 2591250.079, 236
Trd, 2591250.613, 235
Trd, 2591251.129, 241
Trd, 2591251.896, 244
Trd, 2591252.913, 255
Trd, 2591254.279, 247
Trd, 2591255.113, 247
Trd, 2591255.479, 246
Trd, 2591255.963, 233
Trd, 2591256.079, 247
Trd, 2591256.413, 231
Trd, 2591257.346, 246
Trd, 2591258.213, 244
Trd, 2591258.746, 236
Trd, 2591258.913, 244
Trd, 2591260.729, 242
Trd, 2591262.213, 248
Trd, 2591263.179, 259
Trd, 2591263.879, 254
Trd, 2591264.629, 255
Trd, 2591264.896, 255
Trd, 2591265.746, 256
Trd, 2591266.229, 251
Trd, 2591266.463, 257
Trd, 2591266.663, 251
Trd, 2591267.313, 258
Trd, 2591267.379, 239
Trd, 2591267.496, 258
Trd, 2591268.663, 264
Trd, 2591269.546, 247
Trd, 2591270.063, 246
Trd, 2591270.163, 245
Trd, 2591270.779, 257
Trd, 2591271.979, 258
Trd, 2591273.213, 240
Trd, 2591273.446, 258
Trd, 2591273.813, 231
Trd, 2591274.313, 237
Trd, 2591274.896, 226
Trd, 2591275.563, 258
Trd, 2591277.746, 251
Trd, 2591277.996, 240
Trd, 2591278.113, 252
Trd, 2591279.546, 248
Trd, 2591280.796, 245
Trd, 2591281.163, 245
Trd, 2591281.629, 245
Trd, 2591281.846, 247
Trd, 2591282.079, 248
Trd, 2591282.546, 247
Trd, 2591282.646, 258
Trd, 2591284.013, 261
Trd, 2591284.446, 248
Trd, 2591284.896, 249
Trd, 2591285.829, 238
Trd, 2591287.029, 242
Trd, 2591287.796, 246
Trd, 2591288.063, 248
Trd, 2591289.046, 244
Trd, 2591289.246, 243
Trd, 2591289.696, 242
Trd, 2591290.546, 244
Trd, 2591290.629, 238
Trd, 2591290.813, 236
Trd, 2591291.196, 245
Trd, 2591291.963, 248
Trd, 2591292.513, 265
Trd, 2591292.663, 252
Trd, 2591292.929, 250
Trd, 2591293.913, 249
Trd, 2591295.013, 247
Trd, 2591296.113, 253
Trd, 2591296.213, 253
Trd, 2591299.246, 247
Trd, 2591299.629, 236
Trd, 2591299.696, 248
Trd, 2591300.329, 233
Trd, 2591300.463, 247
Trd, 2591301.629, 252
Trd, 2591301.996, 237
Trd, 2591302.029, 234
Trd, 2591305.146, 244
Trd, 2591306.029, 246
Trd, 2591306.429, 246
Trd, 2591306.596, 246
Trd, 2591307.379, 246
Trd, 2591307.813, 253
Trd, 2591307.896, 244
Trd, 2591308.329, 254
Trd, 2591309.579, 251
Trd, 2591309.746, 259
Trd, 2591310.096, 249
Trd, 2591310.629, 243
Trd, 2591310.646, 235
Trd, 2591311.729, 251
Trd, 2591313.563, 240
Trd, 2591313.679, 237
Trd, 2591314.046, 248
Trd, 2591314.396, 233
Trd, 2591314.529, 245
Trd, 2591314.613, 246
Trd, 2591314.946, 249
Trd, 2591316.396, 244
Trd, 2591316.996, 230
Trd, 2591317.196, 232
Trd, 2591317.546, 242
Trd, 2591318.613, 242
Trd, 2591319.046, 242
Trd, 2591319.729, 244
Trd, 2591321.196, 243
Trd, 2591323.546, 244
Trd, 2591323.629, 243
Trd, 2591324.596, 238
Trd, 2591325.313, 241
Trd, 2591326.663, 234
Trd, 2591327.696, 246
Trd, 2591327.929, 250
Trd, 2591330.429, 239
Trd, 2591331.029, 253
Trd, 2591331.279, 255
Trd, 2591331.296, 257
Trd, 2591333.146, 258
Trd, 2591333.296, 253
Trd, 2591333.346, 252
Trd, 2591333.846, 257
Trd, 2591333.896, 252
Trd, 2591334.279, 248
Trd, 2591334.746, 248
Trd, 2591335.279, 251
Trd, 2591335.413, 254
Trd, 2591335.563, 245
Trd, 2591336.263, 249
Trd, 2591336.663, 246
Trd, 2591337.029, 251
Trd, 2591338.563, 244
Trd, 2591339.879, 240
Trd, 2591340.329, 241
Trd, 2591341.413, 237
Trd, 2591342.463, 239
Trd, 2591342.779, 244
Trd, 2591342.946, 244
Trd, 2591343.929, 256
Trd, 2591344.296, 258
Trd, 2591344.429, 244
Trd, 2591345.129, 264
Trd, 2591345.963, 251
Trd, 2591347.296, 248
Trd, 2591347.513, 261
Trd, 2591349.596, 250
Trd, 2591350.996, 249
Trd, 2591351.129, 248
Trd, 2591352.329, 245
Trd, 2591352.379, 246
Trd, 2591352.513, 241
Trd, 2591354.146, 245
Trd, 2591354.263, 251
Trd, 2591354.996, 236
Trd, 2591356.246, 259
Trd, 2591356.679, 259
Trd, 2591356.879, 243
Trd, 2591357.096, 260
Trd, 2591357.696, 246
Trd, 2591360.179, 253
Trd, 2591360.346, 250
Trd, 2591360.563, 252
Trd, 2591360.879, 249
Trd, 2591361.529, 245
Trd, 2591361.813, 246
Trd, 2591361.913, 248
Trd, 2591362.546, 240
Trd, 2591363.796, 247
Trd, 2591364.563, 248
Trd, 2591364.896, 255
Trd, 2591366.146, 250
Trd, 2591367.396, 251
Trd, 2591367.513, 251
Trd, 2591367.929, 249
Trd, 2591369.179, 250
Trd, 2591370.713, 252
Trd, 2591370.929, 253
Trd, 2591371.513, 251
Trd, 2591371.713, 250
Trd, 2591372.463, 251
Trd, 2591372.779, 248
Trd, 2591372.963, 255
Trd, 2591374.229, 248
Trd, 2591374.313, 239
Trd, 2591374.663, 250
Trd, 2591375.929, 242
Trd, 2591375.996, 241
Trd, 2591376.713, 250
Trd, 2591377.479, 259
Trd, 2591377.979, 255
Trd, 2591378.779, 253
Trd, 2591379.063, 256
Trd, 2591379.079, 252
Trd, 2591379.229, 249
Trd, 2591379.429, 262
Trd, 2591383.496, 258
Trd, 2591385.996, 246
Trd, 2591386.229, 246
Trd, 2591386.329, 245
Trd, 2591386.346, 248
Trd, 2591387.346, 252
Trd, 2591387.446, 251
Trd, 2591387.663, 241
Trd, 2591388.896, 254
Trd, 2591388.929, 255
Trd, 2591389.363, 255
Trd, 2591389.579, 239
Trd, 2591390.829, 249
Trd, 2591391.596, 235
Trd, 2591393.696, 248
Trd, 2591394.529, 242
Trd, 2591394.579, 247
Trd, 2591396.629, 254
Trd, 2591396.996, 254
Trd, 2591397.813, 253
Trd, 2591398.029, 254
Trd, 2591398.246, 252
Trd, 2591398.429, 255
Trd, 2591398.579, 250
Trd, 2591398.613, 256
Trd, 2591400.329, 248
Trd, 2591401.046, 240
Trd, 2591403.313, 234
Trd, 2591404.046, 240
Trd, 2591404.379, 241
Trd, 2591404.746, 244
Trd, 2591405.613, 245
Trd, 2591406.979, 251
Trd, 2591407.913, 255
Trd, 2591408.196, 253
Trd, 2591408.846, 255
Trd, 2591409.229, 251
Trd, 2591409.529, 255
Trd, 2591409.763, 248
Trd, 2591410.646, 246
Trd, 2591410.979, 241
Trd, 2591412.163, 250
Trd, 2591412.546, 243
Trd, 2591413.113, 249
Trd, 2591413.346, 243
Trd, 2591413.979, 258
Trd, 2591415.129, 243
Trd, 2591416.979, 247
Trd, 2591417.446, 248
Trd, 2591417.746, 247
Trd, 2591418.413, 248
Trd, 2591418.479, 246
Trd, 2591419.263, 245
Trd, 2591420.013, 242
Trd, 2591421.396, 231
Trd, 2591422.863, 255
Trd, 2591423.663, 256
Trd, 2591423.879, 242
Trd, 2591424.046, 262
Trd, 2591424.263, 264
Trd, 2591424.996, 244
Trd, 2591426.563, 248
Trd, 2591426.929, 247
Trd, 2591426.946, 255
Trd, 2591427.329, 245
Trd, 2591428.479, 248
Trd, 2591429.879, 241
Trd, 2591429.979, 244
Trd, 2591430.296, 234
Trd, 2591430.663, 242
Trd, 2591430.896, 235
Trd, 2591431.646, 231
Trd, 2591433.179, 238
Trd, 2591433.346, 237
Trd, 2591433.696, 244
Trd, 2591435.446, 263
Trd, 2591435.546, 265
Trd, 2591435.796, 268
Trd, 2591436.563, 251
Trd, 2591438.196, 249
Trd, 2591438.246, 247
Trd, 2591438.796, 248
Trd, 2591440.546, 241
Trd, 2591441.079, 240
Trd, 2591441.429, 239
Trd, 2591441.463, 237
Trd, 2591441.913, 234
Trd, 2591441.979, 241
Trd, 2591442.679, 242
Trd, 2591442.763, 231
Trd, 2591442.796, 243
Trd, 2591443.696, 244
Trd, 2591444.296, 252
Trd, 2591444.663, 244
Trd, 2591444.963, 246
Trd, 2591446.329, 253
Trd, 2591446.946, 269
Trd, 2591447.896, 266
Trd, 2591448.763, 257
Trd, 2591449.563, 258
Trd, 2591449.879, 259
Trd, 2591450.679, 250
Trd, 2591451.046, 260
Trd, 2591451.279, 249
Trd, 2591452.929, 256
Trd, 2591452.963, 251
Trd, 2591453.363, 255
Trd, 2591453.929, 257
Trd, 2591455.163, 252
Trd, 2591455.446, 254
Trd, 2591456.529, 249
Trd, 2591457.963, 245
Trd, 2591459.063, 243
Trd, 2591459.613, 243
Trd, 2591460.046, 244
Trd, 2591460.096, 241
Trd, 2591460.213, 239
Trd, 2591460.713, 237
Trd, 2591462.279, 238
Trd, 2591462.329, 234
Trd, 2591462.579, 238
Trd, 2591463.496, 243
Trd, 2591463.513, 241
Trd, 2591463.679, 244
Trd, 2591465.429, 248
Trd, 2591466.113, 253
Trd, 2591467.046, 244
Trd, 2591468.346, 244
Trd, 2591469.329, 249
Trd, 2591469.729, 248
Trd, 2591470.063, 248
Trd, 2591470.179, 247
Trd, 2591470.796, 244
Trd, 2591471.196, 233
Trd, 2591472.029, 241
Trd, 2591472.313, 257
Trd, 2591473.263, 234
Trd, 2591473.979, 251
Trd, 2591474.163, 250
Trd, 2591474.196, 258
Trd, 2591474.429, 259
Trd, 2591474.513, 257
Trd, 2591475.946, 244
Trd, 2591477.363, 246
Trd, 2591477.796, 246
Trd, 2591478.463, 247
Trd, 2591478.729, 248
Trd, 2591479.163, 257
Trd, 2591479.196, 249
Trd, 2591480.346, 244
Trd, 2591480.829, 257
Trd, 2591481.796, 247
Trd, 2591482.496, 240
Trd, 2591483.263, 256
Trd, 2591483.479, 252
Trd, 2591483.879, 238
Trd, 2591483.929, 237
Trd, 2591485.713, 234
Trd, 2591486.679, 249
Trd, 2591487.379, 248
Trd, 2591488.196, 250
Trd, 2591488.946, 250
Trd, 2591490.379, 249
Trd, 2591491.196, 248
Trd, 2591491.996, 250
Trd, 2591492.179, 251
Trd, 2591492.513, 249
Trd, 2591492.963, 250
Trd, 2591493.063, 239
Trd, 2591494.279, 228
Trd, 2591494.296, 257
Trd, 2591494.346, 259
Trd, 2591495.513, 262
Trd, 2591495.929, 232
Trd, 2591496.346, 228
Trd, 2591496.779, 264
Trd, 2591497.463, 238
Trd, 2591498.096, 265
Trd, 2591499.413, 238
Trd, 2591501.179, 255
Trd, 2591501.546, 256
Trd, 2591501.663, 254
Trd, 2591502.713, 249
Trd, 2591502.913, 248
Trd, 2591503.346, 250
Trd, 2591503.879, 251
Trd, 2591504.396, 242
Trd, 2591504.696, 241
Trd, 2591505.613, 251
Trd, 2591506.213, 250
Trd, 2591506.696, 249
Trd, 2591507.163, 248
Trd, 2591508.079, 249
Trd, 2591509.163, 237
Trd, 2591510.963, 229
Trd, 2591511.563, 256
Trd, 2591511.913, 257
Trd, 2591513.929, 239
Trd, 2591514.829, 239
Trd, 2591515.746, 242
Trd, 2591516.696, 243
Trd, 2591516.879, 242
Trd, 2591517.196, 244
Trd, 2591517.829, 249
Trd, 2591518.063, 237
Trd, 2591518.379, 257
Trd, 2591518.713, 249
Trd, 2591521.213, 248
Trd, 2591521.846, 238
Trd, 2591523.379, 245
Trd, 2591523.629, 244
Trd, 2591523.746, 244
Trd, 2591524.313, 235
Trd, 2591525.079, 243
Trd, 2591525.363, 244
Trd, 2591526.513, 248
Trd, 2591527.579, 247
Trd, 2591528.346, 245
Trd, 2591528.479, 247
Trd, 2591529.979, 260
Trd, 2591531.079, 253
Trd, 2591531.263, 248
Trd, 2591531.813, 253
Trd, 2591532.129, 247
Trd, 2591533.313, 243
Trd, 2591533.363, 242
Trd, 2591533.529, 250
Trd, 2591535.163, 251
Trd, 2591535.996, 252
Trd, 2591536.446, 253
Trd, 2591536.479, 259
Trd, 2591536.629, 251
Trd, 2591537.713, 247
Trd, 2591537.846, 239
Trd, 2591537.979, 235
Trd, 2591539.963, 245
Trd, 2591541.196, 249
Trd, 2591542.679, 236
Trd, 2591543.196, 243
Trd, 2591543.379, 244
Trd, 2591543.696, 231
Trd, 2591544.379, 245
Trd, 2591545.196, 242
Trd, 2591545.246, 243
Trd, 2591545.746, 229
Trd, 2591546.263, 224
Trd, 2591546.296, 221
Trd, 2591546.429, 218
Trd, 2591547.463, 213
Trd, 2591547.896, 225
Trd, 2591549.863, 242
Trd, 2591550.213, 244
Trd, 2591550.463, 248
Trd, 2591551.796, 249
Trd, 2591552.479, 257
Trd, 2591553.896, 253
Trd, 2591554.396, 254
Trd, 2591555.996, 257
Trd, 2591556.696, 258
Trd, 2591557.163, 257
Trd, 2591558.229, 258
Trd, 2591558.329, 256
Trd, 2591558.796, 251
Trd, 2591559.696, 258
Trd, 2591560.113, 244
Trd, 2591560.629, 256
Trd, 2591561.229, 255
Trd, 2591561.763, 248
Trd, 2591561.779, 247
Trd, 2591562.346, 254
Trd, 2591562.729, 237
Trd, 2591563.729, 247
Trd, 2591564.946, 233
Trd, 2591566.646, 244
Trd, 2591566.763, 244
Trd, 2591566.813, 259
Trd, 2591566.896, 241
Trd, 2591567.829, 240
Trd, 2591569.163, 250
Trd, 2591569.379, 260
Trd, 2591569.546, 245
Trd, 2591569.829, 236
Trd, 2591570.679, 255
Trd, 2591571.696, 255
Trd, 2591572.679, 255
Trd, 2591572.846, 237
Trd, 2591573.313, 237
Trd, 2591574.246, 250
Trd, 2591574.879, 244
Trd, 2591575.429, 248
Trd, 2591575.479, 249
Trd, 2591577.163, 249
Trd, 2591577.246, 246
Trd, 2591577.313, 237
Trd, 2591578.263, 240
Trd, 2591579.196, 252
Trd, 2591579.296, 253
Trd, 2591580.779, 256
Trd, 2591580.879, 253
Trd, 2591581.879, 261
Trd, 2591583.063, 256
Trd, 2591583.846, 255
Trd, 2591584.929, 251
Trd, 2591585.163, 251
Trd, 2591585.396, 243
Trd, 2591585.563, 234
Trd, 2591587.046, 246
Trd, 2591587.329, 248
Trd, 2591587.463, 233
Trd, 2591587.663, 249
Trd, 2591588.213, 231
Trd, 2591588.429, 249
Trd, 2591590.813, 250
Trd, 2591591.813, 248
Trd, 2591591.946, 249
Trd, 2591592.896, 255
Trd, 2591593.479, 251
Trd, 2591594.296, 252
Trd, 2591595.396, 253
Trd, 2591596.213, 249
Trd, 2591596.813, 249
Trd, 2591597.079, 250
Trd, 2591597.379, 249
Trd, 2591597.513, 248
Trd, 2591597.613, 250
Trd, 2591597.879, 246
Trd, 2591598.579, 241
Trd, 2591599.863, 256
Trd, 2591600.279, 257
Trd, 2591600.929, 258
Trd, 2591601.979, 238
Trd, 2591603.996, 253
Trd, 2591604.563, 253
Trd, 2591605.596, 256
Trd, 2591605.813, 251
Trd, 2591606.096, 245
Trd, 2591608.146, 258
Trd, 2591608.613, 236
Trd, 2591609.329, 261
Trd, 2591609.529, 263
Trd, 2591610.763, 261
Trd, 2591611.413, 273
Trd, 2591611.446, 260
Trd, 2591611.529, 257
Trd, 2591612.046, 245
Trd, 2591612.063, 241
Trd, 2591615.179, 241
Trd, 2591615.829, 239
Trd, 2591616.346, 240
Trd, 2591616.829, 240
Trd, 2591617.696, 231
Trd, 2591618.313, 228
Trd, 2591619.046, 240
Trd, 2591619.796, 236
Trd, 2591619.829, 240
Trd, 2591619.913, 228
Trd, 2591620.046, 224
Trd, 2591621.313, 244
Trd, 2591622.279, 248
Trd, 2591623.429, 259
Trd, 2591623.446, 249
Trd, 2591623.613, 260
Trd, 2591624.796, 255
Trd, 2591626.063, 263
Trd, 2591626.329, 264
Trd, 2591626.879, 258
Trd, 2591627.713, 260
Trd, 2591628.913, 262
Trd, 2591629.013, 261
Trd, 2591629.263, 259
Trd, 2591629.729, 261
Trd, 2591630.596, 253
Trd, 2591631.429, 250
Trd, 2591631.446, 247
Trd, 2591631.829, 242
Trd, 2591632.879, 247
Trd, 2591633.063, 240
Trd, 2591633.529, 245
Trd, 2591633.563, 246
Trd, 2591633.896, 246
Trd, 2591634.246, 233
Trd, 2591635.879, 236
Trd, 2591637.029, 241
Trd, 2591637.096, 240
Trd, 2591637.279, 243
Trd, 2591638.129, 240
Trd, 2591638.596, 240
Trd, 2591638.879, 241
Trd, 2591638.896, 243
Trd, 2591639.596, 244
Trd, 2591640.379, 248
Trd, 2591641.779, 253
Trd, 2591642.146, 246
Trd, 2591642.746, 243
Trd, 2591643.229, 239
Trd, 2591644.896, 255
Trd, 2591645.079, 251
Trd, 2591645.346, 250
Trd, 2591646.929, 254
Trd, 2591647.529, 253
Trd, 2591648.229, 252
Trd, 2591648.313, 245
Trd, 2591648.513, 251
Trd, 2591650.746, 247
Trd, 2591650.929, 237
Trd, 2591651.546, 243
Trd, 2591651.763, 244
Trd, 2591651.846, 239
Trd, 2591653.363, 241
Trd, 2591654.079, 240
Trd, 2591654.929, 243
Trd, 2591655.313, 257
Trd, 2591656.046, 258
Trd, 2591656.346, 262
Trd, 2591656.946, 256
Trd, 2591657.579, 258
Trd, 2591657.846, 257
Trd, 2591658.013, 256
Trd, 2591659.179, 250
Trd, 2591660.413, 248
Trd, 2591661.896, 245
Trd, 2591662.696, 246
Trd, 2591663.279, 245
Trd, 2591663.513, 237
Trd, 2591664.213, 245
Trd, 2591664.879, 245
Trd, 2591665.146, 263
Trd, 2591665.163, 242
Trd, 2591666.863, 257
Trd, 2591668.029, 257
Trd, 2591668.146, 258
Trd, 2591669.863, 251
Trd, 2591670.013, 251
Trd, 2591670.379, 254
Trd, 2591670.579, 259
Trd, 2591670.729, 247
Trd, 2591671.313, 244
Trd, 2591672.263, 246
Trd, 2591673.079, 241
Trd, 2591673.496, 234
Trd, 2591674.229, 256
Trd, 2591676.363, 233
Trd, 2591677.079, 251
Trd, 2591677.313, 251
Trd, 2591677.529, 252
Trd, 2591678.013, 251
Trd, 2591680.413, 254
Trd, 2591680.546, 250
Trd, 2591681.346, 253
Trd, 2591681.546, 249
Trd, 2591682.546, 248
Trd, 2591682.646, 236
Trd, 2591684.396, 249
Trd, 2591684.429, 251
Trd, 2591684.946, 251
Trd, 2591685.396, 243
Trd, 2591685.563, 257
Trd, 2591685.596, 241
Trd, 2591686.146, 256
Trd, 2591688.146, 253
Trd, 2591688.729, 236
Trd, 2591689.763, 254
Trd, 2591689.813, 240
Trd, 2591690.229, 239
Trd, 2591690.429, 233
Trd, 2591690.579, 255
Trd, 2591691.346, 231
Trd, 2591692.896, 255
Trd, 2591694.013, 251
Trd, 2591694.746, 250
Trd, 2591695.146, 253
Trd, 2591695.163, 254
Trd, 2591696.279, 245
Trd, 2591697.246, 254
Trd, 2591697.696, 252
Trd, 2591698.363, 254
Trd, 2591698.729, 255
Trd, 2591699.146, 254
Trd, 2591699.313, 250
Trd, 2591701.329, 251
Trd, 2591701.729, 258
Trd, 2591704.363, 249
Trd, 2591704.763, 249
Trd, 2591704.863, 248
Trd, 2591705.046, 249
Trd, 2591705.979, 250
Trd, 2591706.796, 247
Trd, 2591708.063, 252
Trd, 2591708.096, 251
Trd, 2591709.196, 252
Trd, 2591709.429, 253
Trd, 2591709.496, 251
Trd, 2591710.579, 250
Trd, 2591711.629, 253
Trd, 2591711.796, 251
Trd, 2591712.563, 250
Trd, 2591712.929, 248
Trd, 2591713.013, 247
Trd, 2591713.129, 249
Trd, 2591713.996, 240
Trd, 2591714.729, 242
Trd, 2591715.813, 251
Trd, 2591716.979, 242
Trd, 2591718.079, 247
Trd, 2591719.263, 247
Trd, 2591719.679, 238
Trd, 2591720.146, 238
Trd, 2591720.513, 242
Trd, 2591720.646, 243
Trd, 2591721.679, 244
Trd, 2591722.563, 260
Trd, 2591722.813, 240
Trd, 2591722.896, 265
Trd, 2591723.596, 240
Trd, 2591724.529, 247
Trd, 2591725.529, 254
Trd, 2591726.296, 261
Trd, 2591726.329, 256
Trd, 2591727.396, 260
Trd, 2591727.779, 258
Trd, 2591729.646, 248
Trd, 2591731.279, 254
Trd, 2591731.779, 253
Trd, 2591732.713, 252
Trd, 2591732.963, 254
Trd, 2591733.629, 254
Trd, 2591733.863, 253
Trd, 2591734.079, 253
Trd, 2591735.113, 246
Trd, 2591735.929, 253
Trd, 2591737.413, 241
Trd, 2591738.246, 255
Trd, 2591738.279, 244
Trd, 2591738.829, 242
Trd, 2591739.279, 239
Trd, 2591739.713, 254
Trd, 2591741.363, 246
Trd, 2591741.513, 247
Trd, 2591741.929, 246
Trd, 2591743.596, 242
Trd, 2591743.946, 245
Trd, 2591744.646, 244
Trd, 2591744.796, 248
Trd, 2591745.163, 265
Trd, 2591746.263, 248
Trd, 2591747.763, 255
Trd, 2591749.196, 249
Trd, 2591749.363, 260
Trd, 2591749.396, 248
Trd, 2591750.013, 259
Trd, 2591750.563, 258
Trd, 2591750.763, 236
Trd, 2591750.996, 234
Trd, 2591751.879, 249
Trd, 2591752.113, 238
Trd, 2591752.913, 248
Trd, 2591753.546, 248
Trd, 2591754.196, 249
Trd, 2591754.813, 251
Trd, 2591756.046, 243
Trd, 2591756.579, 236
Trd, 2591759.563, 253
Trd, 2591759.629, 254
Trd, 2591760.413, 253
Trd, 2591760.513, 246
Trd, 2591760.563, 229
Trd, 2591760.846, 226
Trd, 2591762.129, 241
Trd, 2591762.479, 240
Trd, 2591762.713, 246
Trd, 2591763.063, 246
Trd, 2591763.446, 247
Trd, 2591763.596, 249
Trd, 2591764.496, 241
Trd, 2591765.229, 236
Trd, 2591766.163, 258
Trd, 2591766.713, 264
Trd, 2591767.163, 249
Trd, 2591767.379, 253
Trd, 2591767.746, 247
Trd, 2591768.213, 236
Trd, 2591768.563, 241
Trd, 2591768.729, 224
Trd, 2591769.396, 256
Trd, 2591772.096, 234
Trd, 2591772.813, 234
Trd, 2591774.513, 240
Trd, 2591774.596, 238
Trd, 2591774.729, 240
Trd, 2591775.296, 241
Trd, 2591775.396, 233
Trd, 2591775.563, 248
Trd, 2591776.679, 249
Trd, 2591777.513, 249
Trd, 2591778.396, 255
Trd, 2591778.896, 259
Trd, 2591779.996, 258
Trd, 2591780.163, 257
Trd, 2591780.713, 257
Trd, 2591782.063, 249
Trd, 2591782.496, 248
Trd, 2591783.179, 248
Trd, 2591783.263, 241
Trd, 2591783.846, 233
Trd, 2591784.213, 232
Trd, 2591784.796, 254
Trd, 2591787.346, 249
Trd, 2591787.563, 251
Trd, 2591788.463, 249
Trd, 2591790.813, 239
Trd, 2591791.396, 244
Trd, 2591791.446, 246
Trd, 2591792.263, 247
Trd, 2591792.929, 248
Trd, 2591793.213, 256
Trd, 2591793.363, 247
Trd, 2591793.979, 244
Trd, 2591794.896, 258
Trd, 2591795.679, 240
Trd, 2591798.013, 251
Trd, 2591799.013, 251
Trd, 2591799.479, 251
Trd, 2591799.829, 248
Trd, 2591800.513, 236
Trd, 2591800.963, 251
Trd, 2591801.079, 241
Trd, 2591801.179, 252
Trd, 2591802.013, 257
Trd, 2591802.113, 259
Trd, 2591802.629, 260
Trd, 2591803.829, 257
Trd, 2591804.129, 257
Trd, 2591804.629, 258
Trd, 2591806.113, 255
Trd, 2591806.213, 233
Trd, 2591807.329, 231
Trd, 2591807.496, 228
Trd, 2591807.629, 250
Trd, 2591808.029, 258
Trd, 2591808.296, 260
Trd, 2591809.829, 244
Trd, 2591809.946, 243
Trd, 2591810.896, 248
Trd, 2591811.246, 249
Trd, 2591812.129, 241
Trd, 2591812.429, 252
Trd, 2591813.613, 257
Trd, 2591814.129, 263
Trd, 2591814.596, 254
Trd, 2591815.029, 241
Trd, 2591815.879, 263
Trd, 2591816.496, 255
Trd, 2591817.129, 261
Trd, 2591817.179, 253
Trd, 2591819.813, 254
Trd, 2591820.529, 255
Trd, 2591820.996, 254
Trd, 2591821.046, 241
Trd, 2591822.063, 247
Trd, 2591822.163, 249
Trd, 2591822.529, 250
Trd, 2591823.463, 246
Trd, 2591823.963, 241
Trd, 2591824.079, 241
Trd, 2591824.779, 240
Trd, 2591825.046, 239
Trd, 2591825.946, 239
Trd, 2591826.579, 240
Trd, 2591827.163, 241
Trd, 2591827.179, 241
Trd, 2591827.446, 248
Trd, 2591828.763, 244
Trd, 2591829.329, 241
Trd, 2591829.863, 255
Trd, 2591830.079, 239
Trd, 2591830.546, 257
Trd, 2591831.479, 256
Trd, 2591833.263, 258
Trd, 2591836.113, 252
Trd, 2591836.213, 251
Trd, 2591836.713, 262
Trd, 2591837.213, 265
Trd, 2591838.729, 262
Trd, 2591838.879, 260
Trd, 2591839.296, 262
Trd, 2591839.713, 260
Trd, 2591839.796, 233
Trd, 2591839.896, 231
Trd, 2591841.163, 240
Trd, 2591841.746, 226
Trd, 2591842.013, 247
Trd, 2591842.413, 240
Trd, 2591842.446, 257
Trd, 2591842.729, 258
Trd, 2591844.479, 258
Trd, 2591844.563, 251
Trd, 2591845.696, 249
Trd, 2591846.529, 240
Trd, 2591847.379, 241
Trd, 2591847.746, 248
Trd, 2591848.413, 239
Trd, 2591849.029, 237
Trd, 2591849.213, 250
Trd, 2591849.329, 251
Trd, 2591851.896, 238
Trd, 2591851.979, 236
Trd, 2591852.529, 233
Trd, 2591852.613, 241
Trd, 2591853.313, 233
Trd, 2591853.829, 241
Trd, 2591854.846, 242
Trd, 2591855.263, 244
Trd, 2591856.379, 247
Trd, 2591857.079, 248
Trd, 2591857.279, 259
Trd, 2591857.629, 263
Trd, 2591858.096, 265
Trd, 2591858.129, 253
Trd, 2591859.129, 253
Trd, 2591859.746, 253
Trd, 2591859.996, 252
Trd, 2591860.479, 257
Trd, 2591860.813, 251
Trd, 2591860.963, 243
Trd, 2591864.046, 244
Trd, 2591865.163, 241
Trd, 2591865.296, 237
Trd, 2591865.596, 237
Trd, 2591865.929, 230
Trd, 2591866.013, 244
Trd, 2591866.029, 246
Trd, 2591866.079, 248
Trd, 2591866.496, 237
Trd, 2591869.113, 254
Trd, 2591870.663, 243
Trd, 2591870.879, 244
Trd, 2591871.779, 247
Trd, 2591872.146, 247
Trd, 2591872.213, 248
Trd, 2591873.446, 248
Trd, 2591873.479, 232
Trd, 2591874.579, 237
Trd, 2591875.713, 250
Trd, 2591876.879, 257
Trd, 2591876.979, 260
Trd, 2591878.113, 256
Trd, 2591878.913, 255
Trd, 2591879.263, 256
Trd, 2591880.246, 256
Trd, 2591880.563, 253
Trd, 2591880.779, 251
Trd, 2591881.346, 254
Trd, 2591882.096, 253
Trd, 2591882.246, 246
Trd, 2591884.079, 252
Trd, 2591884.846, 248
Trd, 2591885.296, 236
Trd, 2591885.396, 250
Trd, 2591886.696, 258
Trd, 2591887.429, 255
Trd, 2591887.529, 259
Trd, 2591887.563, 252
Trd, 2591887.896, 238
Trd, 2591887.946, 237
Trd, 2591889.163, 258
Trd, 2591889.646, 253
Trd, 2591891.646, 242
Trd, 2591892.313, 242
Trd, 2591893.613, 240
Trd, 2591894.379, 248
Trd, 2591894.513, 230
Trd, 2591894.629, 250
Trd, 2591896.729, 240
Trd, 2591896.979, 243
Trd, 2591896.996, 244
Trd, 2591897.379, 233
Trd, 2591897.779, 244
Trd, 2591898.613, 261
Trd, 2591898.946, 263
Trd, 2591899.729, 249
Trd, 2591900.196, 248
Trd, 2591900.779, 234
Trd, 2591901.379, 264
Trd, 2591903.663, 240
Trd, 2591904.179, 258
Trd, 2591906.546, 242
Trd, 2591908.379, 236
Trd, 2591908.779, 235
Trd, 2591909.379, 241
Trd, 2591909.446, 229
Trd, 2591909.913, 240
Trd, 2591910.796, 230
Trd, 2591911.379, 236
Trd, 2591911.463, 239
Trd, 2591912.196, 244
Trd, 2591912.263, 248
Trd, 2591912.563, 258
Trd, 2591913.279, 231
Trd, 2591913.346, 231
Trd, 2591914.879, 250
Trd, 2591915.896, 258
Trd, 2591916.463, 259
Trd, 2591916.496, 264
Trd, 2591917.196, 259
Trd, 2591918.113, 259
Trd, 2591918.663, 258
Trd, 2591919.363, 251
Trd, 2591919.913, 263
Trd, 2591920.146, 245
Trd, 2591920.329, 238
Trd, 2591921.813, 237
Trd, 2591923.813, 254
Trd, 2591923.913, 254
Trd, 2591925.229, 241
Trd, 2591925.913, 236
Trd, 2591927.946, 234
Trd, 2591928.163, 236
Trd, 2591929.546, 235
Trd, 2591929.829, 237
Trd, 2591930.879, 233
Trd, 2591931.046, 241
Trd, 2591931.129, 244
Trd, 2591931.313, 248
Trd, 2591931.763, 233
Trd, 2591932.646, 249
Trd, 2591932.796, 251
Trd, 2591933.179, 258
Trd, 2591933.346, 248
Trd, 2591935.229, 256
Trd, 2591935.479, 255
Trd, 2591935.746, 252
Trd, 2591936.246, 248
Trd, 2591936.346, 248
Trd, 2591937.963, 235
Trd, 2591938.163, 232
Trd, 2591938.296, 244
Trd, 2591938.363, 230
Trd, 2591940.496, 236
Trd, 2591940.713, 237
Trd, 2591940.879, 243
Trd, 2591941.963, 236
Trd, 2591942.113, 244
Trd, 2591942.946, 254
Trd, 2591943.096, 234
Trd, 2591944.779, 255
Trd, 2591945.846, 243
Trd, 2591946.196, 257
Trd, 2591946.596, 241
Trd, 2591946.663, 258
Trd, 2591947.396, 258
Trd, 2591947.913, 242
Trd, 2591949.396, 245
Trd, 2591949.763, 244
Trd, 2591949.813, 250
Trd, 2591951.946, 251
Trd, 2591953.029, 246
Trd, 2591954.046, 236
Trd, 2591954.746, 244
Trd, 2591954.879, 237
Trd, 2591955.296, 236
Trd, 2591956.146, 241
Trd, 2591956.563, 243
Trd, 2591958.129, 253
Trd, 2591959.179, 255
Trd, 2591959.629, 254
Trd, 2591960.096, 252
Trd, 2591960.763, 251
Trd, 2591961.263, 259
Trd, 2591963.063, 257
Trd, 2591963.446, 253
Trd, 2591963.479, 248
Trd, 2591964.463, 239
Trd, 2591965.646, 250
Trd, 2591965.963, 234
Trd, 2591966.363, 249
Trd, 2591966.379, 250
Trd, 2591966.996, 235
Trd, 2591967.113, 258
Trd, 2591971.146, 253
Trd, 2591971.896, 240
Trd, 2591973.413, 242
Trd, 2591973.596, 244
Trd, 2591973.713, 244
Trd, 2591973.863, 241
Trd, 2591974.129, 238
Trd, 2591974.263, 236
Trd, 2591975.129, 244
Trd, 2591975.496, 237
Trd, 2591975.696, 234
Trd, 2591976.063, 235
Trd, 2591976.196, 242
Trd, 2591977.813, 240
Trd, 2591978.479, 239
Trd, 2591979.396, 241
Trd, 2591979.563, 247
Trd, 2591980.263, 237
Trd, 2591980.879, 236
Trd, 2591982.029, 253
Trd, 2591982.546, 255
Trd, 2591983.129, 259
Trd, 2591983.163, 235
Trd, 2591984.279, 232
Trd, 2591984.579, 259
Trd, 2591984.663, 232
Trd, 2591986.329, 268
Trd, 2591987.113, 268
Trd, 2591987.163, 267
Trd, 2591987.196, 266
Trd, 2591987.713, 275
Trd, 2591989.529, 265
Trd, 2591990.813, 258
Trd, 2591990.829, 255
Trd, 2591991.846, 249
Trd, 2591992.313, 240
Trd, 2591993.313, 247
Trd, 2591994.913, 242
Trd, 2591995.329, 241
Trd, 2591996.196, 237
Trd, 2591997.029, 243
Trd, 2591997.429, 241
Trd, 2591997.863, 234
Trd, 2591998.063, 231
Trd, 2591998.096, 244
Trd, 2591999.429, 234
Trd, 2591999.696, 242
Trd, 2591999.863, 248
