Trd, 2590843.379, 100
Trd, 2590843.696, 100
Trd, 2590843.713, 100
Trd, 2590843.879, 100
Trd, 2590843.929, 100
Trd, 2590844.696, 142
Trd, 2590845.163, 106
Trd, 2590845.296, 130
Trd, 2590845.846, 121
Trd, 2590845.963, 149
Trd, 2590847.513, 137
Trd, 2590847.829, 136
Trd, 2590848.013, 144
Trd, 2590848.346, 135
Trd, 2590848.529, 135
Trd, 2590849.429, 131
Trd, 2590849.796, 130
Trd, 2590850.013, 131
Trd, 2590850.179, 128
Trd, 2590850.313, 131
Trd, 2590850.846, 121
Trd, 2590851.296, 117
Trd, 2590851.379, 115
Trd, 2590851.729, 123
Trd, 2590851.946, 117
Trd, 2590851.963, 116
Trd, 2590852.579, 118
Trd, 2590852.629, 118
Trd, 2590852.779, 121
Trd, 2590853.163, 122
Trd, 2590853.279, 118
Trd, 2590853.329, 117
Trd, 2590853.813, 124
Trd, 2590854.329, 150
Trd, 2590854.613, 148
Trd, 2590855.896, 125
Trd, 2590857.079, 127
Trd, 2590857.629, 150
Trd, 2590858.179, 150
Trd, 2590858.346, 150
Trd, 2590858.413, 150
Trd, 2590858.613, 150
Trd, 2590859.229, 150
Trd, 2590859.329, 149
Trd, 2590859.596, 146
Trd, 2590860.296, 130
Trd, 2590861.079, 129
Trd, 2590861.379, 124
Trd, 2590861.613, 115
Trd, 2590861.813, 124
Trd, 2590861.946, 123
Trd, 2590861.979, 123
Trd, 2590862.413, 121
Trd, 2590863.263, 100
Trd, 2590863.846, 100
Trd, 2590863.913, 100
Trd, 2590863.979, 100
Trd, 2590864.229, 100
Trd, 2590864.329, 100
Trd, 2590864.513, 101
Trd, 2590865.113, 106
Trd, 2590865.246, 104
Trd, 2590865.646, 104
Trd, 2590865.713, 147
Trd, 2590866.229, 149
Trd, 2590866.596, 150
Trd, 2590867.813, 150
Trd, 2590868.879, 150
Trd, 2590869.563, 150
Trd, 2590869.646, 150
Trd, 2590870.963, 150
Trd, 2590872.313, 150
Trd, 2590872.863, 150
Trd, 2590873.263, 150
Trd, 2590873.563, 150
Trd, 2590874.763, 150
Trd, 2590875.496, 150
Trd, 2590875.579, 150
Trd, 2590876.263, 150
Trd, 2590876.913, 150
Trd, 2590877.296, 150
Trd, 2590877.513, 150
Trd, 2590877.579, 150
Trd, 2590877.629, 150
Trd, 2590877.679, 149
Trd, 2590877.779, 148
Trd, 2590878.079, 146
Trd, 2590878.096, 147
Trd, 2590878.646, 105
Trd, 2590878.663, 106
Trd, 2590879.263, 105
Trd, 2590879.446, 106
Trd, 2590879.529, 101
Trd, 2590879.613, 109
Trd, 2590880.313, 140
Trd, 2590880.579, 142
Trd, 2590880.629, 116
Trd, 2590881.029, 120
Trd, 2590881.229, 120
Trd, 2590881.379, 119
Trd, 2590881.446, 137
Trd, 2590881.463, 139
Trd, 2590881.629, 117
Trd, 2590881.929, 116
Trd, 2590882.863, 113
Trd, 2590882.979, 112
Trd, 2590883.196, 113
Trd, 2590883.613, 114
Trd, 2590883.779, 115
Trd, 2590883.996, 104
Trd, 2590884.296, 104
Trd, 2590884.446, 100
Trd, 2590884.646, 100
Trd, 2590884.796, 102
Trd, 2590885.679, 101
Trd, 2590886.613, 107
Trd, 2590886.746, 109
Trd, 2590887.113, 104
Trd, 2590887.313, 102
Trd, 2590887.796, 127
Trd, 2590888.779, 125
Trd, 2590888.929, 126
Trd, 2590889.529, 124
Trd, 2590889.663, 125
Trd, 2590890.263, 111
Trd, 2590891.013, 115
Trd, 2590892.046, 116
Trd, 2590892.296, 135
Trd, 2590893.429, 150
Trd, 2590893.713, 150
Trd, 2590893.896, 150
Trd, 2590894.096, 150
Trd, 2590894.113, 150
Trd, 2590894.229, 150
Trd, 2590895.329, 148
Trd, 2590895.729, 132
Trd, 2590896.129, 131
Trd, 2590896.479, 149
Trd, 2590897.029, 148
Trd, 2590897.529, 147
Trd, 2590898.279, 148
Trd, 2590898.379, 149
Trd, 2590899.196, 150
Trd, 2590899.829, 150
Trd, 2590899.929, 150
Trd, 2590900.096, 148
Trd, 2590900.429, 148
Trd, 2590900.846, 142
Trd, 2590901.996, 138
Trd, 2590902.029, 139
Trd, 2590902.396, 124
Trd, 2590902.579, 120
Trd, 2590903.013, 113
Trd, 2590903.096, 103
Trd, 2590903.163, 122
Trd, 2590903.613, 122
Trd, 2590904.413, 131
Trd, 2590904.796, 115
Trd, 2590905.346, 135
Trd, 2590905.946, 136
Trd, 2590906.163, 104
Trd, 2590906.996, 137
Trd, 2590907.379, 103
Trd, 2590908.496, 100
Trd, 2590908.846, 100
Trd, 2590909.063, 100
Trd, 2590909.229, 100
Trd, 2590909.363, 100
Trd, 2590910.146, 100
Trd, 2590911.279, 100
Trd, 2590911.529, 100
Trd, 2590911.796, 100
Trd, 2590911.963, 100
Trd, 2590912.179, 101
Trd, 2590912.513, 102
Trd, 2590912.663, 103
Trd, 2590913.013, 110
Trd, 2590913.263, 109
Trd, 2590913.579, 108
Trd, 2590913.979, 120
Trd, 2590914.079, 106
Trd, 2590916.229, 150
Trd, 2590916.263, 150
Trd, 2590916.746, 150
Trd, 2590916.979, 150
Trd, 2590917.013, 150
Trd, 2590917.279, 148
Trd, 2590917.546, 148
Trd, 2590917.763, 148
Trd, 2590917.979, 147
Trd, 2590918.029, 132
Trd, 2590918.129, 150
Trd, 2590918.246, 113
Trd, 2590918.679, 148
Trd, 2590919.813, 150
Trd, 2590919.929, 148
Trd, 2590920.096, 143
Trd, 2590921.813, 150
Trd, 2590922.363, 150
Trd, 2590922.463, 150
Trd, 2590923.929, 150
Trd, 2590923.946, 150
Trd, 2590923.996, 150
Trd, 2590924.279, 150
Trd, 2590924.313, 150
Trd, 2590924.713, 150
Trd, 2590924.813, 150
Trd, 2590925.629, 150
Trd, 2590925.646, 150
Trd, 2590925.763, 150
Trd, 2590925.929, 131
Trd, 2590926.129, 128
Trd, 2590926.513, 149
Trd, 2590926.696, 144
Trd, 2590926.796, 124
Trd, 2590926.996, 150
Trd, 2590928.046, 150
Trd, 2590928.846, 150
Trd, 2590929.779, 150
Trd, 2590930.079, 150
Trd, 2590930.446, 150
Trd, 2590931.529, 150
Trd, 2590931.729, 149
Trd, 2590931.846, 143
Trd, 2590933.646, 150
Trd, 2590933.763, 148
Trd, 2590934.629, 150
Trd, 2590934.663, 150
Trd, 2590934.929, 143
Trd, 2590935.029, 142
Trd, 2590935.413, 137
Trd, 2590935.513, 147
Trd, 2590935.529, 148
Trd, 2590936.079, 144
Trd, 2590936.446, 138
Trd, 2590936.813, 137
Trd, 2590937.063, 137
Trd, 2590937.146, 136
Trd, 2590937.163, 133
Trd, 2590938.013, 136
Trd, 2590938.246, 135
Trd, 2590938.279, 135
Trd, 2590938.463, 114
Trd, 2590938.846, 137
Trd, 2590940.229, 117
Trd, 2590940.313, 130
Trd, 2590940.646, 129
Trd, 2590941.229, 124
Trd, 2590941.446, 124
Trd, 2590941.696, 124
Trd, 2590942.263, 131
Trd, 2590943.129, 128
Trd, 2590943.313, 128
Trd, 2590943.896, 132
Trd, 2590943.913, 130
Trd, 2590943.929, 125
Trd, 2590943.963, 133
Trd, 2590944.113, 145
Trd, 2590945.563, 150
Trd, 2590945.813, 150
Trd, 2590945.979, 150
Trd, 2590946.729, 150
Trd, 2590947.213, 150
Trd, 2590947.229, 149
Trd, 2590947.579, 150
Trd, 2590947.846, 150
Trd, 2590949.379, 150
Trd, 2590950.029, 150
Trd, 2590950.079, 150
Trd, 2590950.246, 150
Trd, 2590950.696, 149
Trd, 2590950.796, 149
Trd, 2590950.829, 148
Trd, 2590951.013, 133
Trd, 2590951.163, 132
Trd, 2590951.513, 128
Trd, 2590951.613, 142
Trd, 2590951.846, 143
Trd, 2590951.979, 143
Trd, 2590951.996, 132
Trd, 2590953.313, 131
Trd, 2590953.446, 132
Trd, 2590954.079, 125
Trd, 2590954.363, 125
Trd, 2590955.029, 105
Trd, 2590955.079, 119
Trd, 2590955.146, 120
Trd, 2590955.263, 102
Trd, 2590955.846, 100
Trd, 2590955.963, 100
Trd, 2590956.379, 100
Trd, 2590957.229, 100
Trd, 2590958.263, 100
Trd, 2590958.463, 100
Trd, 2590958.996, 100
Trd, 2590959.046, 100
Trd, 2590959.163, 100
Trd, 2590959.413, 100
Trd, 2590959.696, 101
Trd, 2590959.946, 104
Trd, 2590960.029, 102
Trd, 2590960.279, 103
Trd, 2590960.579, 106
Trd, 2590961.013, 107
Trd, 2590961.063, 105
Trd, 2590962.263, 138
Trd, 2590962.746, 142
Trd, 2590964.413, 132
Trd, 2590964.546, 114
Trd, 2590964.946, 129
Trd, 2590965.046, 119
Trd, 2590965.479, 131
Trd, 2590966.129, 150
Trd, 2590966.696, 150
Trd, 2590967.729, 150
Trd, 2590968.463, 150
Trd, 2590969.029, 150
Trd, 2590969.446, 150
Trd, 2590969.829, 150
Trd, 2590969.896, 150
Trd, 2590970.113, 150
Trd, 2590970.346, 150
Trd, 2590970.796, 150
Trd, 2590970.879, 150
Trd, 2590970.929, 150
Trd, 2590971.029, 149
Trd, 2590971.063, 149
Trd, 2590971.096, 149
Trd, 2590971.563, 142
Trd, 2590971.579, 144
Trd, 2590971.646, 146
Trd, 2590972.279, 138
Trd, 2590972.446, 133
Trd, 2590972.546, 132
Trd, 2590972.929, 114
Trd, 2590974.079, 114
Trd, 2590974.196, 114
Trd, 2590974.813, 107
Trd, 2590975.713, 100
Trd, 2590976.746, 100
Trd, 2590976.913, 100
Trd, 2590977.446, 100
Trd, 2590978.113, 100
Trd, 2590978.213, 100
Trd, 2590978.263, 100
Trd, 2590978.279, 100
Trd, 2590978.513, 100
Trd, 2590978.729, 100
Trd, 2590978.746, 100
Trd, 2590979.029, 100
Trd, 2590979.229, 100
Trd, 2590979.896, 101
Trd, 2590980.046, 102
Trd, 2590980.196, 101
Trd, 2590980.763, 101
Trd, 2590981.046, 107
Trd, 2590981.063, 108
Trd, 2590981.096, 109
Trd, 2590981.846, 102
Trd, 2590982.046, 104
Trd, 2590982.079, 102
Trd, 2590982.229, 103
Trd, 2590982.963, 103
Trd, 2590983.513, 101
Trd, 2590983.879, 126
Trd, 2590984.196, 126
Trd, 2590984.579, 123
Trd, 2590984.629, 122
Trd, 2590984.813, 124
Trd, 2590985.529, 128
Trd, 2590985.979, 127
Trd, 2590986.413, 117
Trd, 2590987.313, 101
Trd, 2590987.479, 102
Trd, 2590987.813, 100
Trd, 2590988.263, 100
Trd, 2590988.346, 100
Trd, 2590988.413, 101
Trd, 2590989.029, 100
Trd, 2590989.379, 100
Trd, 2590990.146, 100
Trd, 2590990.513, 100
Trd, 2590990.529, 101
Trd, 2590990.713, 100
Trd, 2590990.829, 104
Trd, 2590991.213, 103
Trd, 2590991.863, 150
Trd, 2590992.579, 150
Trd, 2590992.596, 131
Trd, 2590993.546, 150
Trd, 2590994.046, 150
Trd, 2590994.179, 150
Trd, 2590994.946, 150
Trd, 2590995.046, 150
Trd, 2590995.446, 150
Trd, 2590995.813, 150
Trd, 2590996.613, 150
Trd, 2590997.363, 150
Trd, 2590997.579, 150
Trd, 2590998.479, 150
Trd, 2590998.696, 150
Trd, 2590998.779, 150
Trd, 2590998.813, 150
Trd, 2590999.029, 150
Trd, 2590999.079, 149
Trd, 2590999.146, 148
Trd, 2590999.196, 125
Trd, 2590999.713, 147
Trd, 2591000.013, 124
Trd, 2591001.179, 131
Trd, 2591001.496, 130
Trd, 2591001.996, 126
Trd, 2591002.296, 126
Trd, 2591002.479, 125
Trd, 2591002.863, 125
Trd, 2591003.229, 123
Trd, 2591003.496, 119
Trd, 2591003.646, 124
Trd, 2591003.863, 125
Trd, 2591005.196, 150
Trd, 2591005.863, 131
Trd, 2591006.846, 150
Trd, 2591007.879, 150
Trd, 2591008.013, 150
Trd, 2591008.713, 150
Trd, 2591009.313, 150
Trd, 2591009.563, 150
Trd, 2591009.896, 150
Trd, 2591009.963, 150
Trd, 2591010.029, 150
Trd, 2591010.379, 150
Trd, 2591010.413, 150
Trd, 2591010.446, 150
Trd, 2591010.596, 149
Trd, 2591010.746, 149
Trd, 2591010.846, 150
Trd, 2591010.913, 150
Trd, 2591011.079, 149
Trd, 2591011.129, 150
Trd, 2591011.196, 149
Trd, 2591011.713, 150
Trd, 2591011.729, 150
Trd, 2591011.946, 150
Trd, 2591012.363, 150
Trd, 2591012.913, 136
Trd, 2591013.579, 130
Trd, 2591014.079, 142
Trd, 2591014.579, 141
Trd, 2591015.013, 138
Trd, 2591015.079, 132
Trd, 2591015.713, 138
Trd, 2591015.779, 130
Trd, 2591015.929, 138
Trd, 2591016.413, 127
Trd, 2591016.446, 120
Trd, 2591016.679, 116
Trd, 2591017.329, 106
Trd, 2591018.129, 102
Trd, 2591018.596, 105
Trd, 2591018.713, 106
Trd, 2591018.846, 104
Trd, 2591018.913, 141
Trd, 2591019.563, 140
Trd, 2591019.663, 103
Trd, 2591019.679, 142
Trd, 2591021.079, 150
Trd, 2591021.263, 102
Trd, 2591022.479, 149
Trd, 2591022.696, 150
Trd, 2591022.929, 150
Trd, 2591022.946, 150
Trd, 2591023.463, 149
Trd, 2591023.679, 149
Trd, 2591023.813, 149
Trd, 2591024.163, 148
Trd, 2591025.063, 120
Trd, 2591025.863, 143
Trd, 2591026.096, 143
Trd, 2591026.546, 142
Trd, 2591027.596, 113
Trd, 2591027.696, 138
Trd, 2591028.113, 124
Trd, 2591028.129, 113
Trd, 2591028.313, 115
Trd, 2591028.546, 139
Trd, 2591028.579, 137
Trd, 2591028.613, 112
Trd, 2591028.863, 104
Trd, 2591029.346, 135
Trd, 2591029.929, 131
Trd, 2591029.979, 133
Trd, 2591030.279, 110
Trd, 2591030.729, 110
Trd, 2591031.346, 131
Trd, 2591031.629, 130
Trd, 2591031.663, 109
Trd, 2591032.046, 131
Trd, 2591032.129, 104
Trd, 2591032.596, 138
Trd, 2591032.996, 150
Trd, 2591033.979, 150
Trd, 2591034.546, 150
Trd, 2591037.063, 150
Trd, 2591037.663, 150
Trd, 2591038.296, 150
Trd, 2591038.396, 150
Trd, 2591038.563, 150
Trd, 2591038.613, 150
Trd, 2591038.679, 150
Trd, 2591038.846, 149
Trd, 2591038.929, 148
Trd, 2591038.946, 149
Trd, 2591039.096, 144
Trd, 2591039.779, 148
Trd, 2591039.913, 145
Trd, 2591040.063, 131
Trd, 2591040.096, 148
Trd, 2591040.313, 148
Trd, 2591040.879, 138
Trd, 2591041.946, 122
Trd, 2591043.296, 123
Trd, 2591043.596, 126
Trd, 2591044.096, 124
Trd, 2591044.279, 125
Trd, 2591044.663, 124
Trd, 2591045.179, 124
Trd, 2591045.263, 124
Trd, 2591045.696, 121
Trd, 2591045.713, 120
Trd, 2591045.979, 122
Trd, 2591046.163, 119
Trd, 2591046.896, 103
Trd, 2591047.046, 100
Trd, 2591047.179, 100
Trd, 2591047.596, 104
Trd, 2591049.129, 100
Trd, 2591049.363, 100
Trd, 2591049.446, 100
Trd, 2591049.579, 100
Trd, 2591049.779, 101
Trd, 2591050.313, 103
Trd, 2591051.329, 100
Trd, 2591051.379, 100
Trd, 2591051.529, 100
Trd, 2591051.863, 100
Trd, 2591052.113, 101
Trd, 2591052.463, 102
Trd, 2591052.529, 103
Trd, 2591052.763, 105
Trd, 2591053.213, 126
Trd, 2591053.296, 127
Trd, 2591054.613, 149
Trd, 2591055.529, 150
Trd, 2591055.779, 150
Trd, 2591057.213, 150
Trd, 2591057.696, 150
Trd, 2591057.729, 150
Trd, 2591057.979, 150
Trd, 2591057.996, 150
Trd, 2591058.779, 150
Trd, 2591058.963, 150
Trd, 2591058.996, 150
Trd, 2591059.029, 150
Trd, 2591059.279, 150
Trd, 2591059.629, 150
Trd, 2591059.729, 149
Trd, 2591059.779, 150
Trd, 2591060.229, 149
Trd, 2591060.463, 148
Trd, 2591060.496, 128
Trd, 2591060.696, 128
Trd, 2591060.996, 144
Trd, 2591061.313, 142
Trd, 2591061.363, 123
Trd, 2591062.063, 109
Trd, 2591062.363, 106
Trd, 2591063.696, 100
Trd, 2591063.779, 100
Trd, 2591065.629, 100
Trd, 2591065.729, 100
Trd, 2591065.946, 100
Trd, 2591066.429, 100
Trd, 2591066.829, 100
Trd, 2591067.579, 100
Trd, 2591067.646, 100
Trd, 2591067.796, 100
Trd, 2591068.246, 100
Trd, 2591068.379, 100
Trd, 2591068.563, 100
Trd, 2591068.596, 100
Trd, 2591068.763, 100
Trd, 2591068.913, 100
Trd, 2591068.963, 100
Trd, 2591069.196, 101
Trd, 2591069.229, 100
Trd, 2591069.463, 101
Trd, 2591070.179, 101
Trd, 2591070.613, 101
Trd, 2591070.713, 103
Trd, 2591070.913, 121
Trd, 2591072.279, 100
Trd, 2591072.296, 100
Trd, 2591072.496, 105
Trd, 2591072.746, 105
Trd, 2591072.829, 105
Trd, 2591073.296, 101
Trd, 2591073.596, 103
Trd, 2591073.613, 104
Trd, 2591074.179, 139
Trd, 2591074.613, 150
Trd, 2591074.696, 149
Trd, 2591074.879, 149
Trd, 2591075.313, 150
Trd, 2591075.429, 148
Trd, 2591075.613, 149
Trd, 2591075.829, 148
Trd, 2591076.046, 140
Trd, 2591078.796, 150
Trd, 2591079.646, 149
Trd, 2591079.663, 149
Trd, 2591079.746, 149
Trd, 2591079.813, 131
Trd, 2591080.979, 138
Trd, 2591080.996, 140
Trd, 2591081.463, 133
Trd, 2591081.946, 135
Trd, 2591082.096, 135
Trd, 2591082.113, 134
Trd, 2591083.129, 126
Trd, 2591083.196, 125
Trd, 2591083.263, 127
Trd, 2591083.279, 129
Trd, 2591083.329, 123
Trd, 2591084.163, 149
Trd, 2591084.663, 150
Trd, 2591085.029, 149
Trd, 2591085.263, 105
Trd, 2591085.546, 104
Trd, 2591086.146, 127
Trd, 2591086.579, 143
Trd, 2591086.646, 145
Trd, 2591086.779, 128
Trd, 2591086.929, 127
Trd, 2591088.179, 111
Trd, 2591088.313, 140
Trd, 2591088.446, 110
Trd, 2591089.113, 120
Trd, 2591089.829, 100
Trd, 2591090.029, 100
Trd, 2591090.596, 106
Trd, 2591090.613, 107
Trd, 2591091.313, 100
Trd, 2591091.463, 100
Trd, 2591092.129, 100
Trd, 2591092.179, 100
Trd, 2591092.713, 100
Trd, 2591093.063, 100
Trd, 2591093.196, 101
Trd, 2591093.379, 103
Trd, 2591093.779, 101
Trd, 2591093.996, 105
Trd, 2591094.013, 104
Trd, 2591094.129, 103
Trd, 2591095.313, 104
Trd, 2591096.363, 101
Trd, 2591096.429, 100
Trd, 2591097.129, 100
Trd, 2591097.429, 100
Trd, 2591097.679, 100
Trd, 2591098.146, 100
Trd, 2591098.929, 100
Trd, 2591099.479, 100
Trd, 2591100.229, 100
Trd, 2591100.246, 100
Trd, 2591100.396, 100
Trd, 2591100.996, 100
Trd, 2591101.846, 100
Trd, 2591101.929, 100
Trd, 2591102.146, 100
Trd, 2591102.246, 100
Trd, 2591102.579, 100
Trd, 2591102.829, 100
Trd, 2591102.996, 100
Trd, 2591103.129, 101
Trd, 2591103.279, 101
Trd, 2591103.463, 103
Trd, 2591105.129, 150
Trd, 2591105.213, 150
Trd, 2591105.313, 150
Trd, 2591105.779, 150
Trd, 2591106.396, 150
Trd, 2591106.979, 150
Trd, 2591107.613, 150
Trd, 2591107.629, 149
Trd, 2591109.063, 150
Trd, 2591110.363, 150
Trd, 2591111.013, 150
Trd, 2591111.163, 150
Trd, 2591111.879, 150
Trd, 2591111.913, 150
Trd, 2591112.363, 150
Trd, 2591112.446, 150
Trd, 2591112.596, 150
Trd, 2591112.679, 150
Trd, 2591112.796, 150
Trd, 2591113.046, 148
Trd, 2591113.629, 129
Trd, 2591113.779, 144
Trd, 2591114.046, 129
Trd, 2591114.079, 116
Trd, 2591115.279, 106
Trd, 2591115.913, 102
Trd, 2591116.329, 100
Trd, 2591116.413, 101
Trd, 2591116.513, 102
Trd, 2591116.746, 100
Trd, 2591116.929, 100
Trd, 2591117.346, 100
Trd, 2591117.813, 105
Trd, 2591118.563, 101
Trd, 2591118.696, 108
Trd, 2591118.713, 115
Trd, 2591119.496, 105
Trd, 2591119.663, 106
Trd, 2591119.813, 105
Trd, 2591120.829, 111
Trd, 2591121.463, 150
Trd, 2591121.629, 150
Trd, 2591121.729, 150
Trd, 2591121.996, 150
Trd, 2591122.079, 149
Trd, 2591122.563, 147
Trd, 2591122.696, 147
Trd, 2591122.929, 146
Trd, 2591123.429, 127
Trd, 2591123.513, 145
Trd, 2591123.579, 128
Trd, 2591123.929, 143
Trd, 2591124.179, 113
Trd, 2591124.479, 144
Trd, 2591124.679, 145
Trd, 2591124.963, 117
Trd, 2591126.529, 137
Trd, 2591126.596, 138
Trd, 2591127.146, 136
Trd, 2591127.996, 132
Trd, 2591128.396, 124
Trd, 2591128.879, 130
Trd, 2591129.263, 130
Trd, 2591129.296, 131
Trd, 2591129.463, 130
Trd, 2591129.496, 132
Trd, 2591130.163, 133
Trd, 2591131.029, 131
Trd, 2591131.046, 131
Trd, 2591131.196, 133
Trd, 2591131.429, 130
Trd, 2591131.896, 117
Trd, 2591132.329, 117
Trd, 2591132.379, 116
Trd, 2591134.196, 142
Trd, 2591135.646, 150
Trd, 2591136.163, 150
Trd, 2591136.229, 150
Trd, 2591136.879, 150
Trd, 2591136.963, 150
Trd, 2591137.079, 150
Trd, 2591137.246, 148
Trd, 2591137.546, 147
Trd, 2591137.579, 127
Trd, 2591138.529, 108
Trd, 2591138.663, 107
Trd, 2591138.996, 106
Trd, 2591139.146, 106
Trd, 2591139.263, 107
Trd, 2591139.746, 106
Trd, 2591140.179, 101
Trd, 2591140.813, 100
Trd, 2591141.196, 100
Trd, 2591141.396, 100
Trd, 2591142.029, 100
Trd, 2591142.596, 100
Trd, 2591143.046, 100
Trd, 2591143.263, 100
Trd, 2591143.329, 100
Trd, 2591143.363, 100
Trd, 2591143.379, 100
Trd, 2591143.413, 100
Trd, 2591143.679, 100
Trd, 2591143.813, 101
Trd, 2591143.896, 101
Trd, 2591144.213, 101
Trd, 2591144.646, 101
Trd, 2591144.746, 100
Trd, 2591145.046, 101
Trd, 2591145.329, 102
Trd, 2591145.829, 108
Trd, 2591146.229, 104
Trd, 2591146.329, 108
Trd, 2591146.513, 105
Trd, 2591146.629, 109
Trd, 2591147.046, 119
Trd, 2591147.629, 102
Trd, 2591147.663, 128
Trd, 2591149.846, 147
Trd, 2591150.029, 143
Trd, 2591150.063, 148
Trd, 2591150.229, 137
Trd, 2591150.263, 149
Trd, 2591151.363, 100
Trd, 2591151.729, 102
Trd, 2591151.779, 105
Trd, 2591152.263, 111
Trd, 2591152.413, 108
Trd, 2591152.846, 150
Trd, 2591153.313, 126
Trd, 2591153.779, 101
Trd, 2591154.379, 150
Trd, 2591154.596, 150
Trd, 2591157.896, 150
Trd, 2591157.946, 150
Trd, 2591158.096, 150
Trd, 2591158.313, 150
Trd, 2591158.529, 150
Trd, 2591158.613, 150
Trd, 2591158.746, 150
Trd, 2591158.763, 149
Trd, 2591158.979, 149
Trd, 2591159.079, 149
Trd, 2591159.179, 150
Trd, 2591159.596, 150
Trd, 2591160.029, 150
Trd, 2591160.063, 120
Trd, 2591160.646, 150
Trd, 2591161.146, 144
Trd, 2591161.763, 103
Trd, 2591162.279, 100
Trd, 2591162.613, 100
Trd, 2591163.679, 100
Trd, 2591163.829, 100
Trd, 2591164.013, 100
Trd, 2591164.329, 100
Trd, 2591164.379, 100
Trd, 2591164.729, 100
Trd, 2591164.996, 100
Trd, 2591165.263, 100
Trd, 2591165.429, 100
Trd, 2591165.863, 100
Trd, 2591166.029, 100
Trd, 2591166.563, 100
Trd, 2591166.596, 100
Trd, 2591166.629, 100
Trd, 2591167.096, 100
Trd, 2591167.463, 100
Trd, 2591168.079, 101
Trd, 2591168.263, 101
Trd, 2591168.813, 101
Trd, 2591168.929, 100
Trd, 2591170.163, 100
Trd, 2591170.229, 100
Trd, 2591170.646, 100
Trd, 2591170.696, 100
Trd, 2591170.729, 100
Trd, 2591171.096, 100
Trd, 2591171.763, 100
Trd, 2591171.813, 100
Trd, 2591172.163, 100
Trd, 2591172.563, 100
Trd, 2591174.079, 100
Trd, 2591174.113, 101
Trd, 2591174.996, 100
Trd, 2591175.296, 100
Trd, 2591175.363, 100
Trd, 2591175.713, 100
Trd, 2591175.846, 100
Trd, 2591176.046, 100
Trd, 2591176.379, 101
Trd, 2591176.529, 101
Trd, 2591177.179, 101
Trd, 2591177.563, 100
Trd, 2591177.729, 100
Trd, 2591178.479, 100
Trd, 2591178.763, 100
Trd, 2591179.463, 100
Trd, 2591179.546, 100
Trd, 2591179.663, 100
Trd, 2591180.546, 100
Trd, 2591180.613, 100
Trd, 2591180.746, 100
Trd, 2591180.863, 100
Trd, 2591181.096, 100
Trd, 2591181.679, 100
Trd, 2591181.746, 100
Trd, 2591182.063, 104
Trd, 2591182.129, 100
Trd, 2591182.246, 108
Trd, 2591182.363, 100
Trd, 2591182.596, 100
Trd, 2591183.079, 100
Trd, 2591184.296, 100
Trd, 2591185.946, 100
Trd, 2591186.046, 100
Trd, 2591186.229, 102
Trd, 2591186.279, 105
Trd, 2591187.013, 108
Trd, 2591187.463, 104
Trd, 2591187.679, 106
Trd, 2591187.713, 105
Trd, 2591187.763, 106
Trd, 2591187.929, 107
Trd, 2591189.146, 149
Trd, 2591190.579, 147
Trd, 2591190.813, 150
Trd, 2591191.263, 150
Trd, 2591191.613, 150
Trd, 2591191.713, 150
Trd, 2591192.346, 150
Trd, 2591192.546, 150
Trd, 2591192.696, 150
Trd, 2591193.213, 150
Trd, 2591193.413, 148
Trd, 2591193.579, 147
Trd, 2591194.179, 146
Trd, 2591194.279, 150
Trd, 2591194.429, 147
Trd, 2591194.713, 128
Trd, 2591194.863, 118
Trd, 2591195.163, 149
Trd, 2591195.963, 147
Trd, 2591196.479, 125
Trd, 2591196.496, 148
Trd, 2591197.663, 130
Trd, 2591197.779, 132
Trd, 2591198.429, 132
Trd, 2591199.363, 150
Trd, 2591199.713, 150
Trd, 2591200.163, 150
Trd, 2591200.196, 150
Trd, 2591200.263, 131
Trd, 2591200.346, 150
Trd, 2591200.413, 150
Trd, 2591200.796, 149
Trd, 2591201.063, 131
Trd, 2591201.079, 147
Trd, 2591201.263, 113
Trd, 2591201.763, 100
Trd, 2591202.479, 100
Trd, 2591203.129, 100
Trd, 2591203.579, 100
Trd, 2591203.646, 100
Trd, 2591204.679, 100
Trd, 2591204.729, 100
Trd, 2591204.979, 100
Trd, 2591205.179, 100
Trd, 2591205.479, 100
Trd, 2591206.179, 100
Trd, 2591207.663, 100
Trd, 2591207.879, 100
Trd, 2591207.929, 100
Trd, 2591208.329, 100
Trd, 2591208.529, 100
Trd, 2591208.863, 100
Trd, 2591209.079, 100
Trd, 2591209.196, 101
Trd, 2591209.546, 100
Trd, 2591209.796, 100
Trd, 2591210.129, 102
Trd, 2591210.179, 101
Trd, 2591210.579, 103
Trd, 2591210.596, 116
Trd, 2591211.396, 137
Trd, 2591212.596, 117
Trd, 2591212.763, 117
Trd, 2591212.846, 135
Trd, 2591212.879, 112
Trd, 2591213.529, 124
Trd, 2591213.879, 134
Trd, 2591214.063, 128
Trd, 2591215.146, 149
Trd, 2591216.879, 150
Trd, 2591217.879, 150
Trd, 2591218.313, 150
Trd, 2591218.929, 150
Trd, 2591219.229, 150
Trd, 2591220.013, 150
Trd, 2591220.213, 150
Trd, 2591220.713, 150
Trd, 2591221.613, 150
Trd, 2591222.146, 150
Trd, 2591222.213, 150
Trd, 2591222.263, 150
Trd, 2591222.363, 149
Trd, 2591222.463, 148
Trd, 2591222.763, 147
Trd, 2591222.846, 148
Trd, 2591223.713, 137
Trd, 2591223.863, 135
Trd, 2591223.946, 134
Trd, 2591223.996, 134
Trd, 2591224.046, 133
Trd, 2591224.379, 129
Trd, 2591224.429, 123
Trd, 2591224.613, 112
Trd, 2591225.213, 118
Trd, 2591225.296, 119
Trd, 2591225.413, 118
Trd, 2591225.546, 116
Trd, 2591225.679, 117
Trd, 2591225.779, 118
Trd, 2591226.029, 121
Trd, 2591226.063, 104
Trd, 2591226.296, 103
Trd, 2591226.663, 124
Trd, 2591227.129, 100
Trd, 2591228.879, 100
Trd, 2591229.079, 100
Trd, 2591229.296, 100
Trd, 2591229.663, 100
Trd, 2591229.863, 100
Trd, 2591230.013, 100
Trd, 2591230.229, 102
Trd, 2591230.463, 102
Trd, 2591231.263, 100
Trd, 2591231.513, 100
Trd, 2591231.779, 101
Trd, 2591232.096, 114
Trd, 2591233.513, 116
Trd, 2591234.013, 112
Trd, 2591234.079, 111
Trd, 2591234.263, 117
Trd, 2591235.079, 117
Trd, 2591235.463, 118
Trd, 2591235.996, 150
Trd, 2591238.379, 150
Trd, 2591238.446, 150
Trd, 2591238.529, 150
Trd, 2591238.563, 149
Trd, 2591239.163, 149
Trd, 2591239.563, 148
Trd, 2591239.713, 149
Trd, 2591239.829, 147
Trd, 2591240.379, 130
Trd, 2591240.396, 129
Trd, 2591240.413, 124
Trd, 2591240.929, 144
Trd, 2591241.113, 144
Trd, 2591241.429, 145
Trd, 2591241.696, 126
Trd, 2591241.713, 125
Trd, 2591242.179, 131
Trd, 2591242.363, 124
Trd, 2591243.613, 100
Trd, 2591243.629, 104
Trd, 2591243.813, 106
Trd, 2591244.363, 101
Trd, 2591244.463, 101
Trd, 2591244.646, 102
Trd, 2591245.113, 105
Trd, 2591245.246, 106
Trd, 2591246.246, 100
Trd, 2591246.329, 100
Trd, 2591247.129, 100
Trd, 2591247.263, 100
Trd, 2591248.663, 100
Trd, 2591249.096, 100
Trd, 2591249.113, 100
Trd, 2591249.579, 101
Trd, 2591249.646, 102
Trd, 2591249.663, 111
Trd, 2591249.696, 113
Trd, 2591250.396, 101
Trd, 2591250.846, 150
Trd, 2591251.679, 150
Trd, 2591251.796, 150
Trd, 2591252.096, 150
Trd, 2591252.646, 150
Trd, 2591252.796, 149
Trd, 2591252.913, 148
Trd, 2591253.813, 148
Trd, 2591254.046, 147
Trd, 2591254.129, 149
Trd, 2591254.179, 146
Trd, 2591254.646, 144
Trd, 2591255.263, 141
Trd, 2591255.279, 142
Trd, 2591255.396, 141
Trd, 2591255.463, 101
Trd, 2591256.013, 136
Trd, 2591256.579, 134
Trd, 2591256.596, 123
Trd, 2591257.396, 100
Trd, 2591257.563, 135
Trd, 2591258.113, 133
Trd, 2591258.729, 127
Trd, 2591259.396, 125
Trd, 2591259.629, 126
Trd, 2591260.079, 125
Trd, 2591260.146, 124
Trd, 2591260.213, 121
Trd, 2591260.279, 124
Trd, 2591260.363, 114
Trd, 2591260.663, 118
Trd, 2591261.379, 121
Trd, 2591261.579, 121
Trd, 2591261.596, 122
Trd, 2591262.413, 150
Trd, 2591262.746, 150
Trd, 2591263.729, 150
Trd, 2591263.846, 148
Trd, 2591265.879, 150
Trd, 2591265.896, 150
Trd, 2591266.163, 149
Trd, 2591266.596, 147
Trd, 2591266.796, 147
Trd, 2591267.429, 148
Trd, 2591267.496, 146
Trd, 2591267.829, 149
Trd, 2591267.913, 150
Trd, 2591268.013, 145
Trd, 2591268.629, 148
Trd, 2591268.796, 127
Trd, 2591269.063, 104
Trd, 2591269.279, 128
Trd, 2591270.496, 140
Trd, 2591270.696, 100
Trd, 2591270.746, 101
Trd, 2591270.779, 139
Trd, 2591271.213, 102
Trd, 2591271.863, 100
Trd, 2591271.963, 100
Trd, 2591272.379, 100
Trd, 2591272.663, 100
Trd, 2591272.813, 101
Trd, 2591272.963, 102
Trd, 2591275.163, 119
Trd, 2591275.313, 136
Trd, 2591275.429, 137
Trd, 2591275.813, 123
Trd, 2591276.646, 131
Trd, 2591276.763, 130
Trd, 2591276.846, 132
Trd, 2591277.029, 130
Trd, 2591277.196, 129
Trd, 2591277.363, 129
Trd, 2591277.579, 130
Trd, 2591277.613, 125
Trd, 2591277.679, 124
Trd, 2591277.796, 130
Trd, 2591278.113, 100
Trd, 2591279.263, 100
Trd, 2591279.313, 100
Trd, 2591280.779, 100
Trd, 2591281.213, 100
Trd, 2591281.313, 100
Trd, 2591281.363, 100
Trd, 2591281.379, 100
Trd, 2591281.429, 101
Trd, 2591281.529, 102
Trd, 2591281.946, 100
Trd, 2591282.063, 101
Trd, 2591282.596, 101
Trd, 2591282.663, 103
Trd, 2591283.013, 103
Trd, 2591283.279, 101
Trd, 2591283.596, 103
Trd, 2591283.813, 104
Trd, 2591283.879, 105
Trd, 2591284.379, 101
Trd, 2591284.579, 102
Trd, 2591284.613, 103
Trd, 2591285.963, 140
Trd, 2591286.013, 141
Trd, 2591286.396, 105
Trd, 2591287.663, 103
Trd, 2591287.746, 102
Trd, 2591287.796, 103
Trd, 2591287.963, 103
Trd, 2591288.196, 104
Trd, 2591288.529, 106
Trd, 2591289.179, 106
Trd, 2591289.279, 105
Trd, 2591290.629, 148
Trd, 2591291.196, 111
Trd, 2591291.946, 146
Trd, 2591292.896, 150
Trd, 2591293.813, 150
Trd, 2591293.929, 150
Trd, 2591293.963, 150
Trd, 2591293.996, 150
Trd, 2591294.046, 150
Trd, 2591294.229, 148
Trd, 2591294.446, 145
Trd, 2591294.579, 144
Trd, 2591295.129, 138
Trd, 2591295.529, 104
Trd, 2591296.713, 132
Trd, 2591296.829, 132
Trd, 2591297.013, 135
Trd, 2591297.046, 130
Trd, 2591297.396, 140
Trd, 2591297.546, 130
Trd, 2591297.646, 140
Trd, 2591297.846, 130
Trd, 2591298.863, 104
Trd, 2591298.913, 109
Trd, 2591299.463, 137
Trd, 2591300.513, 100
Trd, 2591300.846, 100
Trd, 2591301.296, 100
Trd, 2591302.296, 100
Trd, 2591302.763, 100
Trd, 2591302.813, 100
Trd, 2591302.913, 100
Trd, 2591302.929, 100
Trd, 2591302.979, 100
Trd, 2591303.379, 100
Trd, 2591303.963, 100
Trd, 2591304.379, 100
Trd, 2591304.763, 100
Trd, 2591304.863, 100
Trd, 2591304.979, 100
Trd, 2591305.213, 100
Trd, 2591305.429, 100
Trd, 2591305.796, 103
Trd, 2591305.913, 104
Trd, 2591305.929, 106
Trd, 2591307.113, 106
Trd, 2591307.263, 102
Trd, 2591307.913, 102
Trd, 2591308.896, 107
Trd, 2591309.029, 108
Trd, 2591309.696, 131
Trd, 2591309.729, 111
Trd, 2591310.446, 103
Trd, 2591310.846, 101
Trd, 2591311.179, 102
Trd, 2591311.879, 100
Trd, 2591312.063, 100
Trd, 2591312.079, 100
Trd, 2591312.396, 100
Trd, 2591312.929, 100
Trd, 2591313.729, 100
Trd, 2591313.829, 100
Trd, 2591313.846, 101
Trd, 2591313.863, 101
Trd, 2591314.096, 102
Trd, 2591314.313, 102
Trd, 2591314.396, 102
Trd, 2591314.746, 103
Trd, 2591314.763, 101
Trd, 2591314.929, 100
Trd, 2591315.779, 100
Trd, 2591315.829, 100
Trd, 2591316.079, 100
Trd, 2591316.263, 104
Trd, 2591316.763, 104
Trd, 2591317.046, 101
Trd, 2591317.313, 107
Trd, 2591317.696, 103
Trd, 2591318.346, 106
Trd, 2591318.579, 116
Trd, 2591318.729, 107
Trd, 2591319.063, 120
Trd, 2591319.529, 121
Trd, 2591320.996, 150
Trd, 2591323.096, 150
Trd, 2591323.663, 150
Trd, 2591323.763, 150
Trd, 2591323.979, 150
Trd, 2591324.029, 150
Trd, 2591324.746, 150
Trd, 2591324.763, 150
Trd, 2591324.796, 150
Trd, 2591326.713, 150
Trd, 2591327.096, 150
Trd, 2591327.563, 150
Trd, 2591327.579, 150
Trd, 2591327.729, 150
Trd, 2591327.763, 150
Trd, 2591327.863, 150
Trd, 2591327.979, 149
Trd, 2591328.063, 127
Trd, 2591329.013, 100
Trd, 2591329.146, 100
Trd, 2591329.479, 100
Trd, 2591329.496, 100
Trd, 2591329.596, 100
Trd, 2591329.646, 100
Trd, 2591329.779, 100
Trd, 2591329.963, 101
Trd, 2591330.846, 101
Trd, 2591331.379, 113
Trd, 2591331.579, 109
Trd, 2591331.596, 113
Trd, 2591331.679, 114
Trd, 2591332.113, 128
Trd, 2591332.446, 104
Trd, 2591333.763, 119
Trd, 2591333.779, 120
Trd, 2591335.113, 150
Trd, 2591335.213, 150
Trd, 2591335.863, 150
Trd, 2591335.913, 149
Trd, 2591335.996, 150
Trd, 2591336.363, 148
Trd, 2591336.779, 149
Trd, 2591336.929, 150
Trd, 2591336.979, 150
Trd, 2591337.546, 150
Trd, 2591337.813, 148
Trd, 2591337.896, 139
Trd, 2591338.113, 135
Trd, 2591338.579, 136
Trd, 2591338.596, 135
Trd, 2591339.346, 136
Trd, 2591339.513, 144
Trd, 2591339.713, 135
Trd, 2591340.063, 128
Trd, 2591340.196, 118
Trd, 2591340.913, 137
Trd, 2591341.296, 137
Trd, 2591341.563, 104
Trd, 2591341.796, 104
Trd, 2591341.913, 103
Trd, 2591342.496, 100
Trd, 2591342.529, 100
Trd, 2591342.896, 101
Trd, 2591343.529, 100
Trd, 2591343.629, 101
Trd, 2591343.729, 102
Trd, 2591345.229, 150
Trd, 2591346.046, 150
Trd, 2591346.196, 150
Trd, 2591346.279, 150
Trd, 2591347.263, 150
Trd, 2591348.263, 150
Trd, 2591348.279, 150
Trd, 2591348.529, 150
Trd, 2591348.779, 150
Trd, 2591348.979, 150
Trd, 2591350.963, 150
Trd, 2591351.046, 150
Trd, 2591351.163, 150
Trd, 2591351.279, 150
Trd, 2591351.646, 150
Trd, 2591351.879, 150
Trd, 2591351.946, 150
Trd, 2591352.029, 149
Trd, 2591352.063, 141
Trd, 2591352.146, 127
Trd, 2591352.296, 115
Trd, 2591352.946, 143
Trd, 2591352.996, 114
Trd, 2591353.113, 145
Trd, 2591353.313, 113
Trd, 2591353.363, 146
Trd, 2591353.746, 120
Trd, 2591354.496, 101
Trd, 2591355.379, 100
Trd, 2591355.479, 100
Trd, 2591356.029, 100
Trd, 2591356.463, 100
Trd, 2591357.646, 100
Trd, 2591359.163, 100
Trd, 2591359.396, 100
Trd, 2591359.596, 100
Trd, 2591359.813, 100
Trd, 2591360.179, 100
Trd, 2591361.163, 100
Trd, 2591361.263, 100
Trd, 2591361.363, 100
Trd, 2591361.379, 100
Trd, 2591361.596, 100
Trd, 2591361.713, 100
Trd, 2591361.829, 100
Trd, 2591361.963, 101
Trd, 2591362.213, 104
Trd, 2591362.329, 104
Trd, 2591362.379, 104
Trd, 2591362.513, 141
Trd, 2591362.746, 100
Trd, 2591362.829, 113
Trd, 2591362.996, 114
Trd, 2591363.479, 150
Trd, 2591363.546, 102
Trd, 2591363.913, 148
Trd, 2591364.663, 150
Trd, 2591365.329, 150
Trd, 2591365.663, 150
Trd, 2591366.096, 150
Trd, 2591366.396, 150
Trd, 2591366.813, 150
Trd, 2591367.179, 150
Trd, 2591367.246, 149
Trd, 2591369.646, 150
Trd, 2591369.663, 150
Trd, 2591369.946, 150
Trd, 2591369.963, 150
Trd, 2591370.063, 150
Trd, 2591370.179, 150
Trd, 2591370.363, 150
Trd, 2591370.663, 148
Trd, 2591371.146, 145
Trd, 2591371.846, 130
Trd, 2591372.029, 139
Trd, 2591372.346, 126
Trd, 2591372.363, 137
Trd, 2591372.629, 137
Trd, 2591372.996, 128
Trd, 2591373.563, 133
Trd, 2591373.746, 131
Trd, 2591374.029, 130
Trd, 2591374.879, 131
Trd, 2591374.896, 130
Trd, 2591375.046, 131
Trd, 2591375.246, 130
Trd, 2591375.379, 129
Trd, 2591375.546, 129
Trd, 2591375.713, 126
Trd, 2591376.063, 130
Trd, 2591376.229, 101
Trd, 2591376.363, 148
Trd, 2591376.996, 100
Trd, 2591378.363, 100
Trd, 2591378.579, 100
Trd, 2591378.596, 101
Trd, 2591379.229, 129
Trd, 2591380.129, 101
Trd, 2591380.479, 100
Trd, 2591381.096, 100
Trd, 2591381.363, 100
Trd, 2591381.496, 100
Trd, 2591381.646, 101
Trd, 2591381.846, 112
Trd, 2591383.346, 150
Trd, 2591383.379, 150
Trd, 2591384.046, 150
Trd, 2591385.163, 150
Trd, 2591385.896, 150
Trd, 2591386.363, 150
Trd, 2591386.579, 150
Trd, 2591387.813, 150
Trd, 2591388.429, 150
Trd, 2591388.813, 150
Trd, 2591389.013, 150
Trd, 2591389.146, 150
Trd, 2591389.346, 150
Trd, 2591389.396, 150
Trd, 2591389.596, 149
Trd, 2591389.813, 150
Trd, 2591389.863, 149
Trd, 2591390.429, 147
Trd, 2591390.663, 132
Trd, 2591390.813, 121
Trd, 2591391.663, 120
Trd, 2591392.446, 121
Trd, 2591392.529, 129
Trd, 2591392.563, 120
Trd, 2591392.713, 129
Trd, 2591393.296, 125
Trd, 2591393.713, 122
Trd, 2591394.196, 121
Trd, 2591394.346, 119
Trd, 2591394.429, 119
Trd, 2591394.529, 120
Trd, 2591394.796, 120
Trd, 2591395.529, 119
Trd, 2591395.679, 105
Trd, 2591395.846, 119
Trd, 2591396.129, 100
Trd, 2591396.796, 118
Trd, 2591397.063, 118
Trd, 2591397.629, 117
Trd, 2591398.046, 113
Trd, 2591398.213, 119
Trd, 2591398.829, 150
Trd, 2591399.996, 150
Trd, 2591400.263, 150
Trd, 2591400.829, 150
Trd, 2591401.196, 150
Trd, 2591401.363, 150
Trd, 2591402.579, 150
Trd, 2591403.746, 132
Trd, 2591403.779, 130
Trd, 2591403.913, 116
Trd, 2591404.363, 142
Trd, 2591404.429, 144
Trd, 2591405.146, 140
Trd, 2591405.629, 140
Trd, 2591405.696, 139
Trd, 2591406.096, 130
Trd, 2591406.213, 137
Trd, 2591406.296, 128
Trd, 2591406.313, 139
Trd, 2591406.329, 140
Trd, 2591406.446, 104
Trd, 2591406.629, 142
Trd, 2591406.863, 141
Trd, 2591408.063, 140
Trd, 2591408.379, 136
Trd, 2591408.696, 116
Trd, 2591408.796, 125
Trd, 2591410.146, 100
Trd, 2591410.996, 100
Trd, 2591412.029, 100
Trd, 2591412.079, 100
Trd, 2591412.513, 100
Trd, 2591413.363, 100
Trd, 2591413.663, 100
Trd, 2591413.746, 100
Trd, 2591413.896, 100
Trd, 2591413.946, 100
Trd, 2591414.413, 110
Trd, 2591414.679, 104
Trd, 2591414.763, 111
Trd, 2591415.196, 105
Trd, 2591415.596, 104
Trd, 2591416.113, 148
Trd, 2591416.629, 147
Trd, 2591416.879, 150
Trd, 2591417.096, 149
Trd, 2591417.263, 146
Trd, 2591417.863, 141
Trd, 2591417.913, 140
Trd, 2591418.146, 124
Trd, 2591418.863, 149
Trd, 2591419.013, 128
Trd, 2591419.596, 147
Trd, 2591420.279, 146
Trd, 2591420.513, 143
Trd, 2591420.746, 125
Trd, 2591421.196, 107
Trd, 2591421.313, 140
Trd, 2591421.929, 140
Trd, 2591422.013, 141
Trd, 2591422.629, 136
Trd, 2591422.979, 110
Trd, 2591423.313, 136
Trd, 2591423.329, 137
Trd, 2591423.729, 111
Trd, 2591424.796, 115
Trd, 2591425.463, 121
Trd, 2591425.479, 114
Trd, 2591426.113, 111
Trd, 2591426.879, 108
Trd, 2591427.063, 114
Trd, 2591427.329, 111
Trd, 2591427.429, 113
Trd, 2591427.446, 110
Trd, 2591428.346, 107
Trd, 2591428.363, 109
Trd, 2591428.829, 106
Trd, 2591429.046, 108
Trd, 2591429.063, 100
Trd, 2591429.146, 103
Trd, 2591429.746, 106
Trd, 2591429.763, 108
Trd, 2591430.329, 106
Trd, 2591430.496, 106
Trd, 2591431.013, 103
Trd, 2591431.046, 104
Trd, 2591431.346, 102
Trd, 2591431.813, 101
Trd, 2591432.446, 102
Trd, 2591432.663, 102
Trd, 2591433.296, 103
Trd, 2591433.379, 101
Trd, 2591433.629, 150
Trd, 2591433.963, 125
Trd, 2591434.463, 104
Trd, 2591434.596, 121
Trd, 2591435.096, 121
Trd, 2591435.396, 122
Trd, 2591436.479, 150
Trd, 2591436.513, 150
Trd, 2591437.363, 150
Trd, 2591437.429, 150
Trd, 2591437.763, 149
Trd, 2591438.413, 150
Trd, 2591439.146, 150
Trd, 2591440.729, 150
Trd, 2591442.213, 150
Trd, 2591442.396, 150
Trd, 2591442.629, 150
Trd, 2591442.663, 150
Trd, 2591443.179, 150
Trd, 2591443.213, 150
Trd, 2591443.579, 136
Trd, 2591443.629, 136
Trd, 2591444.213, 138
Trd, 2591444.879, 135
Trd, 2591444.913, 137
Trd, 2591445.429, 134
Trd, 2591445.546, 141
Trd, 2591445.763, 112
Trd, 2591445.979, 142
Trd, 2591446.063, 143
Trd, 2591446.929, 115
Trd, 2591447.313, 112
Trd, 2591447.863, 114
Trd, 2591448.263, 134
Trd, 2591448.729, 118
Trd, 2591448.979, 121
Trd, 2591449.229, 131
Trd, 2591449.413, 131
Trd, 2591449.729, 129
Trd, 2591449.746, 130
Trd, 2591449.813, 125
Trd, 2591450.329, 128
Trd, 2591450.696, 130
Trd, 2591450.896, 131
Trd, 2591450.996, 128
Trd, 2591451.079, 126
Trd, 2591451.179, 119
Trd, 2591451.213, 132
Trd, 2591452.246, 107
Trd, 2591452.429, 105
Trd, 2591452.613, 106
Trd, 2591452.829, 106
Trd, 2591452.863, 102
Trd, 2591452.946, 107
Trd, 2591453.479, 108
Trd, 2591453.696, 108
Trd, 2591453.946, 150
Trd, 2591455.663, 150
Trd, 2591455.696, 150
Trd, 2591455.763, 150
Trd, 2591455.863, 150
Trd, 2591455.913, 148
Trd, 2591455.963, 146
Trd, 2591456.579, 148
Trd, 2591456.796, 149
Trd, 2591457.129, 148
Trd, 2591457.346, 149
Trd, 2591458.513, 150
Trd, 2591458.763, 147
Trd, 2591458.896, 148
Trd, 2591459.679, 134
Trd, 2591460.163, 137
Trd, 2591461.063, 136
Trd, 2591461.163, 135
Trd, 2591461.329, 134
Trd, 2591461.813, 133
Trd, 2591462.179, 134
Trd, 2591462.246, 123
Trd, 2591463.229, 120
Trd, 2591463.396, 134
Trd, 2591463.946, 135
Trd, 2591464.479, 119
Trd, 2591465.363, 150
Trd, 2591465.663, 150
Trd, 2591465.796, 149
Trd, 2591466.296, 149
Trd, 2591466.796, 148
Trd, 2591467.829, 150
Trd, 2591468.279, 150
Trd, 2591468.329, 150
Trd, 2591468.463, 149
Trd, 2591468.596, 144
Trd, 2591468.813, 149
Trd, 2591469.879, 139
Trd, 2591469.946, 137
Trd, 2591469.996, 138
Trd, 2591470.263, 136
Trd, 2591470.696, 125
Trd, 2591471.513, 118
Trd, 2591471.929, 124
Trd, 2591471.963, 125
Trd, 2591472.413, 121
Trd, 2591472.813, 119
Trd, 2591473.146, 102
Trd, 2591473.213, 118
Trd, 2591473.296, 118
Trd, 2591473.646, 114
Trd, 2591473.713, 115
Trd, 2591473.746, 116
Trd, 2591474.529, 102
Trd, 2591475.379, 100
Trd, 2591475.679, 100
Trd, 2591475.729, 100
Trd, 2591476.196, 105
Trd, 2591476.746, 101
Trd, 2591477.429, 100
Trd, 2591478.046, 100
Trd, 2591478.079, 100
Trd, 2591478.113, 100
Trd, 2591478.529, 100
Trd, 2591478.629, 100
Trd, 2591478.963, 100
Trd, 2591479.013, 100
Trd, 2591479.396, 101
Trd, 2591480.846, 100
Trd, 2591481.096, 105
Trd, 2591481.346, 104
Trd, 2591481.446, 101
Trd, 2591481.463, 108
Trd, 2591482.579, 106
Trd, 2591482.796, 150
Trd, 2591483.129, 150
Trd, 2591483.213, 150
Trd, 2591483.546, 150
Trd, 2591483.863, 150
Trd, 2591484.113, 150
Trd, 2591484.129, 150
Trd, 2591484.213, 148
Trd, 2591484.863, 128
Trd, 2591485.546, 149
Trd, 2591485.979, 149
Trd, 2591486.413, 149
Trd, 2591487.246, 110
Trd, 2591487.929, 140
Trd, 2591488.913, 131
Trd, 2591489.113, 132
Trd, 2591489.413, 117
Trd, 2591489.546, 116
Trd, 2591490.046, 115
Trd, 2591490.663, 123
Trd, 2591490.696, 114
Trd, 2591490.813, 124
Trd, 2591491.363, 126
Trd, 2591491.546, 127
Trd, 2591491.713, 129
Trd, 2591491.779, 130
Trd, 2591492.146, 128
Trd, 2591492.496, 132
Trd, 2591492.546, 121
Trd, 2591493.079, 150
Trd, 2591493.679, 150
Trd, 2591494.463, 150
Trd, 2591494.979, 150
Trd, 2591495.013, 150
Trd, 2591496.363, 150
Trd, 2591498.796, 150
Trd, 2591498.896, 150
Trd, 2591499.463, 150
Trd, 2591499.663, 150
Trd, 2591499.896, 150
Trd, 2591499.996, 150
Trd, 2591500.146, 150
Trd, 2591500.163, 150
Trd, 2591500.213, 150
Trd, 2591500.279, 150
Trd, 2591500.463, 150
Trd, 2591500.729, 150
Trd, 2591500.746, 150
Trd, 2591501.579, 150
Trd, 2591501.596, 149
Trd, 2591501.729, 149
Trd, 2591502.146, 137
Trd, 2591502.196, 149
Trd, 2591502.513, 140
Trd, 2591502.579, 149
Trd, 2591503.596, 131
Trd, 2591503.813, 143
Trd, 2591504.379, 141
Trd, 2591504.629, 141
Trd, 2591505.096, 140
Trd, 2591505.546, 128
Trd, 2591506.263, 130
Trd, 2591506.396, 128
Trd, 2591506.846, 128
Trd, 2591507.296, 139
Trd, 2591507.346, 142
Trd, 2591507.879, 122
Trd, 2591508.446, 105
Trd, 2591509.846, 150
Trd, 2591510.279, 150
Trd, 2591510.296, 150
Trd, 2591510.446, 150
Trd, 2591511.513, 150
Trd, 2591511.696, 150
Trd, 2591511.713, 150
Trd, 2591511.879, 149
Trd, 2591512.146, 148
Trd, 2591512.296, 148
Trd, 2591512.796, 143
Trd, 2591512.813, 144
Trd, 2591513.379, 101
Trd, 2591513.629, 101
Trd, 2591513.896, 102
Trd, 2591514.413, 100
Trd, 2591514.663, 100
Trd, 2591515.079, 100
Trd, 2591515.096, 101
Trd, 2591515.596, 100
Trd, 2591515.696, 100
Trd, 2591515.763, 101
Trd, 2591516.146, 100
Trd, 2591516.979, 100
Trd, 2591517.779, 100
Trd, 2591518.313, 100
Trd, 2591518.446, 102
Trd, 2591519.029, 102
Trd, 2591519.146, 101
Trd, 2591519.429, 101
Trd, 2591519.646, 100
Trd, 2591519.796, 101
Trd, 2591520.229, 103
Trd, 2591520.663, 100
Trd, 2591520.929, 100
Trd, 2591521.213, 101
Trd, 2591521.746, 102
Trd, 2591522.129, 100
Trd, 2591523.079, 100
Trd, 2591523.546, 100
Trd, 2591524.363, 100
Trd, 2591524.779, 100
Trd, 2591525.063, 102
Trd, 2591525.429, 100
Trd, 2591525.646, 100
Trd, 2591525.713, 100
Trd, 2591525.779, 100
Trd, 2591526.179, 100
Trd, 2591526.829, 101
Trd, 2591526.863, 101
Trd, 2591527.546, 105
Trd, 2591527.679, 103
Trd, 2591527.896, 103
Trd, 2591528.179, 102
Trd, 2591529.296, 100
Trd, 2591529.596, 100
Trd, 2591529.996, 100
Trd, 2591530.629, 100
Trd, 2591530.879, 100
Trd, 2591531.079, 100
Trd, 2591531.296, 101
Trd, 2591531.363, 102
Trd, 2591531.713, 150
Trd, 2591531.946, 104
Trd, 2591532.529, 102
Trd, 2591532.646, 103
Trd, 2591532.879, 100
Trd, 2591533.179, 100
Trd, 2591534.763, 100
Trd, 2591534.846, 100
Trd, 2591535.963, 100
Trd, 2591535.979, 100
Trd, 2591536.663, 100
Trd, 2591537.046, 100
Trd, 2591537.263, 100
Trd, 2591537.679, 100
Trd, 2591537.979, 100
Trd, 2591538.129, 100
Trd, 2591538.329, 101
Trd, 2591538.479, 101
Trd, 2591538.613, 102
Trd, 2591538.946, 100
Trd, 2591539.446, 101
Trd, 2591539.796, 103
Trd, 2591539.913, 107
Trd, 2591539.979, 109
Trd, 2591540.429, 106
Trd, 2591541.896, 150
Trd, 2591541.929, 149
Trd, 2591542.929, 125
Trd, 2591544.213, 150
Trd, 2591545.879, 150
Trd, 2591546.096, 150
Trd, 2591546.113, 150
Trd, 2591546.163, 150
Trd, 2591546.896, 150
Trd, 2591546.996, 150
Trd, 2591547.029, 150
Trd, 2591547.729, 150
Trd, 2591547.896, 150
Trd, 2591547.929, 150
Trd, 2591548.096, 150
Trd, 2591548.179, 150
Trd, 2591548.196, 150
Trd, 2591548.229, 149
Trd, 2591548.346, 128
Trd, 2591548.963, 148
Trd, 2591549.046, 149
Trd, 2591549.079, 150
Trd, 2591549.146, 148
Trd, 2591549.446, 108
Trd, 2591550.279, 150
Trd, 2591550.379, 134
Trd, 2591551.913, 103
Trd, 2591552.363, 101
Trd, 2591552.646, 109
Trd, 2591552.679, 110
Trd, 2591553.179, 100
Trd, 2591553.529, 111
Trd, 2591554.146, 102
Trd, 2591554.379, 101
Trd, 2591554.563, 102
Trd, 2591554.746, 104
Trd, 2591554.913, 104
Trd, 2591554.946, 118
Trd, 2591555.913, 108
Trd, 2591556.013, 124
Trd, 2591556.413, 150
Trd, 2591557.063, 116
Trd, 2591557.429, 116
Trd, 2591557.529, 134
Trd, 2591558.529, 150
Trd, 2591559.863, 150
Trd, 2591560.763, 150
Trd, 2591561.046, 150
Trd, 2591561.513, 150
Trd, 2591561.746, 150
Trd, 2591561.879, 150
Trd, 2591563.229, 150
Trd, 2591563.263, 150
Trd, 2591563.313, 150
Trd, 2591563.363, 149
Trd, 2591563.463, 149
Trd, 2591563.479, 149
Trd, 2591563.679, 148
Trd, 2591563.929, 149
Trd, 2591564.096, 149
Trd, 2591564.163, 129
Trd, 2591564.813, 141
Trd, 2591564.996, 140
Trd, 2591565.813, 133
Trd, 2591565.896, 132
Trd, 2591566.146, 131
Trd, 2591566.179, 128
Trd, 2591566.996, 120
Trd, 2591567.579, 123
Trd, 2591567.729, 123
Trd, 2591567.829, 122
Trd, 2591568.046, 124
Trd, 2591568.113, 126
Trd, 2591568.763, 119
Trd, 2591568.896, 135
Trd, 2591569.146, 122
Trd, 2591569.213, 149
Trd, 2591570.196, 147
Trd, 2591571.396, 150
Trd, 2591572.696, 150
Trd, 2591572.996, 150
Trd, 2591573.679, 150
Trd, 2591574.129, 149
Trd, 2591575.296, 150
Trd, 2591576.129, 150
Trd, 2591576.163, 150
Trd, 2591576.696, 150
Trd, 2591576.796, 150
Trd, 2591576.879, 150
Trd, 2591576.946, 150
Trd, 2591577.229, 149
Trd, 2591577.263, 149
Trd, 2591578.096, 147
Trd, 2591578.896, 148
Trd, 2591578.913, 147
Trd, 2591579.029, 149
Trd, 2591579.196, 144
Trd, 2591579.329, 125
Trd, 2591579.363, 118
Trd, 2591579.563, 113
Trd, 2591579.996, 147
Trd, 2591580.346, 150
Trd, 2591580.729, 101
Trd, 2591580.846, 100
Trd, 2591580.946, 149
Trd, 2591581.346, 101
Trd, 2591581.679, 147
Trd, 2591582.046, 101
Trd, 2591582.113, 113
Trd, 2591583.129, 101
Trd, 2591583.929, 100
Trd, 2591584.746, 100
Trd, 2591585.496, 100
Trd, 2591585.929, 100
Trd, 2591586.896, 100
Trd, 2591587.446, 100
Trd, 2591587.463, 100
Trd, 2591587.696, 100
Trd, 2591587.763, 100
Trd, 2591588.046, 100
Trd, 2591588.363, 100
Trd, 2591588.763, 100
Trd, 2591588.946, 101
Trd, 2591588.979, 101
Trd, 2591589.479, 102
Trd, 2591590.013, 104
Trd, 2591590.729, 100
Trd, 2591591.063, 100
Trd, 2591591.179, 100
Trd, 2591591.496, 100
Trd, 2591591.646, 106
Trd, 2591592.279, 100
Trd, 2591592.413, 100
Trd, 2591592.646, 100
Trd, 2591592.663, 100
Trd, 2591593.046, 100
Trd, 2591593.529, 103
Trd, 2591594.029, 102
Trd, 2591594.113, 103
Trd, 2591594.196, 102
Trd, 2591594.996, 103
Trd, 2591595.646, 104
Trd, 2591595.663, 105
Trd, 2591596.313, 106
Trd, 2591596.646, 107
Trd, 2591597.429, 150
Trd, 2591597.463, 150
Trd, 2591598.163, 150
Trd, 2591598.796, 150
Trd, 2591599.913, 150
Trd, 2591600.113, 150
Trd, 2591601.296, 150
Trd, 2591601.463, 150
Trd, 2591601.579, 150
Trd, 2591602.179, 150
Trd, 2591602.313, 150
Trd, 2591602.346, 150
Trd, 2591602.479, 150
Trd, 2591602.646, 149
Trd, 2591602.729, 149
Trd, 2591603.729, 146
Trd, 2591603.813, 149
Trd, 2591604.146, 118
Trd, 2591604.213, 109
Trd, 2591604.929, 141
Trd, 2591605.079, 111
Trd, 2591605.563, 110
Trd, 2591605.846, 107
Trd, 2591605.879, 105
Trd, 2591606.129, 137
Trd, 2591606.863, 130
Trd, 2591607.029, 129
Trd, 2591607.113, 120
Trd, 2591607.413, 129
Trd, 2591607.496, 130
Trd, 2591607.946, 129
Trd, 2591608.396, 121
Trd, 2591608.563, 121
Trd, 2591609.179, 121
Trd, 2591609.496, 122
Trd, 2591609.579, 121
Trd, 2591610.063, 150
Trd, 2591610.379, 150
Trd, 2591612.713, 150
Trd, 2591613.296, 150
Trd, 2591613.546, 150
Trd, 2591613.596, 148
Trd, 2591613.963, 149
Trd, 2591614.246, 148
Trd, 2591614.613, 150
Trd, 2591614.779, 149
Trd, 2591615.046, 150
Trd, 2591617.279, 150
Trd, 2591617.779, 150
Trd, 2591618.979, 150
Trd, 2591619.163, 150
Trd, 2591619.463, 150
Trd, 2591619.629, 150
Trd, 2591619.729, 150
Trd, 2591619.746, 150
Trd, 2591620.046, 150
Trd, 2591620.063, 147
Trd, 2591620.629, 148
Trd, 2591620.729, 147
Trd, 2591620.846, 148
Trd, 2591620.879, 133
Trd, 2591620.946, 106
Trd, 2591621.146, 141
Trd, 2591621.513, 118
Trd, 2591622.129, 130
Trd, 2591622.913, 126
Trd, 2591622.979, 121
Trd, 2591623.196, 124
Trd, 2591623.229, 125
Trd, 2591623.879, 118
Trd, 2591623.913, 123
Trd, 2591623.979, 124
Trd, 2591625.163, 115
Trd, 2591625.346, 121
Trd, 2591626.129, 115
Trd, 2591626.596, 111
Trd, 2591626.613, 114
Trd, 2591626.663, 116
Trd, 2591626.746, 116
Trd, 2591627.029, 116
Trd, 2591627.813, 115
Trd, 2591629.213, 100
Trd, 2591629.646, 100
Trd, 2591630.279, 100
Trd, 2591630.829, 100
Trd, 2591630.896, 100
Trd, 2591630.913, 100
Trd, 2591630.979, 100
Trd, 2591631.296, 100
Trd, 2591631.696, 100
Trd, 2591631.846, 100
Trd, 2591631.913, 100
Trd, 2591632.046, 100
Trd, 2591632.713, 100
Trd, 2591633.813, 100
Trd, 2591633.996, 100
Trd, 2591634.413, 100
Trd, 2591635.696, 100
Trd, 2591636.913, 100
Trd, 2591636.946, 100
Trd, 2591637.013, 100
Trd, 2591637.096, 100
Trd, 2591637.113, 100
Trd, 2591637.196, 100
Trd, 2591637.279, 102
Trd, 2591637.713, 101
Trd, 2591638.313, 102
Trd, 2591638.679, 100
Trd, 2591638.863, 100
Trd, 2591638.879, 101
Trd, 2591639.446, 102
Trd, 2591639.663, 100
Trd, 2591639.679, 101
Trd, 2591639.829, 104
Trd, 2591639.863, 105
Trd, 2591640.229, 100
Trd, 2591640.413, 101
Trd, 2591640.729, 102
Trd, 2591641.146, 102
Trd, 2591641.463, 103
Trd, 2591641.846, 103
Trd, 2591641.979, 102
Trd, 2591642.679, 103
Trd, 2591643.079, 106
Trd, 2591643.246, 101
Trd, 2591643.546, 100
Trd, 2591643.863, 101
Trd, 2591644.046, 101
Trd, 2591644.079, 103
Trd, 2591644.479, 103
Trd, 2591645.113, 150
Trd, 2591645.163, 149
Trd, 2591645.463, 150
Trd, 2591646.179, 150
Trd, 2591646.746, 148
Trd, 2591648.463, 150
Trd, 2591648.763, 150
Trd, 2591649.163, 150
Trd, 2591649.279, 150
Trd, 2591651.563, 150
Trd, 2591651.979, 150
Trd, 2591652.013, 150
Trd, 2591652.296, 149
Trd, 2591652.329, 149
Trd, 2591652.413, 148
Trd, 2591653.013, 136
Trd, 2591653.863, 129
Trd, 2591654.046, 137
Trd, 2591654.096, 114
Trd, 2591654.563, 134
Trd, 2591654.729, 136
Trd, 2591655.129, 136
Trd, 2591655.163, 127
Trd, 2591656.129, 121
Trd, 2591657.196, 128
Trd, 2591657.463, 123
Trd, 2591657.646, 127
Trd, 2591657.679, 128
Trd, 2591657.996, 126
Trd, 2591658.063, 127
Trd, 2591658.096, 128
Trd, 2591658.279, 130
Trd, 2591658.463, 125
Trd, 2591658.746, 131
Trd, 2591659.313, 128
Trd, 2591659.463, 128
Trd, 2591659.629, 128
Trd, 2591659.829, 131
Trd, 2591660.746, 130
Trd, 2591660.763, 131
Trd, 2591661.113, 129
Trd, 2591661.196, 112
Trd, 2591661.513, 102
Trd, 2591661.663, 120
Trd, 2591661.846, 103
Trd, 2591662.929, 105
Trd, 2591663.363, 104
Trd, 2591663.646, 104
Trd, 2591663.679, 105
Trd, 2591664.413, 100
Trd, 2591664.496, 102
Trd, 2591665.829, 102
Trd, 2591666.213, 105
Trd, 2591666.496, 103
Trd, 2591666.646, 119
Trd, 2591666.913, 120
Trd, 2591667.513, 112
Trd, 2591667.829, 112
Trd, 2591668.229, 105
Trd, 2591668.879, 106
Trd, 2591669.413, 100
Trd, 2591669.896, 100
Trd, 2591669.979, 100
Trd, 2591670.246, 100
Trd, 2591671.363, 100
Trd, 2591671.546, 100
Trd, 2591671.646, 100
Trd, 2591671.779, 100
Trd, 2591672.563, 100
Trd, 2591672.963, 100
Trd, 2591673.063, 100
Trd, 2591674.246, 100
Trd, 2591674.329, 100
Trd, 2591674.529, 100
Trd, 2591674.829, 100
Trd, 2591675.179, 100
Trd, 2591675.929, 100
Trd, 2591676.346, 100
Trd, 2591676.713, 100
Trd, 2591677.946, 100
Trd, 2591678.246, 100
Trd, 2591679.046, 100
Trd, 2591679.079, 100
Trd, 2591679.263, 100
Trd, 2591679.329, 100
Trd, 2591679.346, 100
Trd, 2591679.513, 100
Trd, 2591679.529, 100
Trd, 2591679.746, 102
Trd, 2591679.813, 101
Trd, 2591680.046, 104
Trd, 2591680.279, 101
Trd, 2591680.629, 102
Trd, 2591681.146, 105
Trd, 2591681.813, 119
Trd, 2591682.979, 150
Trd, 2591683.446, 150
Trd, 2591683.529, 150
Trd, 2591683.696, 150
Trd, 2591683.963, 148
Trd, 2591684.163, 148
Trd, 2591684.463, 132
Trd, 2591684.863, 150
Trd, 2591685.296, 131
Trd, 2591685.546, 133
Trd, 2591685.729, 132
Trd, 2591686.213, 144
Trd, 2591686.779, 129
Trd, 2591686.879, 128
Trd, 2591686.963, 142
Trd, 2591687.546, 138
Trd, 2591688.813, 132
Trd, 2591689.479, 131
Trd, 2591690.179, 115
Trd, 2591690.279, 114
Trd, 2591690.763, 127
Trd, 2591691.413, 104
Trd, 2591691.446, 105
Trd, 2591691.963, 101
Trd, 2591691.996, 101
Trd, 2591692.663, 100
Trd, 2591693.029, 100
Trd, 2591693.629, 100
Trd, 2591693.996, 100
Trd, 2591694.179, 100
Trd, 2591694.546, 100
Trd, 2591694.613, 100
Trd, 2591695.179, 100
Trd, 2591695.996, 100
Trd, 2591696.279, 100
Trd, 2591696.563, 100
Trd, 2591697.046, 100
Trd, 2591697.329, 100
Trd, 2591697.963, 100
Trd, 2591698.046, 100
Trd, 2591698.763, 100
Trd, 2591698.946, 100
Trd, 2591698.996, 100
Trd, 2591699.213, 100
Trd, 2591699.463, 100
Trd, 2591699.729, 100
Trd, 2591699.829, 100
Trd, 2591700.013, 100
Trd, 2591700.379, 101
Trd, 2591700.546, 100
Trd, 2591700.663, 101
Trd, 2591701.363, 100
Trd, 2591701.996, 100
Trd, 2591702.729, 100
Trd, 2591702.746, 100
Trd, 2591702.779, 104
Trd, 2591702.879, 105
Trd, 2591703.029, 103
Trd, 2591703.363, 106
Trd, 2591703.429, 107
Trd, 2591704.229, 100
Trd, 2591704.946, 121
Trd, 2591705.346, 111
Trd, 2591705.479, 120
Trd, 2591706.263, 115
Trd, 2591706.313, 114
Trd, 2591706.579, 113
Trd, 2591706.729, 124
Trd, 2591708.563, 150
Trd, 2591708.996, 150
Trd, 2591709.546, 150
Trd, 2591709.713, 150
Trd, 2591710.079, 150
Trd, 2591710.629, 150
Trd, 2591710.696, 150
Trd, 2591711.163, 150
Trd, 2591711.263, 150
Trd, 2591711.296, 150
Trd, 2591711.763, 150
Trd, 2591711.896, 150
Trd, 2591711.913, 150
Trd, 2591712.146, 149
Trd, 2591712.796, 125
Trd, 2591712.913, 141
Trd, 2591713.046, 145
Trd, 2591713.529, 143
Trd, 2591714.746, 100
Trd, 2591716.179, 100
Trd, 2591716.846, 100
Trd, 2591717.196, 100
Trd, 2591717.463, 100
Trd, 2591718.513, 100
Trd, 2591718.629, 100
Trd, 2591719.096, 100
Trd, 2591719.513, 100
Trd, 2591719.629, 100
Trd, 2591719.913, 100
Trd, 2591720.146, 100
Trd, 2591720.713, 100
Trd, 2591721.313, 100
Trd, 2591721.879, 100
Trd, 2591722.179, 100
Trd, 2591722.246, 100
Trd, 2591722.279, 100
Trd, 2591722.429, 100
Trd, 2591722.596, 100
Trd, 2591722.729, 100
Trd, 2591722.879, 101
Trd, 2591723.929, 100
Trd, 2591724.246, 100
Trd, 2591724.713, 100
Trd, 2591725.363, 100
Trd, 2591725.879, 100
Trd, 2591726.146, 100
Trd, 2591726.363, 100
Trd, 2591726.529, 100
Trd, 2591726.563, 100
Trd, 2591726.579, 100
Trd, 2591726.829, 100
Trd, 2591726.946, 100
Trd, 2591727.446, 101
Trd, 2591727.479, 100
Trd, 2591727.796, 102
Trd, 2591728.013, 102
Trd, 2591728.613, 101
Trd, 2591728.629, 101
Trd, 2591728.946, 101
Trd, 2591729.263, 102
Trd, 2591729.529, 103
Trd, 2591730.829, 103
Trd, 2591731.113, 104
Trd, 2591731.479, 137
Trd, 2591731.896, 101
Trd, 2591732.513, 100
Trd, 2591733.063, 100
Trd, 2591733.129, 100
Trd, 2591733.179, 100
Trd, 2591733.546, 100
Trd, 2591733.679, 101
Trd, 2591733.779, 102
Trd, 2591733.996, 102
Trd, 2591734.129, 104
Trd, 2591734.229, 102
Trd, 2591734.279, 101
Trd, 2591735.079, 101
Trd, 2591735.929, 102
Trd, 2591736.013, 104
Trd, 2591737.763, 100
Trd, 2591738.146, 100
Trd, 2591738.179, 100
Trd, 2591738.846, 100
Trd, 2591739.079, 100
Trd, 2591739.263, 100
Trd, 2591739.279, 101
Trd, 2591739.729, 101
Trd, 2591739.829, 102
Trd, 2591740.013, 102
Trd, 2591740.279, 105
Trd, 2591740.413, 105
Trd, 2591740.829, 103
Trd, 2591741.129, 103
Trd, 2591741.479, 101
Trd, 2591741.763, 101
Trd, 2591741.996, 100
Trd, 2591742.563, 100
Trd, 2591742.629, 100
Trd, 2591743.196, 100
Trd, 2591744.796, 100
Trd, 2591745.163, 100
Trd, 2591745.429, 100
Trd, 2591745.863, 100
Trd, 2591746.196, 100
Trd, 2591746.213, 100
Trd, 2591746.263, 101
Trd, 2591746.396, 100
Trd, 2591746.496, 101
Trd, 2591746.529, 102
Trd, 2591746.779, 103
Trd, 2591746.879, 103
Trd, 2591747.663, 101
Trd, 2591748.246, 100
Trd, 2591749.029, 100
Trd, 2591749.279, 100
Trd, 2591749.329, 100
Trd, 2591749.629, 100
Trd, 2591749.696, 101
Trd, 2591749.879, 102
Trd, 2591750.579, 102
Trd, 2591750.896, 106
Trd, 2591751.463, 103
Trd, 2591751.979, 104
Trd, 2591753.179, 105
Trd, 2591753.613, 105
Trd, 2591753.863, 106
Trd, 2591754.129, 106
Trd, 2591754.763, 100
Trd, 2591755.163, 103
Trd, 2591755.329, 101
Trd, 2591756.446, 100
Trd, 2591756.496, 100
Trd, 2591756.729, 100
Trd, 2591756.879, 101
Trd, 2591757.929, 101
Trd, 2591758.679, 100
Trd, 2591759.113, 100
Trd, 2591759.429, 100
Trd, 2591760.913, 100
Trd, 2591761.079, 100
Trd, 2591761.929, 100
Trd, 2591761.979, 100
Trd, 2591762.029, 100
Trd, 2591762.196, 101
Trd, 2591762.563, 101
Trd, 2591762.663, 100
Trd, 2591762.779, 104
Trd, 2591762.896, 100
Trd, 2591762.996, 101
Trd, 2591763.263, 103
Trd, 2591763.363, 104
Trd, 2591763.396, 105
Trd, 2591763.779, 149
Trd, 2591765.946, 150
Trd, 2591766.663, 150
Trd, 2591767.429, 150
Trd, 2591767.763, 150
Trd, 2591768.629, 150
Trd, 2591769.013, 150
Trd, 2591769.413, 150
Trd, 2591769.446, 150
Trd, 2591769.696, 150
Trd, 2591769.746, 150
Trd, 2591769.929, 150
Trd, 2591770.046, 150
Trd, 2591770.329, 150
Trd, 2591770.579, 131
Trd, 2591770.779, 149
Trd, 2591770.979, 149
Trd, 2591771.413, 125
Trd, 2591771.713, 123
Trd, 2591772.013, 122
Trd, 2591772.179, 111
Trd, 2591772.713, 141
Trd, 2591772.863, 119
Trd, 2591773.329, 142
Trd, 2591773.479, 118
Trd, 2591773.546, 141
Trd, 2591774.529, 139
Trd, 2591774.579, 140
Trd, 2591774.946, 140
Trd, 2591775.679, 114
Trd, 2591777.463, 110
Trd, 2591777.696, 129
Trd, 2591778.046, 129
Trd, 2591778.829, 120
Trd, 2591779.163, 120
Trd, 2591779.229, 120
Trd, 2591779.329, 117
Trd, 2591779.963, 119
Trd, 2591780.129, 119
Trd, 2591780.446, 118
Trd, 2591780.613, 119
Trd, 2591780.663, 125
Trd, 2591780.763, 116
Trd, 2591780.929, 136
Trd, 2591781.663, 148
Trd, 2591781.929, 120
Trd, 2591782.629, 150
Trd, 2591783.279, 150
Trd, 2591783.596, 149
Trd, 2591783.996, 150
Trd, 2591784.463, 149
Trd, 2591784.763, 149
Trd, 2591785.029, 141
Trd, 2591785.213, 149
Trd, 2591785.696, 136
Trd, 2591785.946, 135
Trd, 2591786.763, 150
Trd, 2591787.696, 150
Trd, 2591787.779, 145
Trd, 2591787.929, 143
Trd, 2591788.196, 147
Trd, 2591788.513, 128
Trd, 2591788.529, 126
Trd, 2591788.929, 150
Trd, 2591790.096, 140
Trd, 2591790.629, 118
Trd, 2591791.129, 122
Trd, 2591791.146, 120
Trd, 2591791.396, 116
Trd, 2591791.429, 120
Trd, 2591791.613, 121
Trd, 2591791.829, 120
Trd, 2591792.479, 116
Trd, 2591792.496, 117
Trd, 2591792.863, 115
Trd, 2591793.179, 115
Trd, 2591793.446, 103
Trd, 2591793.546, 114
Trd, 2591793.746, 113
Trd, 2591793.796, 114
Trd, 2591794.896, 100
Trd, 2591795.229, 100
Trd, 2591795.529, 100
Trd, 2591796.129, 100
Trd, 2591796.163, 100
Trd, 2591796.596, 100
Trd, 2591798.896, 100
Trd, 2591798.929, 100
Trd, 2591799.346, 103
Trd, 2591799.713, 102
Trd, 2591799.996, 102
Trd, 2591800.113, 103
Trd, 2591800.329, 104
Trd, 2591800.629, 103
Trd, 2591801.246, 142
Trd, 2591801.329, 104
Trd, 2591801.563, 148
Trd, 2591801.813, 149
Trd, 2591803.279, 141
Trd, 2591803.513, 144
Trd, 2591803.679, 142
Trd, 2591803.729, 141
Trd, 2591803.796, 143
Trd, 2591803.813, 144
Trd, 2591804.796, 145
Trd, 2591804.813, 144
Trd, 2591805.179, 144
Trd, 2591805.396, 143
Trd, 2591805.496, 137
Trd, 2591805.663, 117
Trd, 2591805.696, 147
Trd, 2591806.096, 120
Trd, 2591806.479, 111
Trd, 2591807.146, 100
Trd, 2591807.629, 100
Trd, 2591808.396, 100
Trd, 2591808.513, 100
Trd, 2591810.013, 100
Trd, 2591810.129, 100
Trd, 2591810.729, 100
Trd, 2591810.996, 100
Trd, 2591811.196, 100
Trd, 2591811.213, 100
Trd, 2591811.446, 101
Trd, 2591811.729, 100
Trd, 2591811.779, 103
Trd, 2591813.413, 150
Trd, 2591813.663, 150
Trd, 2591815.179, 150
Trd, 2591815.446, 150
Trd, 2591816.129, 150
Trd, 2591816.679, 150
Trd, 2591817.379, 150
Trd, 2591817.613, 150
Trd, 2591817.696, 150
Trd, 2591817.713, 150
Trd, 2591818.196, 150
Trd, 2591818.213, 150
Trd, 2591818.496, 150
Trd, 2591818.679, 150
Trd, 2591818.863, 150
Trd, 2591818.913, 144
Trd, 2591819.129, 143
Trd, 2591819.763, 146
Trd, 2591820.329, 145
Trd, 2591820.529, 149
Trd, 2591821.213, 143
Trd, 2591821.513, 146
Trd, 2591822.029, 147
Trd, 2591822.263, 124
Trd, 2591822.429, 122
Trd, 2591822.846, 136
Trd, 2591823.329, 135
Trd, 2591823.713, 143
Trd, 2591823.796, 144
Trd, 2591823.829, 145
Trd, 2591824.279, 120
Trd, 2591824.779, 122
Trd, 2591825.679, 136
Trd, 2591825.696, 135
Trd, 2591825.829, 135
Trd, 2591825.913, 134
Trd, 2591826.596, 121
Trd, 2591827.429, 112
Trd, 2591827.796, 113
Trd, 2591828.229, 116
Trd, 2591828.363, 123
Trd, 2591828.379, 115
Trd, 2591828.846, 122
Trd, 2591829.046, 122
Trd, 2591829.263, 117
Trd, 2591830.029, 116
Trd, 2591830.763, 112
Trd, 2591831.013, 113
Trd, 2591831.313, 114
Trd, 2591831.329, 112
Trd, 2591831.863, 115
Trd, 2591831.879, 114
Trd, 2591832.213, 110
Trd, 2591832.246, 116
Trd, 2591832.263, 117
Trd, 2591833.113, 104
Trd, 2591833.379, 106
Trd, 2591834.313, 100
Trd, 2591834.546, 100
Trd, 2591835.196, 100
Trd, 2591835.663, 100
Trd, 2591835.913, 100
Trd, 2591835.929, 100
Trd, 2591836.063, 101
Trd, 2591837.479, 147
Trd, 2591837.613, 145
Trd, 2591839.279, 150
Trd, 2591839.396, 150
Trd, 2591840.196, 150
Trd, 2591840.546, 150
Trd, 2591840.596, 150
Trd, 2591840.979, 150
Trd, 2591841.079, 150
Trd, 2591841.196, 150
Trd, 2591841.363, 150
Trd, 2591841.379, 150
Trd, 2591841.396, 134
Trd, 2591842.279, 146
Trd, 2591842.363, 136
Trd, 2591842.563, 134
Trd, 2591843.029, 135
Trd, 2591843.179, 142
Trd, 2591843.946, 137
Trd, 2591844.029, 137
Trd, 2591844.546, 135
Trd, 2591844.679, 134
Trd, 2591844.913, 134
Trd, 2591846.196, 128
Trd, 2591846.396, 128
Trd, 2591846.596, 101
Trd, 2591846.896, 130
Trd, 2591847.346, 103
Trd, 2591847.746, 103
Trd, 2591848.346, 103
Trd, 2591848.429, 101
Trd, 2591848.496, 100
Trd, 2591848.579, 103
Trd, 2591848.963, 100
Trd, 2591849.213, 100
Trd, 2591849.796, 100
Trd, 2591850.796, 100
Trd, 2591851.146, 100
Trd, 2591851.413, 100
Trd, 2591851.513, 100
Trd, 2591851.563, 100
Trd, 2591851.713, 100
Trd, 2591852.679, 100
Trd, 2591852.829, 100
Trd, 2591852.863, 100
Trd, 2591852.913, 100
Trd, 2591853.379, 101
Trd, 2591853.696, 101
Trd, 2591854.096, 105
Trd, 2591854.846, 100
Trd, 2591854.946, 103
Trd, 2591855.579, 104
Trd, 2591855.596, 103
Trd, 2591855.713, 103
Trd, 2591856.029, 101
Trd, 2591856.329, 101
Trd, 2591856.363, 102
Trd, 2591856.596, 105
Trd, 2591857.179, 102
Trd, 2591857.763, 104
Trd, 2591858.096, 103
Trd, 2591858.329, 105
Trd, 2591858.763, 100
Trd, 2591859.563, 100
Trd, 2591859.929, 100
Trd, 2591860.329, 100
Trd, 2591861.129, 100
Trd, 2591861.629, 100
Trd, 2591861.763, 100
Trd, 2591862.729, 100
Trd, 2591862.896, 100
Trd, 2591863.246, 101
Trd, 2591863.479, 104
Trd, 2591863.779, 103
Trd, 2591864.246, 103
Trd, 2591864.729, 103
Trd, 2591864.763, 101
Trd, 2591865.146, 101
Trd, 2591865.213, 104
Trd, 2591865.329, 100
Trd, 2591866.296, 103
Trd, 2591866.579, 105
Trd, 2591867.046, 106
Trd, 2591867.263, 105
Trd, 2591867.779, 107
Trd, 2591868.079, 110
Trd, 2591868.196, 110
Trd, 2591868.379, 110
Trd, 2591868.463, 111
Trd, 2591869.596, 150
Trd, 2591869.613, 150
Trd, 2591870.779, 150
Trd, 2591870.946, 150
Trd, 2591872.596, 150
Trd, 2591873.529, 150
Trd, 2591874.163, 150
Trd, 2591875.729, 150
Trd, 2591876.463, 150
Trd, 2591876.496, 150
Trd, 2591876.563, 150
Trd, 2591876.646, 150
Trd, 2591876.679, 150
Trd, 2591876.713, 150
Trd, 2591876.896, 149
Trd, 2591877.213, 149
Trd, 2591877.329, 149
Trd, 2591877.463, 148
Trd, 2591877.663, 137
Trd, 2591877.779, 146
Trd, 2591878.413, 146
Trd, 2591878.996, 141
Trd, 2591879.196, 126
Trd, 2591879.396, 141
Trd, 2591879.479, 141
Trd, 2591879.796, 118
Trd, 2591880.529, 118
Trd, 2591880.596, 139
Trd, 2591881.379, 127
Trd, 2591881.613, 125
Trd, 2591881.996, 113
Trd, 2591882.029, 132
Trd, 2591882.663, 108
Trd, 2591883.779, 100
Trd, 2591883.979, 100
Trd, 2591884.013, 100
Trd, 2591884.329, 100
Trd, 2591884.796, 100
Trd, 2591885.279, 100
Trd, 2591885.363, 100
Trd, 2591885.429, 100
Trd, 2591885.663, 102
Trd, 2591885.896, 100
Trd, 2591886.429, 100
Trd, 2591886.463, 100
Trd, 2591887.346, 101
Trd, 2591887.513, 102
Trd, 2591887.963, 100
Trd, 2591888.596, 100
Trd, 2591889.096, 100
Trd, 2591889.596, 100
Trd, 2591890.229, 100
Trd, 2591890.746, 100
Trd, 2591892.046, 100
Trd, 2591892.863, 100
Trd, 2591892.896, 100
Trd, 2591893.046, 100
Trd, 2591893.346, 100
Trd, 2591893.379, 100
Trd, 2591893.429, 100
Trd, 2591893.629, 100
Trd, 2591893.646, 101
Trd, 2591893.846, 100
Trd, 2591894.113, 101
Trd, 2591894.346, 101
Trd, 2591895.079, 100
Trd, 2591895.296, 100
Trd, 2591895.546, 100
Trd, 2591895.979, 100
Trd, 2591896.029, 100
Trd, 2591896.279, 102
Trd, 2591896.579, 102
Trd, 2591896.779, 100
Trd, 2591896.963, 100
Trd, 2591897.096, 101
Trd, 2591897.746, 100
Trd, 2591898.579, 100
Trd, 2591900.879, 100
Trd, 2591901.263, 100
Trd, 2591901.413, 100
Trd, 2591902.279, 100
Trd, 2591902.496, 100
Trd, 2591902.729, 100
Trd, 2591902.946, 100
Trd, 2591903.013, 101
Trd, 2591903.079, 100
Trd, 2591903.096, 101
Trd, 2591903.263, 103
Trd, 2591903.413, 106
Trd, 2591904.229, 150
Trd, 2591904.463, 150
Trd, 2591904.546, 150
Trd, 2591904.813, 150
Trd, 2591905.096, 150
Trd, 2591905.229, 124
Trd, 2591905.329, 123
Trd, 2591905.579, 114
Trd, 2591905.929, 126
Trd, 2591906.363, 110
Trd, 2591906.613, 109
Trd, 2591907.029, 134
Trd, 2591907.496, 132
Trd, 2591908.413, 127
Trd, 2591908.479, 127
Trd, 2591908.879, 127
Trd, 2591909.013, 126
Trd, 2591909.296, 126
Trd, 2591909.513, 126
Trd, 2591909.729, 125
Trd, 2591910.029, 108
Trd, 2591910.096, 119
Trd, 2591911.013, 100
Trd, 2591911.396, 100
Trd, 2591911.463, 100
Trd, 2591911.663, 100
Trd, 2591912.363, 100
Trd, 2591912.463, 100
Trd, 2591912.996, 106
Trd, 2591913.379, 100
Trd, 2591914.613, 100
Trd, 2591915.963, 100
Trd, 2591916.863, 100
Trd, 2591916.929, 100
Trd, 2591917.413, 100
Trd, 2591917.613, 100
Trd, 2591917.763, 100
Trd, 2591917.779, 100
Trd, 2591917.796, 100
Trd, 2591917.979, 100
Trd, 2591918.363, 101
Trd, 2591918.863, 100
Trd, 2591919.163, 100
Trd, 2591919.213, 101
Trd, 2591920.096, 100
Trd, 2591920.146, 101
Trd, 2591920.613, 102
Trd, 2591920.846, 101
Trd, 2591921.046, 104
Trd, 2591921.496, 103
Trd, 2591921.529, 104
Trd, 2591921.696, 103
Trd, 2591921.763, 111
Trd, 2591922.046, 112
Trd, 2591922.113, 103
Trd, 2591922.946, 127
Trd, 2591924.213, 127
Trd, 2591924.846, 150
Trd, 2591925.079, 150
Trd, 2591925.146, 150
Trd, 2591925.329, 149
Trd, 2591925.579, 150
Trd, 2591926.263, 150
Trd, 2591926.796, 150
Trd, 2591927.296, 150
Trd, 2591927.479, 150
Trd, 2591927.563, 150
Trd, 2591927.696, 150
Trd, 2591927.796, 150
Trd, 2591928.413, 150
Trd, 2591929.879, 150
Trd, 2591929.979, 150
Trd, 2591930.179, 150
Trd, 2591930.513, 149
Trd, 2591930.729, 149
Trd, 2591930.813, 146
Trd, 2591931.529, 143
Trd, 2591931.646, 143
Trd, 2591931.763, 121
Trd, 2591931.796, 144
Trd, 2591932.846, 100
Trd, 2591933.079, 100
Trd, 2591933.979, 100
Trd, 2591934.196, 100
Trd, 2591934.329, 100
Trd, 2591934.396, 100
Trd, 2591934.863, 100
Trd, 2591934.879, 104
Trd, 2591934.996, 108
Trd, 2591936.213, 150
Trd, 2591938.796, 150
Trd, 2591938.946, 150
Trd, 2591940.429, 150
Trd, 2591940.529, 150
Trd, 2591940.613, 150
Trd, 2591940.629, 150
Trd, 2591940.813, 150
Trd, 2591940.863, 150
Trd, 2591941.163, 150
Trd, 2591941.263, 150
Trd, 2591941.313, 150
Trd, 2591941.846, 150
Trd, 2591942.146, 148
Trd, 2591942.513, 146
Trd, 2591943.096, 122
Trd, 2591943.763, 122
Trd, 2591944.029, 137
Trd, 2591944.179, 121
Trd, 2591944.513, 135
Trd, 2591945.329, 100
Trd, 2591945.713, 100
Trd, 2591947.313, 100
Trd, 2591947.363, 100
Trd, 2591947.429, 100
Trd, 2591947.729, 100
Trd, 2591948.096, 100
Trd, 2591948.463, 100
Trd, 2591948.879, 100
Trd, 2591948.929, 100
Trd, 2591949.096, 100
Trd, 2591949.246, 100
Trd, 2591949.279, 100
Trd, 2591949.763, 100
Trd, 2591950.229, 101
Trd, 2591950.263, 100
Trd, 2591950.296, 100
Trd, 2591950.563, 100
Trd, 2591950.579, 102
Trd, 2591951.046, 100
Trd, 2591951.463, 100
Trd, 2591951.746, 100
Trd, 2591951.929, 100
Trd, 2591952.779, 100
Trd, 2591953.296, 100
Trd, 2591953.429, 100
Trd, 2591953.929, 100
Trd, 2591954.063, 101
Trd, 2591954.129, 102
Trd, 2591955.829, 105
Trd, 2591955.979, 105
Trd, 2591956.263, 106
Trd, 2591956.763, 110
Trd, 2591956.846, 125
Trd, 2591957.863, 150
Trd, 2591957.963, 150
Trd, 2591958.179, 142
Trd, 2591959.429, 108
Trd, 2591959.696, 109
Trd, 2591959.863, 110
Trd, 2591959.913, 111
Trd, 2591960.146, 111
Trd, 2591960.379, 110
Trd, 2591960.546, 111
Trd, 2591960.846, 109
Trd, 2591960.913, 108
Trd, 2591961.163, 108
Trd, 2591961.246, 109
Trd, 2591961.363, 112
Trd, 2591962.163, 104
Trd, 2591962.496, 114
Trd, 2591962.629, 116
Trd, 2591963.029, 144
Trd, 2591963.313, 150
Trd, 2591963.629, 104
Trd, 2591964.163, 149
Trd, 2591964.263, 101
Trd, 2591965.063, 100
Trd, 2591965.496, 100
Trd, 2591965.863, 100
Trd, 2591966.046, 100
Trd, 2591966.113, 100
Trd, 2591966.213, 100
Trd, 2591966.679, 100
Trd, 2591966.746, 101
Trd, 2591967.229, 100
Trd, 2591967.829, 101
Trd, 2591967.913, 104
Trd, 2591968.113, 117
Trd, 2591968.196, 109
Trd, 2591969.229, 150
Trd, 2591969.479, 150
Trd, 2591969.863, 150
Trd, 2591969.963, 150
Trd, 2591970.179, 150
Trd, 2591971.213, 150
Trd, 2591971.446, 150
Trd, 2591971.763, 120
Trd, 2591971.779, 102
Trd, 2591972.946, 100
Trd, 2591972.979, 100
Trd, 2591973.013, 100
Trd, 2591973.579, 100
Trd, 2591973.679, 100
Trd, 2591973.796, 100
Trd, 2591974.113, 101
Trd, 2591975.129, 118
Trd, 2591975.463, 116
Trd, 2591975.529, 117
Trd, 2591975.846, 100
Trd, 2591976.813, 100
Trd, 2591976.846, 103
Trd, 2591977.913, 102
Trd, 2591977.929, 103
Trd, 2591978.063, 104
Trd, 2591978.229, 103
Trd, 2591978.313, 102
Trd, 2591978.546, 101
Trd, 2591978.713, 101
Trd, 2591979.513, 100
Trd, 2591979.696, 100
Trd, 2591980.763, 100
Trd, 2591981.246, 100
Trd, 2591981.279, 100
Trd, 2591983.013, 100
Trd, 2591983.096, 100
Trd, 2591983.713, 100
Trd, 2591983.763, 101
Trd, 2591984.113, 103
Trd, 2591984.263, 103
Trd, 2591984.396, 106
Trd, 2591984.779, 105
Trd, 2591984.913, 106
Trd, 2591985.163, 107
Trd, 2591985.296, 106
Trd, 2591985.379, 105
Trd, 2591986.396, 100
Trd, 2591986.713, 100
Trd, 2591988.129, 100
Trd, 2591988.713, 100
Trd, 2591989.096, 100
Trd, 2591989.229, 100
Trd, 2591989.346, 100
Trd, 2591989.379, 100
Trd, 2591989.563, 100
Trd, 2591989.779, 100
Trd, 2591989.846, 101
Trd, 2591990.513, 101
Trd, 2591990.879, 149
Trd, 2591991.996, 100
Trd, 2591992.629, 100
Trd, 2591992.979, 100
Trd, 2591993.696, 100
Trd, 2591993.813, 100
Trd, 2591993.979, 100
Trd, 2591994.096, 100
Trd, 2591994.279, 101
Trd, 2591994.379, 100
Trd, 2591994.613, 100
Trd, 2591994.663, 101
Trd, 2591994.913, 106
Trd, 2591995.029, 100
Trd, 2591995.696, 103
Trd, 2591996.046, 131
Trd, 2591996.363, 103
Trd, 2591996.879, 115
Trd, 2591998.163, 150
Trd, 2591998.463, 150
Trd, 2591998.796, 150
Trd, 2591999.146, 150
Trd, 2591999.163, 150
Trd, 2591999.429, 150
Trd, 2591999.563, 150
Trd, 2591999.929, 149
Trd, 2591999.996, 143
