Trd, 2590823.996, 150
Trd, 2590824.096, 150
Trd, 2590824.363, 150
Trd, 2590824.396, 150
Trd, 2590824.479, 150
Trd, 2590824.979, 150
Trd, 2590825.463, 150
Trd, 2590825.929, 150
Trd, 2590827.063, 150
Trd, 2590827.229, 150
Trd, 2590827.629, 150
Trd, 2590827.796, 150
Trd, 2590828.363, 150
Trd, 2590828.796, 150
Trd, 2590828.863, 150
Trd, 2590829.346, 150
Trd, 2590829.446, 150
Trd, 2590829.863, 150
Trd, 2590830.129, 150
Trd, 2590830.279, 149
Trd, 2590830.363, 146
Trd, 2590830.613, 141
Trd, 2590830.846, 135
Trd, 2590831.179, 147
Trd, 2590831.329, 147
Trd, 2590831.496, 146
Trd, 2590831.596, 118
Trd, 2590832.046, 106
Trd, 2590832.396, 116
Trd, 2590832.996, 142
Trd, 2590833.463, 141
Trd, 2590834.379, 139
Trd, 2590835.279, 128
Trd, 2590835.446, 127
Trd, 2590835.546, 128
Trd, 2590835.596, 129
Trd, 2590836.229, 127
Trd, 2590837.329, 150
Trd, 2590838.429, 150
Trd, 2590839.463, 150
Trd, 2590839.696, 150
Trd, 2590839.763, 150
Trd, 2590840.796, 150
Trd, 2590840.879, 150
Trd, 2590842.013, 150
Trd, 2590842.179, 150
Trd, 2590842.196, 150
Trd, 2590842.213, 150
Trd, 2590842.429, 150
Trd, 2590842.696, 150
Trd, 2590843.563, 150
Trd, 2590844.329, 150
Trd, 2590845.446, 150
Trd, 2590845.879, 150
Trd, 2590846.129, 150
Trd, 2590846.396, 150
Trd, 2590846.596, 150
Trd, 2590846.763, 150
Trd, 2590847.046, 138
Trd, 2590847.429, 137
Trd, 2590848.046, 150
Trd, 2590848.113, 149
Trd, 2590848.129, 148
Trd, 2590848.196, 141
Trd, 2590848.913, 135
Trd, 2590849.296, 147
Trd, 2590849.313, 148
Trd, 2590849.813, 147
Trd, 2590850.146, 150
Trd, 2590850.646, 150
Trd, 2590851.213, 150
Trd, 2590851.329, 150
Trd, 2590851.413, 150
Trd, 2590851.913, 136
Trd, 2590852.029, 145
Trd, 2590854.229, 145
Trd, 2590854.429, 137
Trd, 2590854.796, 134
Trd, 2590854.979, 144
Trd, 2590855.129, 144
Trd, 2590855.313, 142
Trd, 2590855.963, 141
Trd, 2590856.229, 141
Trd, 2590856.496, 144
Trd, 2590856.746, 148
Trd, 2590857.613, 146
Trd, 2590857.929, 143
Trd, 2590858.163, 143
Trd, 2590858.613, 142
Trd, 2590858.646, 141
Trd, 2590858.829, 142
Trd, 2590859.463, 140
Trd, 2590859.663, 140
Trd, 2590859.846, 141
Trd, 2590859.896, 138
Trd, 2590860.779, 146
Trd, 2590862.196, 150
Trd, 2590862.379, 150
Trd, 2590862.979, 150
Trd, 2590863.213, 150
Trd, 2590863.413, 150
Trd, 2590863.513, 149
Trd, 2590865.463, 150
Trd, 2590865.529, 150
Trd, 2590865.563, 150
Trd, 2590865.746, 150
Trd, 2590866.046, 149
Trd, 2590866.263, 149
Trd, 2590866.713, 150
Trd, 2590866.863, 150
Trd, 2590867.163, 148
Trd, 2590867.246, 138
Trd, 2590867.363, 144
Trd, 2590867.829, 148
Trd, 2590868.096, 148
Trd, 2590868.329, 149
Trd, 2590868.996, 149
Trd, 2590869.063, 140
Trd, 2590869.329, 140
Trd, 2590869.829, 144
Trd, 2590870.363, 149
Trd, 2590871.363, 149
Trd, 2590872.613, 150
Trd, 2590873.329, 150
Trd, 2590873.813, 150
Trd, 2590873.863, 150
Trd, 2590874.246, 150
Trd, 2590874.313, 150
Trd, 2590874.829, 150
Trd, 2590874.896, 150
Trd, 2590875.229, 150
Trd, 2590875.429, 150
Trd, 2590875.496, 149
Trd, 2590875.646, 139
Trd, 2590875.963, 135
Trd, 2590876.113, 133
Trd, 2590877.029, 135
Trd, 2590877.529, 133
Trd, 2590877.863, 131
Trd, 2590878.029, 131
Trd, 2590878.779, 142
Trd, 2590878.929, 120
Trd, 2590879.429, 121
Trd, 2590879.713, 141
Trd, 2590879.763, 142
Trd, 2590880.663, 137
Trd, 2590880.813, 125
Trd, 2590881.013, 125
Trd, 2590881.179, 137
Trd, 2590881.263, 123
Trd, 2590881.663, 147
Trd, 2590882.846, 150
Trd, 2590883.913, 150
Trd, 2590883.963, 145
Trd, 2590885.013, 150
Trd, 2590885.246, 150
Trd, 2590885.613, 150
Trd, 2590886.363, 150
Trd, 2590887.596, 150
Trd, 2590887.663, 150
Trd, 2590887.879, 150
Trd, 2590887.896, 150
Trd, 2590887.946, 150
Trd, 2590888.663, 146
Trd, 2590889.296, 133
Trd, 2590889.446, 142
Trd, 2590889.996, 136
Trd, 2590890.146, 133
Trd, 2590890.279, 132
Trd, 2590890.313, 133
Trd, 2590891.229, 129
Trd, 2590891.696, 127
Trd, 2590891.863, 126
Trd, 2590891.946, 125
Trd, 2590892.163, 124
Trd, 2590892.446, 124
Trd, 2590892.596, 124
Trd, 2590892.779, 124
Trd, 2590892.913, 125
Trd, 2590892.979, 111
Trd, 2590893.263, 113
Trd, 2590893.596, 121
Trd, 2590893.896, 109
Trd, 2590895.146, 120
Trd, 2590895.513, 109
Trd, 2590895.846, 109
Trd, 2590895.963, 109
Trd, 2590896.329, 111
Trd, 2590896.863, 114
Trd, 2590897.229, 110
Trd, 2590897.429, 111
Trd, 2590897.546, 111
Trd, 2590897.696, 109
Trd, 2590898.563, 114
Trd, 2590898.879, 104
Trd, 2590899.263, 105
Trd, 2590899.379, 130
Trd, 2590901.279, 125
Trd, 2590901.496, 114
Trd, 2590902.163, 118
Trd, 2590902.196, 128
Trd, 2590902.829, 129
Trd, 2590902.896, 133
Trd, 2590904.196, 150
Trd, 2590904.979, 150
Trd, 2590905.829, 150
Trd, 2590906.796, 150
Trd, 2590907.279, 150
Trd, 2590907.329, 150
Trd, 2590907.363, 150
Trd, 2590907.529, 150
Trd, 2590908.146, 150
Trd, 2590908.513, 150
Trd, 2590908.896, 150
Trd, 2590908.946, 150
Trd, 2590909.346, 150
Trd, 2590909.463, 150
Trd, 2590909.563, 150
Trd, 2590909.996, 148
Trd, 2590910.329, 148
Trd, 2590910.396, 148
Trd, 2590911.079, 147
Trd, 2590911.229, 142
Trd, 2590912.213, 150
Trd, 2590912.296, 150
Trd, 2590912.396, 150
Trd, 2590912.763, 137
Trd, 2590912.913, 127
Trd, 2590912.979, 126
Trd, 2590913.429, 148
Trd, 2590913.829, 115
Trd, 2590914.296, 144
Trd, 2590914.379, 149
Trd, 2590916.463, 149
Trd, 2590916.779, 149
Trd, 2590916.929, 149
Trd, 2590917.646, 150
Trd, 2590917.979, 149
Trd, 2590918.929, 150
Trd, 2590919.313, 150
Trd, 2590919.646, 150
Trd, 2590919.663, 150
Trd, 2590920.413, 150
Trd, 2590920.913, 150
Trd, 2590920.996, 150
Trd, 2590921.463, 148
Trd, 2590921.863, 148
Trd, 2590922.279, 150
Trd, 2590922.413, 150
Trd, 2590923.229, 148
Trd, 2590923.346, 148
Trd, 2590923.663, 135
Trd, 2590923.813, 147
Trd, 2590923.929, 147
Trd, 2590923.979, 132
Trd, 2590924.696, 147
Trd, 2590924.829, 109
Trd, 2590925.079, 147
Trd, 2590926.563, 138
Trd, 2590926.646, 137
Trd, 2590926.696, 138
Trd, 2590927.329, 102
Trd, 2590927.396, 102
Trd, 2590927.646, 103
Trd, 2590928.063, 136
Trd, 2590928.579, 149
Trd, 2590929.596, 101
Trd, 2590929.779, 104
Trd, 2590930.063, 104
Trd, 2590930.179, 104
Trd, 2590930.346, 108
Trd, 2590931.079, 134
Trd, 2590931.413, 115
Trd, 2590932.363, 150
Trd, 2590932.713, 150
Trd, 2590932.846, 150
Trd, 2590932.996, 150
Trd, 2590933.396, 150
Trd, 2590933.929, 150
Trd, 2590934.529, 150
Trd, 2590934.946, 150
Trd, 2590935.429, 150
Trd, 2590936.696, 150
Trd, 2590937.013, 150
Trd, 2590937.746, 150
Trd, 2590937.896, 150
Trd, 2590938.046, 150
Trd, 2590938.079, 150
Trd, 2590939.913, 150
Trd, 2590940.313, 150
Trd, 2590941.279, 150
Trd, 2590941.346, 150
Trd, 2590941.613, 150
Trd, 2590941.646, 150
Trd, 2590941.713, 150
Trd, 2590941.979, 150
Trd, 2590942.279, 150
Trd, 2590942.313, 150
Trd, 2590942.446, 150
Trd, 2590942.796, 150
Trd, 2590943.146, 150
Trd, 2590943.779, 150
Trd, 2590944.179, 150
Trd, 2590944.213, 150
Trd, 2590944.463, 150
Trd, 2590944.813, 150
Trd, 2590944.946, 150
Trd, 2590945.196, 150
Trd, 2590945.296, 150
Trd, 2590945.346, 150
Trd, 2590946.263, 150
Trd, 2590946.813, 150
Trd, 2590946.946, 150
Trd, 2590949.163, 148
Trd, 2590949.296, 132
Trd, 2590949.763, 131
Trd, 2590950.479, 107
Trd, 2590950.779, 130
Trd, 2590950.813, 131
Trd, 2590950.846, 132
Trd, 2590951.529, 150
Trd, 2590951.613, 147
Trd, 2590952.429, 147
Trd, 2590953.113, 150
Trd, 2590953.713, 150
Trd, 2590953.896, 150
Trd, 2590954.296, 150
Trd, 2590954.363, 150
Trd, 2590954.479, 150
Trd, 2590954.563, 150
Trd, 2590954.796, 150
Trd, 2590954.979, 149
Trd, 2590955.896, 148
Trd, 2590956.129, 137
Trd, 2590956.563, 146
Trd, 2590956.696, 145
Trd, 2590958.396, 144
Trd, 2590958.846, 145
Trd, 2590959.063, 145
Trd, 2590959.346, 146
Trd, 2590959.829, 144
Trd, 2590959.996, 143
Trd, 2590960.296, 130
Trd, 2590960.529, 145
Trd, 2590960.663, 104
Trd, 2590961.296, 144
Trd, 2590961.313, 125
Trd, 2590961.413, 124
Trd, 2590961.596, 145
Trd, 2590963.129, 119
Trd, 2590963.146, 120
Trd, 2590964.496, 150
Trd, 2590965.829, 150
Trd, 2590966.046, 150
Trd, 2590966.096, 150
Trd, 2590966.129, 150
Trd, 2590966.163, 150
Trd, 2590966.329, 150
Trd, 2590966.396, 150
Trd, 2590966.679, 150
Trd, 2590966.763, 150
Trd, 2590966.796, 150
Trd, 2590967.413, 148
Trd, 2590967.546, 148
Trd, 2590968.863, 150
Trd, 2590968.979, 150
Trd, 2590969.229, 149
Trd, 2590969.879, 150
Trd, 2590970.163, 149
Trd, 2590970.579, 147
Trd, 2590970.913, 147
Trd, 2590970.929, 132
Trd, 2590971.479, 142
Trd, 2590972.046, 140
Trd, 2590972.463, 140
Trd, 2590972.663, 140
Trd, 2590973.079, 132
Trd, 2590974.413, 144
Trd, 2590974.463, 129
Trd, 2590974.663, 127
Trd, 2590975.429, 149
Trd, 2590975.563, 148
Trd, 2590975.913, 148
Trd, 2590976.113, 146
Trd, 2590976.263, 138
Trd, 2590976.579, 141
Trd, 2590976.796, 121
Trd, 2590977.496, 100
Trd, 2590979.096, 100
Trd, 2590979.363, 100
Trd, 2590979.813, 100
Trd, 2590980.296, 100
Trd, 2590980.563, 100
Trd, 2590981.146, 100
Trd, 2590981.613, 100
Trd, 2590981.663, 100
Trd, 2590981.696, 100
Trd, 2590981.813, 100
Trd, 2590981.963, 101
Trd, 2590982.529, 103
Trd, 2590982.546, 106
Trd, 2590982.896, 150
Trd, 2590984.129, 150
Trd, 2590984.179, 150
Trd, 2590984.713, 150
Trd, 2590984.896, 150
Trd, 2590985.113, 147
Trd, 2590985.729, 145
Trd, 2590986.629, 143
Trd, 2590986.763, 143
Trd, 2590987.096, 150
Trd, 2590987.163, 130
Trd, 2590989.213, 150
Trd, 2590989.979, 150
Trd, 2590990.029, 150
Trd, 2590991.296, 150
Trd, 2590991.313, 150
Trd, 2590991.596, 150
Trd, 2590992.813, 150
Trd, 2590992.863, 150
Trd, 2590992.963, 150
Trd, 2590993.046, 150
Trd, 2590993.796, 150
Trd, 2590993.863, 150
Trd, 2590994.263, 150
Trd, 2590994.396, 150
Trd, 2590994.896, 150
Trd, 2590995.029, 150
Trd, 2590995.429, 150
Trd, 2590995.629, 150
Trd, 2590996.163, 139
Trd, 2590996.296, 150
Trd, 2590996.596, 132
Trd, 2590996.779, 131
Trd, 2590997.263, 150
Trd, 2590999.046, 150
Trd, 2590999.213, 150
Trd, 2590999.429, 150
Trd, 2590999.913, 150
Trd, 2591000.179, 150
Trd, 2591000.213, 150
Trd, 2591000.296, 150
Trd, 2591000.596, 150
Trd, 2591000.779, 150
Trd, 2591001.063, 144
Trd, 2591001.296, 142
Trd, 2591001.363, 149
Trd, 2591001.963, 148
Trd, 2591002.413, 146
Trd, 2591003.113, 146
Trd, 2591003.246, 147
Trd, 2591004.329, 148
Trd, 2591004.513, 147
Trd, 2591004.629, 149
Trd, 2591005.029, 146
Trd, 2591005.596, 147
Trd, 2591005.679, 146
Trd, 2591005.896, 144
Trd, 2591006.246, 131
Trd, 2591006.563, 144
Trd, 2591007.296, 122
Trd, 2591008.263, 128
Trd, 2591008.729, 126
Trd, 2591008.863, 113
Trd, 2591009.013, 128
Trd, 2591009.813, 118
Trd, 2591010.246, 118
Trd, 2591010.763, 150
Trd, 2591011.363, 150
Trd, 2591012.613, 150
Trd, 2591012.913, 149
Trd, 2591013.246, 135
Trd, 2591013.563, 138
Trd, 2591014.063, 146
Trd, 2591014.229, 147
Trd, 2591014.663, 145
Trd, 2591014.729, 145
Trd, 2591014.746, 144
Trd, 2591015.113, 146
Trd, 2591015.729, 150
Trd, 2591016.313, 150
Trd, 2591017.463, 150
Trd, 2591018.463, 150
Trd, 2591019.429, 150
Trd, 2591019.513, 150
Trd, 2591020.029, 150
Trd, 2591020.446, 150
Trd, 2591020.496, 150
Trd, 2591020.579, 150
Trd, 2591020.746, 150
Trd, 2591020.863, 150
Trd, 2591021.063, 150
Trd, 2591021.129, 139
Trd, 2591021.813, 143
Trd, 2591021.829, 141
Trd, 2591022.613, 146
Trd, 2591022.746, 147
Trd, 2591022.963, 147
Trd, 2591023.229, 148
Trd, 2591023.379, 146
Trd, 2591023.463, 142
Trd, 2591024.113, 150
Trd, 2591024.446, 150
Trd, 2591025.713, 150
Trd, 2591025.829, 150
Trd, 2591027.446, 150
Trd, 2591027.479, 150
Trd, 2591027.496, 150
Trd, 2591028.196, 150
Trd, 2591028.763, 150
Trd, 2591030.079, 150
Trd, 2591030.229, 150
Trd, 2591030.329, 150
Trd, 2591030.563, 149
Trd, 2591030.829, 149
Trd, 2591031.213, 150
Trd, 2591031.496, 150
Trd, 2591031.529, 149
Trd, 2591031.913, 148
Trd, 2591032.929, 143
Trd, 2591033.079, 143
Trd, 2591033.413, 127
Trd, 2591033.496, 125
Trd, 2591034.146, 116
Trd, 2591034.629, 113
Trd, 2591035.046, 113
Trd, 2591035.579, 114
Trd, 2591035.913, 116
Trd, 2591036.446, 121
Trd, 2591037.446, 128
Trd, 2591037.596, 127
Trd, 2591037.729, 137
Trd, 2591038.579, 135
Trd, 2591038.779, 132
Trd, 2591038.846, 131
Trd, 2591039.029, 134
Trd, 2591039.313, 130
Trd, 2591039.863, 132
Trd, 2591039.996, 132
Trd, 2591040.163, 133
Trd, 2591040.446, 132
Trd, 2591040.813, 133
Trd, 2591040.896, 129
Trd, 2591041.046, 150
Trd, 2591041.113, 148
Trd, 2591042.413, 148
Trd, 2591042.663, 130
Trd, 2591043.529, 142
Trd, 2591043.629, 150
Trd, 2591044.063, 140
Trd, 2591045.196, 150
Trd, 2591045.629, 150
Trd, 2591046.796, 150
Trd, 2591047.229, 150
Trd, 2591047.329, 150
Trd, 2591047.463, 149
Trd, 2591047.579, 149
Trd, 2591047.929, 138
Trd, 2591048.529, 122
Trd, 2591049.146, 139
Trd, 2591049.229, 140
Trd, 2591049.896, 134
Trd, 2591050.029, 136
Trd, 2591050.063, 138
Trd, 2591050.379, 131
Trd, 2591050.663, 131
Trd, 2591051.629, 149
Trd, 2591051.896, 133
Trd, 2591052.146, 150
Trd, 2591052.629, 139
Trd, 2591053.179, 150
Trd, 2591053.613, 142
Trd, 2591053.813, 150
Trd, 2591053.929, 142
Trd, 2591054.463, 150
Trd, 2591055.029, 144
Trd, 2591055.496, 150
Trd, 2591056.063, 150
Trd, 2591056.246, 150
Trd, 2591056.563, 150
Trd, 2591057.513, 150
Trd, 2591057.696, 150
Trd, 2591057.996, 150
Trd, 2591060.613, 150
Trd, 2591060.846, 150
Trd, 2591061.546, 150
Trd, 2591061.679, 150
Trd, 2591062.129, 150
Trd, 2591062.179, 150
Trd, 2591062.679, 150
Trd, 2591062.946, 149
Trd, 2591063.213, 147
Trd, 2591063.396, 138
Trd, 2591063.596, 142
Trd, 2591063.746, 137
Trd, 2591064.029, 141
Trd, 2591064.513, 137
Trd, 2591064.746, 137
Trd, 2591064.929, 135
Trd, 2591065.096, 134
Trd, 2591065.346, 135
Trd, 2591065.446, 132
Trd, 2591065.529, 135
Trd, 2591066.013, 133
Trd, 2591066.379, 125
Trd, 2591066.413, 136
Trd, 2591066.579, 128
Trd, 2591066.746, 115
Trd, 2591068.163, 135
Trd, 2591069.179, 136
Trd, 2591069.263, 141
Trd, 2591069.996, 138
Trd, 2591070.046, 138
Trd, 2591070.079, 136
Trd, 2591070.146, 135
Trd, 2591070.263, 137
Trd, 2591070.529, 135
Trd, 2591071.046, 129
Trd, 2591071.446, 128
Trd, 2591071.746, 129
Trd, 2591071.979, 128
Trd, 2591072.163, 129
Trd, 2591072.179, 130
Trd, 2591072.363, 129
Trd, 2591072.529, 138
Trd, 2591074.863, 150
Trd, 2591075.296, 150
Trd, 2591075.863, 150
Trd, 2591076.379, 150
Trd, 2591076.413, 150
Trd, 2591076.463, 150
Trd, 2591076.896, 147
Trd, 2591077.146, 147
Trd, 2591077.446, 140
Trd, 2591077.979, 130
Trd, 2591078.263, 149
Trd, 2591079.046, 129
Trd, 2591079.279, 146
Trd, 2591079.479, 146
Trd, 2591079.563, 129
Trd, 2591080.479, 140
Trd, 2591080.829, 129
Trd, 2591081.196, 130
Trd, 2591081.213, 141
Trd, 2591081.313, 129
Trd, 2591081.546, 125
Trd, 2591082.096, 121
Trd, 2591082.746, 122
Trd, 2591082.779, 130
Trd, 2591082.829, 131
Trd, 2591082.896, 132
Trd, 2591083.179, 130
Trd, 2591083.329, 131
Trd, 2591083.679, 132
Trd, 2591084.279, 131
Trd, 2591084.513, 133
Trd, 2591084.979, 144
Trd, 2591085.296, 143
Trd, 2591087.529, 150
Trd, 2591087.579, 150
Trd, 2591088.246, 150
Trd, 2591088.696, 150
Trd, 2591089.679, 150
Trd, 2591090.729, 150
Trd, 2591090.763, 150
Trd, 2591090.929, 150
Trd, 2591091.046, 150
Trd, 2591091.496, 150
Trd, 2591091.596, 150
Trd, 2591091.713, 150
Trd, 2591091.863, 150
Trd, 2591091.929, 148
Trd, 2591092.429, 134
Trd, 2591092.479, 122
Trd, 2591093.196, 113
Trd, 2591093.596, 132
Trd, 2591094.296, 134
Trd, 2591094.313, 131
Trd, 2591096.079, 150
Trd, 2591097.213, 150
Trd, 2591097.596, 150
Trd, 2591098.163, 150
Trd, 2591098.346, 150
Trd, 2591098.363, 150
Trd, 2591098.379, 150
Trd, 2591099.046, 146
Trd, 2591099.446, 146
Trd, 2591099.513, 147
Trd, 2591099.546, 144
Trd, 2591099.563, 136
Trd, 2591100.163, 150
Trd, 2591100.346, 150
Trd, 2591100.613, 150
Trd, 2591100.713, 150
Trd, 2591101.446, 150
Trd, 2591102.529, 150
Trd, 2591102.613, 150
Trd, 2591102.796, 150
Trd, 2591104.313, 150
Trd, 2591104.346, 150
Trd, 2591104.446, 149
Trd, 2591104.479, 149
Trd, 2591104.546, 149
Trd, 2591104.929, 149
Trd, 2591105.946, 147
Trd, 2591106.179, 148
Trd, 2591106.396, 149
Trd, 2591106.413, 141
Trd, 2591107.063, 142
Trd, 2591107.179, 141
Trd, 2591107.363, 146
Trd, 2591108.996, 149
Trd, 2591109.913, 150
Trd, 2591110.696, 150
Trd, 2591110.779, 150
Trd, 2591111.313, 150
Trd, 2591111.513, 150
Trd, 2591111.579, 150
Trd, 2591111.929, 150
Trd, 2591112.596, 150
Trd, 2591113.113, 150
Trd, 2591113.446, 150
Trd, 2591113.613, 150
Trd, 2591113.946, 150
Trd, 2591114.829, 150
Trd, 2591114.979, 150
Trd, 2591114.996, 150
Trd, 2591115.263, 150
Trd, 2591115.396, 150
Trd, 2591115.446, 150
Trd, 2591117.996, 150
Trd, 2591118.396, 150
Trd, 2591119.113, 150
Trd, 2591119.529, 150
Trd, 2591119.663, 150
Trd, 2591119.729, 150
Trd, 2591120.179, 150
Trd, 2591120.296, 150
Trd, 2591120.546, 149
Trd, 2591120.579, 149
Trd, 2591120.613, 149
Trd, 2591120.679, 143
Trd, 2591120.879, 149
Trd, 2591121.729, 136
Trd, 2591121.746, 124
Trd, 2591122.363, 145
Trd, 2591122.546, 145
Trd, 2591123.029, 143
Trd, 2591123.513, 140
Trd, 2591124.563, 133
Trd, 2591124.613, 134
Trd, 2591124.646, 124
Trd, 2591125.196, 128
Trd, 2591125.346, 129
Trd, 2591125.479, 130
Trd, 2591125.529, 111
Trd, 2591125.746, 131
Trd, 2591126.546, 128
Trd, 2591126.646, 127
Trd, 2591126.779, 127
Trd, 2591126.929, 127
Trd, 2591127.313, 128
Trd, 2591127.579, 129
Trd, 2591128.146, 130
Trd, 2591129.446, 150
Trd, 2591129.663, 150
Trd, 2591130.129, 150
Trd, 2591130.163, 149
Trd, 2591130.229, 140
Trd, 2591131.163, 140
Trd, 2591131.229, 139
Trd, 2591131.279, 124
Trd, 2591132.696, 127
Trd, 2591134.129, 136
Trd, 2591134.296, 135
Trd, 2591134.346, 132
Trd, 2591135.429, 129
Trd, 2591136.496, 121
Trd, 2591137.196, 109
Trd, 2591137.279, 110
Trd, 2591137.329, 110
Trd, 2591138.113, 104
Trd, 2591138.529, 103
Trd, 2591138.813, 102
Trd, 2591138.879, 102
Trd, 2591138.963, 101
Trd, 2591139.146, 100
Trd, 2591139.196, 102
Trd, 2591139.463, 102
Trd, 2591139.879, 100
Trd, 2591140.129, 100
Trd, 2591140.896, 100
Trd, 2591141.096, 103
Trd, 2591141.129, 103
Trd, 2591141.246, 122
Trd, 2591141.479, 150
Trd, 2591141.713, 149
Trd, 2591142.079, 150
Trd, 2591142.479, 107
Trd, 2591142.646, 107
Trd, 2591142.746, 109
Trd, 2591143.263, 111
Trd, 2591144.146, 143
Trd, 2591144.696, 114
Trd, 2591144.746, 115
Trd, 2591145.596, 133
Trd, 2591145.829, 133
Trd, 2591146.296, 150
Trd, 2591146.713, 150
Trd, 2591146.896, 150
Trd, 2591147.046, 150
Trd, 2591148.129, 135
Trd, 2591148.246, 147
Trd, 2591148.813, 146
Trd, 2591149.696, 133
Trd, 2591149.896, 134
Trd, 2591150.246, 132
Trd, 2591150.313, 135
Trd, 2591150.446, 131
Trd, 2591150.879, 132
Trd, 2591151.196, 131
Trd, 2591151.363, 131
Trd, 2591151.979, 132
Trd, 2591152.179, 135
Trd, 2591152.496, 135
Trd, 2591152.613, 134
Trd, 2591152.763, 133
Trd, 2591152.929, 135
Trd, 2591153.196, 120
Trd, 2591153.479, 115
Trd, 2591153.563, 114
Trd, 2591155.196, 129
Trd, 2591155.546, 149
Trd, 2591156.746, 150
Trd, 2591157.479, 150
Trd, 2591160.179, 150
Trd, 2591160.463, 150
Trd, 2591160.479, 150
Trd, 2591160.629, 150
Trd, 2591160.663, 150
Trd, 2591160.713, 150
Trd, 2591160.763, 150
Trd, 2591160.879, 150
Trd, 2591160.913, 150
Trd, 2591161.163, 150
Trd, 2591162.379, 150
Trd, 2591162.629, 150
Trd, 2591162.713, 149
Trd, 2591162.796, 150
Trd, 2591162.879, 135
Trd, 2591162.946, 147
Trd, 2591163.029, 148
Trd, 2591165.096, 150
Trd, 2591165.579, 150
Trd, 2591166.113, 150
Trd, 2591167.279, 150
Trd, 2591168.146, 150
Trd, 2591168.796, 150
Trd, 2591168.996, 150
Trd, 2591169.129, 150
Trd, 2591169.546, 150
Trd, 2591169.613, 150
Trd, 2591169.629, 150
Trd, 2591169.863, 150
Trd, 2591169.929, 150
Trd, 2591169.996, 150
Trd, 2591170.063, 150
Trd, 2591170.129, 142
Trd, 2591170.396, 135
Trd, 2591170.513, 133
Trd, 2591170.879, 101
Trd, 2591171.096, 101
Trd, 2591171.146, 102
Trd, 2591171.379, 113
Trd, 2591171.813, 100
Trd, 2591173.013, 101
Trd, 2591173.029, 102
Trd, 2591173.446, 105
Trd, 2591174.213, 100
Trd, 2591174.463, 100
Trd, 2591174.529, 100
Trd, 2591174.763, 104
Trd, 2591174.996, 109
Trd, 2591176.929, 100
Trd, 2591177.563, 100
Trd, 2591177.613, 100
Trd, 2591177.663, 100
Trd, 2591177.846, 100
Trd, 2591178.013, 101
Trd, 2591178.429, 103
Trd, 2591178.913, 101
Trd, 2591179.496, 102
Trd, 2591179.729, 101
Trd, 2591179.746, 102
Trd, 2591180.079, 102
Trd, 2591180.429, 104
Trd, 2591180.479, 105
Trd, 2591180.629, 108
Trd, 2591181.896, 113
Trd, 2591182.196, 133
Trd, 2591182.479, 116
Trd, 2591182.629, 115
Trd, 2591182.813, 114
Trd, 2591183.529, 114
Trd, 2591183.946, 112
Trd, 2591184.096, 115
Trd, 2591185.046, 133
Trd, 2591185.696, 118
Trd, 2591186.346, 122
Trd, 2591186.546, 121
Trd, 2591186.679, 122
Trd, 2591186.763, 123
Trd, 2591187.029, 126
Trd, 2591188.179, 129
Trd, 2591188.813, 150
Trd, 2591188.863, 150
Trd, 2591191.346, 150
Trd, 2591191.579, 150
Trd, 2591192.429, 150
Trd, 2591193.513, 150
Trd, 2591193.629, 150
Trd, 2591193.763, 150
Trd, 2591193.896, 150
Trd, 2591194.063, 150
Trd, 2591194.079, 150
Trd, 2591194.496, 150
Trd, 2591194.696, 150
Trd, 2591194.779, 150
Trd, 2591194.979, 150
Trd, 2591195.996, 149
Trd, 2591196.446, 150
Trd, 2591196.663, 149
Trd, 2591196.963, 150
Trd, 2591197.296, 150
Trd, 2591197.463, 150
Trd, 2591197.929, 150
Trd, 2591198.113, 150
Trd, 2591198.129, 149
Trd, 2591198.563, 147
Trd, 2591198.646, 146
Trd, 2591198.696, 134
Trd, 2591199.813, 136
Trd, 2591199.996, 135
Trd, 2591200.346, 137
Trd, 2591200.513, 134
Trd, 2591202.229, 129
Trd, 2591202.363, 129
Trd, 2591202.413, 128
Trd, 2591202.529, 126
Trd, 2591202.779, 100
Trd, 2591202.979, 128
Trd, 2591203.079, 134
Trd, 2591203.746, 102
Trd, 2591203.846, 103
Trd, 2591205.046, 112
Trd, 2591205.379, 108
Trd, 2591205.396, 111
Trd, 2591206.029, 111
Trd, 2591206.046, 112
Trd, 2591206.729, 123
Trd, 2591207.146, 124
Trd, 2591207.696, 115
Trd, 2591207.813, 113
Trd, 2591208.279, 150
Trd, 2591209.329, 149
Trd, 2591209.446, 149
Trd, 2591210.363, 150
Trd, 2591210.563, 150
Trd, 2591212.929, 150
Trd, 2591213.063, 150
Trd, 2591213.079, 150
Trd, 2591213.479, 150
Trd, 2591213.546, 150
Trd, 2591214.063, 150
Trd, 2591214.346, 150
Trd, 2591214.396, 150
Trd, 2591215.529, 148
Trd, 2591215.646, 147
Trd, 2591215.963, 147
Trd, 2591216.263, 148
Trd, 2591216.279, 145
Trd, 2591216.396, 144
Trd, 2591216.729, 142
Trd, 2591217.096, 143
Trd, 2591217.263, 143
Trd, 2591217.696, 144
Trd, 2591217.929, 143
Trd, 2591218.463, 147
Trd, 2591218.813, 144
Trd, 2591219.163, 139
Trd, 2591220.296, 150
Trd, 2591220.396, 150
Trd, 2591220.596, 150
Trd, 2591220.829, 150
Trd, 2591221.579, 150
Trd, 2591222.913, 150
Trd, 2591223.113, 149
Trd, 2591224.996, 150
Trd, 2591225.163, 150
Trd, 2591225.179, 150
Trd, 2591225.246, 150
Trd, 2591226.063, 150
Trd, 2591226.379, 150
Trd, 2591226.513, 150
Trd, 2591226.546, 150
Trd, 2591226.629, 150
Trd, 2591226.679, 150
Trd, 2591226.779, 150
Trd, 2591227.046, 150
Trd, 2591227.463, 149
Trd, 2591227.629, 150
Trd, 2591227.696, 148
Trd, 2591228.363, 150
Trd, 2591229.929, 150
Trd, 2591230.113, 150
Trd, 2591230.779, 150
Trd, 2591231.963, 150
Trd, 2591234.229, 150
Trd, 2591234.396, 150
Trd, 2591234.429, 150
Trd, 2591234.563, 150
Trd, 2591235.063, 150
Trd, 2591235.096, 150
Trd, 2591235.513, 150
Trd, 2591235.863, 150
Trd, 2591235.963, 150
Trd, 2591237.446, 150
Trd, 2591237.713, 150
Trd, 2591238.146, 150
Trd, 2591238.196, 144
Trd, 2591238.613, 150
Trd, 2591238.729, 149
Trd, 2591238.929, 123
Trd, 2591239.696, 134
Trd, 2591239.913, 125
Trd, 2591240.413, 130
Trd, 2591240.729, 112
Trd, 2591241.079, 127
Trd, 2591241.096, 128
Trd, 2591241.296, 113
Trd, 2591241.413, 112
Trd, 2591241.496, 127
Trd, 2591241.579, 128
Trd, 2591242.913, 128
Trd, 2591243.263, 130
Trd, 2591243.463, 131
Trd, 2591243.496, 132
Trd, 2591243.613, 131
Trd, 2591244.346, 148
Trd, 2591244.413, 139
Trd, 2591244.796, 139
Trd, 2591245.579, 139
Trd, 2591246.529, 140
Trd, 2591247.029, 150
Trd, 2591247.529, 150
Trd, 2591247.679, 150
Trd, 2591248.513, 149
Trd, 2591248.913, 148
Trd, 2591249.413, 147
Trd, 2591249.579, 139
Trd, 2591249.829, 135
Trd, 2591250.063, 125
Trd, 2591250.079, 133
Trd, 2591250.429, 113
Trd, 2591250.629, 112
Trd, 2591251.229, 150
Trd, 2591252.746, 150
Trd, 2591253.279, 150
Trd, 2591254.229, 150
Trd, 2591254.396, 150
Trd, 2591254.929, 150
Trd, 2591254.996, 149
Trd, 2591255.063, 150
Trd, 2591255.679, 144
Trd, 2591255.746, 143
Trd, 2591255.763, 145
Trd, 2591255.963, 143
Trd, 2591255.996, 142
Trd, 2591256.196, 148
Trd, 2591257.513, 145
Trd, 2591257.663, 145
Trd, 2591257.679, 146
Trd, 2591259.329, 150
Trd, 2591260.179, 150
Trd, 2591260.529, 150
Trd, 2591260.696, 150
Trd, 2591260.946, 150
Trd, 2591261.163, 150
Trd, 2591261.746, 150
Trd, 2591261.913, 150
Trd, 2591262.179, 150
Trd, 2591262.213, 148
Trd, 2591262.696, 139
Trd, 2591262.713, 134
Trd, 2591262.996, 132
Trd, 2591263.263, 138
Trd, 2591263.396, 132
Trd, 2591263.813, 135
Trd, 2591263.913, 116
Trd, 2591264.779, 122
Trd, 2591265.113, 120
Trd, 2591265.496, 119
Trd, 2591265.646, 120
Trd, 2591266.096, 119
Trd, 2591266.663, 107
Trd, 2591266.679, 106
Trd, 2591266.779, 117
Trd, 2591266.796, 118
Trd, 2591267.296, 117
Trd, 2591267.979, 117
Trd, 2591267.996, 118
Trd, 2591269.396, 122
Trd, 2591269.696, 121
Trd, 2591269.996, 122
Trd, 2591271.296, 150
Trd, 2591271.546, 150
Trd, 2591272.779, 150
Trd, 2591272.996, 150
Trd, 2591273.379, 150
Trd, 2591274.413, 150
Trd, 2591274.563, 150
Trd, 2591275.329, 150
Trd, 2591275.729, 150
Trd, 2591276.779, 150
Trd, 2591277.079, 150
Trd, 2591277.113, 150
Trd, 2591277.129, 150
Trd, 2591277.679, 150
Trd, 2591277.746, 150
Trd, 2591277.796, 150
Trd, 2591277.946, 149
Trd, 2591278.946, 150
Trd, 2591278.963, 144
Trd, 2591279.229, 131
Trd, 2591279.846, 101
Trd, 2591280.363, 100
Trd, 2591280.446, 100
Trd, 2591280.946, 100
Trd, 2591281.046, 101
Trd, 2591281.346, 101
Trd, 2591281.663, 103
Trd, 2591282.129, 102
Trd, 2591282.279, 102
Trd, 2591282.363, 103
Trd, 2591283.279, 100
Trd, 2591283.496, 100
Trd, 2591284.679, 107
Trd, 2591284.996, 130
Trd, 2591285.513, 123
Trd, 2591285.946, 129
Trd, 2591286.096, 128
Trd, 2591286.263, 144
Trd, 2591286.546, 118
Trd, 2591286.563, 148
Trd, 2591287.629, 125
Trd, 2591287.663, 124
Trd, 2591288.329, 127
Trd, 2591288.529, 128
Trd, 2591289.079, 150
Trd, 2591289.129, 150
Trd, 2591289.429, 150
Trd, 2591289.646, 150
Trd, 2591289.746, 149
Trd, 2591290.046, 150
Trd, 2591291.346, 150
Trd, 2591291.479, 150
Trd, 2591291.579, 150
Trd, 2591292.213, 150
Trd, 2591292.296, 150
Trd, 2591292.396, 150
Trd, 2591292.663, 149
Trd, 2591294.279, 150
Trd, 2591294.646, 150
Trd, 2591294.863, 149
Trd, 2591295.563, 148
Trd, 2591295.929, 144
Trd, 2591296.663, 136
Trd, 2591297.246, 108
Trd, 2591297.596, 138
Trd, 2591297.763, 125
Trd, 2591298.813, 141
Trd, 2591299.079, 122
Trd, 2591299.263, 123
Trd, 2591299.329, 120
Trd, 2591299.346, 119
Trd, 2591299.996, 117
Trd, 2591300.146, 120
Trd, 2591300.396, 121
Trd, 2591300.496, 117
Trd, 2591301.246, 116
Trd, 2591301.263, 135
Trd, 2591301.479, 115
Trd, 2591302.379, 130
Trd, 2591302.413, 144
Trd, 2591302.696, 144
Trd, 2591302.829, 132
Trd, 2591302.863, 131
Trd, 2591303.029, 144
Trd, 2591303.763, 134
Trd, 2591303.896, 134
Trd, 2591304.246, 134
Trd, 2591304.613, 144
Trd, 2591304.913, 148
Trd, 2591304.946, 145
Trd, 2591304.996, 142
Trd, 2591305.879, 142
Trd, 2591306.163, 142
Trd, 2591307.179, 100
Trd, 2591307.496, 101
Trd, 2591308.446, 102
Trd, 2591308.679, 100
Trd, 2591308.813, 100
Trd, 2591309.596, 100
Trd, 2591310.263, 100
Trd, 2591310.313, 100
Trd, 2591310.513, 100
Trd, 2591310.663, 100
Trd, 2591311.379, 149
Trd, 2591311.979, 146
Trd, 2591312.029, 136
Trd, 2591312.263, 145
Trd, 2591312.363, 146
Trd, 2591312.879, 141
Trd, 2591313.413, 147
Trd, 2591314.429, 150
Trd, 2591314.713, 150
Trd, 2591314.913, 150
Trd, 2591315.946, 150
Trd, 2591316.146, 150
Trd, 2591316.596, 150
Trd, 2591317.363, 150
Trd, 2591317.946, 150
Trd, 2591319.513, 150
Trd, 2591319.763, 150
Trd, 2591320.446, 150
Trd, 2591320.479, 150
Trd, 2591320.546, 150
Trd, 2591320.796, 150
Trd, 2591321.046, 149
Trd, 2591321.096, 149
Trd, 2591321.413, 150
Trd, 2591321.763, 150
Trd, 2591321.879, 150
Trd, 2591321.963, 147
Trd, 2591322.563, 144
Trd, 2591322.829, 144
Trd, 2591323.429, 132
Trd, 2591323.613, 149
Trd, 2591323.979, 131
Trd, 2591324.663, 125
Trd, 2591325.596, 125
Trd, 2591325.713, 125
Trd, 2591326.013, 150
Trd, 2591327.746, 150
Trd, 2591327.996, 150
Trd, 2591329.096, 150
Trd, 2591329.979, 150
Trd, 2591331.129, 150
Trd, 2591331.346, 150
Trd, 2591331.629, 150
Trd, 2591331.746, 150
Trd, 2591332.463, 150
Trd, 2591333.063, 150
Trd, 2591333.079, 150
Trd, 2591333.096, 150
Trd, 2591333.129, 150
Trd, 2591333.263, 150
Trd, 2591333.479, 150
Trd, 2591333.546, 150
Trd, 2591333.879, 149
Trd, 2591334.446, 150
Trd, 2591334.529, 148
Trd, 2591334.813, 146
Trd, 2591334.829, 145
Trd, 2591336.196, 150
Trd, 2591336.546, 150
Trd, 2591337.279, 150
Trd, 2591337.413, 150
Trd, 2591337.429, 150
Trd, 2591337.579, 145
Trd, 2591337.863, 130
Trd, 2591338.013, 125
Trd, 2591338.113, 147
Trd, 2591338.413, 147
Trd, 2591338.529, 147
Trd, 2591338.863, 146
Trd, 2591338.996, 145
Trd, 2591339.079, 148
Trd, 2591340.879, 150
Trd, 2591343.913, 150
Trd, 2591344.679, 150
Trd, 2591345.346, 150
Trd, 2591345.513, 150
Trd, 2591345.529, 150
Trd, 2591345.596, 150
Trd, 2591345.763, 150
Trd, 2591345.846, 150
Trd, 2591345.963, 150
Trd, 2591346.079, 150
Trd, 2591346.463, 150
Trd, 2591346.663, 146
Trd, 2591346.913, 150
Trd, 2591346.963, 143
Trd, 2591348.113, 145
Trd, 2591348.496, 145
Trd, 2591348.546, 135
Trd, 2591348.846, 123
Trd, 2591348.896, 119
Trd, 2591349.963, 136
Trd, 2591350.729, 131
Trd, 2591350.746, 134
Trd, 2591350.996, 137
Trd, 2591351.513, 137
Trd, 2591351.613, 139
Trd, 2591351.713, 137
Trd, 2591352.046, 150
Trd, 2591354.779, 150
Trd, 2591354.796, 150
Trd, 2591355.396, 150
Trd, 2591355.713, 150
Trd, 2591356.213, 150
Trd, 2591356.496, 150
Trd, 2591357.263, 150
Trd, 2591357.896, 150
Trd, 2591358.746, 150
Trd, 2591360.279, 150
Trd, 2591360.529, 150
Trd, 2591360.813, 150
Trd, 2591360.829, 150
Trd, 2591360.979, 150
Trd, 2591361.013, 150
Trd, 2591361.129, 149
Trd, 2591361.213, 149
Trd, 2591361.229, 149
Trd, 2591361.313, 149
Trd, 2591361.396, 148
Trd, 2591361.546, 149
Trd, 2591361.679, 146
Trd, 2591361.813, 146
Trd, 2591361.963, 145
Trd, 2591362.496, 137
Trd, 2591362.579, 144
Trd, 2591362.696, 138
Trd, 2591363.046, 143
Trd, 2591363.063, 144
Trd, 2591363.313, 131
Trd, 2591363.763, 133
Trd, 2591364.096, 140
Trd, 2591364.196, 142
Trd, 2591364.263, 134
Trd, 2591364.463, 133
Trd, 2591364.679, 112
Trd, 2591366.496, 150
Trd, 2591367.546, 150
Trd, 2591367.913, 150
Trd, 2591368.879, 150
Trd, 2591368.896, 150
Trd, 2591370.713, 150
Trd, 2591371.946, 150
Trd, 2591371.996, 150
Trd, 2591372.163, 150
Trd, 2591372.179, 150
Trd, 2591372.213, 150
Trd, 2591372.279, 150
Trd, 2591372.329, 150
Trd, 2591372.346, 150
Trd, 2591372.429, 148
Trd, 2591373.546, 148
Trd, 2591373.629, 148
Trd, 2591373.746, 149
Trd, 2591373.813, 148
Trd, 2591374.446, 148
Trd, 2591374.846, 144
Trd, 2591375.129, 149
Trd, 2591375.179, 131
Trd, 2591376.829, 150
Trd, 2591377.479, 150
Trd, 2591377.679, 150
Trd, 2591377.763, 149
Trd, 2591377.863, 147
Trd, 2591378.129, 148
Trd, 2591378.346, 145
Trd, 2591378.379, 144
Trd, 2591378.596, 142
Trd, 2591378.963, 131
Trd, 2591379.979, 134
Trd, 2591380.396, 113
Trd, 2591380.729, 114
Trd, 2591381.079, 130
Trd, 2591382.013, 125
Trd, 2591382.063, 124
Trd, 2591382.079, 126
Trd, 2591382.663, 125
Trd, 2591382.963, 123
Trd, 2591383.646, 125
Trd, 2591383.713, 126
Trd, 2591384.213, 123
Trd, 2591384.246, 119
Trd, 2591384.646, 118
Trd, 2591384.946, 143
Trd, 2591385.896, 150
Trd, 2591386.513, 150
Trd, 2591386.596, 150
Trd, 2591386.996, 150
Trd, 2591387.229, 150
Trd, 2591387.513, 150
Trd, 2591387.529, 150
Trd, 2591387.563, 150
Trd, 2591387.746, 150
Trd, 2591388.546, 150
Trd, 2591388.679, 149
Trd, 2591389.379, 146
Trd, 2591389.779, 145
Trd, 2591390.963, 136
Trd, 2591391.179, 137
Trd, 2591391.429, 140
Trd, 2591391.829, 150
Trd, 2591392.713, 150
Trd, 2591393.879, 150
Trd, 2591394.063, 150
Trd, 2591394.513, 149
Trd, 2591396.429, 150
Trd, 2591397.196, 150
Trd, 2591397.546, 150
Trd, 2591397.929, 150
Trd, 2591398.713, 150
Trd, 2591398.846, 150
Trd, 2591398.913, 150
Trd, 2591399.079, 150
Trd, 2591399.313, 150
Trd, 2591399.363, 149
Trd, 2591399.463, 149
Trd, 2591399.646, 148
Trd, 2591399.979, 150
Trd, 2591400.563, 150
Trd, 2591400.846, 150
Trd, 2591400.879, 150
Trd, 2591400.996, 150
Trd, 2591401.046, 150
Trd, 2591401.563, 149
Trd, 2591402.579, 148
Trd, 2591402.663, 148
Trd, 2591402.813, 145
Trd, 2591403.446, 137
Trd, 2591404.013, 136
Trd, 2591406.179, 150
Trd, 2591406.463, 150
Trd, 2591407.079, 150
Trd, 2591407.446, 150
Trd, 2591407.546, 150
Trd, 2591407.763, 150
Trd, 2591407.996, 150
Trd, 2591408.296, 150
Trd, 2591408.346, 150
Trd, 2591408.613, 150
Trd, 2591408.713, 150
Trd, 2591408.946, 150
Trd, 2591408.963, 149
Trd, 2591409.346, 150
Trd, 2591409.379, 150
Trd, 2591409.479, 149
Trd, 2591409.913, 149
Trd, 2591410.763, 148
Trd, 2591411.046, 147
Trd, 2591411.063, 148
Trd, 2591411.129, 144
Trd, 2591412.946, 134
Trd, 2591413.029, 133
Trd, 2591413.263, 132
Trd, 2591413.546, 132
Trd, 2591413.679, 131
Trd, 2591414.113, 125
Trd, 2591414.296, 124
Trd, 2591414.763, 126
Trd, 2591414.996, 126
Trd, 2591415.079, 127
Trd, 2591415.979, 124
Trd, 2591416.096, 127
Trd, 2591416.279, 127
Trd, 2591416.329, 123
Trd, 2591416.396, 110
Trd, 2591417.746, 103
Trd, 2591418.013, 100
Trd, 2591418.613, 100
Trd, 2591419.096, 100
Trd, 2591419.829, 102
Trd, 2591419.863, 103
Trd, 2591421.396, 150
Trd, 2591422.029, 150
Trd, 2591422.379, 150
Trd, 2591422.513, 150
Trd, 2591422.579, 149
Trd, 2591424.779, 147
Trd, 2591425.579, 142
Trd, 2591425.663, 141
Trd, 2591425.696, 138
Trd, 2591426.246, 143
Trd, 2591426.379, 144
Trd, 2591426.896, 143
Trd, 2591427.413, 144
Trd, 2591427.729, 144
Trd, 2591427.929, 142
Trd, 2591428.129, 142
Trd, 2591428.463, 142
Trd, 2591428.496, 141
Trd, 2591428.513, 130
Trd, 2591428.546, 127
Trd, 2591428.746, 115
Trd, 2591429.046, 114
Trd, 2591429.746, 113
Trd, 2591431.913, 150
Trd, 2591431.946, 150
Trd, 2591432.063, 150
Trd, 2591432.446, 150
Trd, 2591434.296, 150
Trd, 2591434.379, 150
Trd, 2591435.079, 150
Trd, 2591436.113, 150
Trd, 2591436.129, 149
Trd, 2591436.146, 149
Trd, 2591436.329, 150
Trd, 2591436.529, 148
Trd, 2591436.613, 149
Trd, 2591436.713, 150
Trd, 2591436.763, 149
Trd, 2591437.313, 148
Trd, 2591437.363, 149
Trd, 2591437.613, 147
Trd, 2591437.746, 146
Trd, 2591438.213, 144
Trd, 2591438.246, 110
Trd, 2591438.279, 101
Trd, 2591438.346, 144
Trd, 2591440.163, 141
Trd, 2591440.246, 121
Trd, 2591440.529, 144
Trd, 2591440.746, 144
Trd, 2591441.563, 144
Trd, 2591442.213, 150
Trd, 2591442.479, 150
Trd, 2591443.279, 147
Trd, 2591443.463, 149
Trd, 2591444.146, 150
Trd, 2591444.596, 150
Trd, 2591445.229, 150
Trd, 2591447.013, 150
Trd, 2591447.063, 150
Trd, 2591447.329, 150
Trd, 2591447.713, 150
Trd, 2591448.013, 150
Trd, 2591448.063, 150
Trd, 2591448.129, 149
Trd, 2591448.679, 144
Trd, 2591448.696, 141
Trd, 2591448.763, 139
Trd, 2591449.029, 134
Trd, 2591449.646, 132
Trd, 2591449.963, 142
Trd, 2591450.363, 132
Trd, 2591450.746, 139
Trd, 2591450.846, 132
Trd, 2591451.246, 138
Trd, 2591452.113, 137
Trd, 2591452.129, 138
Trd, 2591452.646, 138
Trd, 2591452.863, 138
Trd, 2591453.379, 139
Trd, 2591453.613, 136
Trd, 2591453.879, 150
Trd, 2591454.963, 150
Trd, 2591455.163, 150
Trd, 2591455.663, 150
Trd, 2591456.729, 150
Trd, 2591457.479, 150
Trd, 2591457.496, 150
Trd, 2591457.613, 150
Trd, 2591457.646, 150
Trd, 2591457.979, 149
Trd, 2591459.129, 150
Trd, 2591459.863, 149
Trd, 2591459.929, 150
Trd, 2591460.013, 149
Trd, 2591460.446, 147
Trd, 2591460.529, 146
Trd, 2591461.246, 140
Trd, 2591462.196, 141
Trd, 2591462.396, 141
Trd, 2591462.446, 142
Trd, 2591463.213, 141
Trd, 2591463.263, 140
Trd, 2591463.279, 137
Trd, 2591464.129, 133
Trd, 2591464.679, 134
Trd, 2591465.296, 130
Trd, 2591465.596, 132
Trd, 2591465.663, 117
Trd, 2591465.996, 101
Trd, 2591466.179, 131
Trd, 2591467.063, 124
Trd, 2591467.146, 128
Trd, 2591467.163, 121
Trd, 2591467.579, 124
Trd, 2591468.496, 123
Trd, 2591468.579, 124
Trd, 2591469.013, 124
Trd, 2591469.163, 125
Trd, 2591469.379, 127
Trd, 2591469.479, 126
Trd, 2591471.413, 150
Trd, 2591471.596, 150
Trd, 2591471.829, 150
Trd, 2591471.846, 150
Trd, 2591472.379, 150
Trd, 2591472.679, 150
Trd, 2591473.013, 150
Trd, 2591473.729, 150
Trd, 2591474.096, 150
Trd, 2591474.313, 150
Trd, 2591475.213, 150
Trd, 2591475.363, 150
Trd, 2591475.646, 150
Trd, 2591475.879, 150
Trd, 2591476.079, 150
Trd, 2591476.479, 141
Trd, 2591476.879, 144
Trd, 2591476.963, 145
Trd, 2591477.246, 140
Trd, 2591477.929, 134
Trd, 2591478.213, 147
Trd, 2591478.379, 119
Trd, 2591478.696, 149
Trd, 2591478.763, 109
Trd, 2591479.113, 148
Trd, 2591479.663, 102
Trd, 2591480.463, 106
Trd, 2591480.663, 105
Trd, 2591480.913, 104
Trd, 2591480.996, 105
Trd, 2591481.079, 106
Trd, 2591482.413, 100
Trd, 2591482.713, 101
Trd, 2591482.746, 105
Trd, 2591482.763, 106
Trd, 2591483.413, 103
Trd, 2591484.379, 113
Trd, 2591484.446, 105
Trd, 2591484.646, 135
Trd, 2591485.579, 127
Trd, 2591485.646, 116
Trd, 2591485.679, 114
Trd, 2591485.696, 126
Trd, 2591485.979, 126
Trd, 2591486.696, 115
Trd, 2591487.479, 119
Trd, 2591487.913, 117
Trd, 2591488.296, 117
Trd, 2591488.313, 116
Trd, 2591488.763, 116
Trd, 2591488.846, 115
Trd, 2591490.629, 100
Trd, 2591490.896, 100
Trd, 2591490.913, 100
Trd, 2591491.279, 100
Trd, 2591491.696, 100
Trd, 2591491.813, 100
Trd, 2591492.146, 100
Trd, 2591492.829, 100
Trd, 2591493.113, 100
Trd, 2591493.413, 100
Trd, 2591493.529, 101
Trd, 2591494.079, 114
Trd, 2591494.496, 104
Trd, 2591494.563, 109
Trd, 2591494.896, 104
Trd, 2591495.129, 105
Trd, 2591495.196, 105
Trd, 2591495.396, 104
Trd, 2591496.346, 100
Trd, 2591496.996, 101
Trd, 2591497.079, 101
Trd, 2591498.513, 101
Trd, 2591498.713, 101
Trd, 2591499.196, 102
Trd, 2591500.163, 100
Trd, 2591500.479, 100
Trd, 2591500.529, 101
Trd, 2591500.946, 101
Trd, 2591501.179, 102
Trd, 2591501.479, 100
Trd, 2591501.529, 100
Trd, 2591501.979, 103
Trd, 2591502.646, 106
Trd, 2591502.746, 108
Trd, 2591503.279, 107
Trd, 2591503.663, 111
Trd, 2591504.513, 116
Trd, 2591506.113, 146
Trd, 2591506.479, 141
Trd, 2591506.513, 141
Trd, 2591506.546, 140
Trd, 2591506.629, 133
Trd, 2591506.679, 146
Trd, 2591506.879, 132
Trd, 2591507.013, 144
Trd, 2591507.346, 142
Trd, 2591507.379, 141
Trd, 2591507.663, 143
Trd, 2591507.963, 127
Trd, 2591508.113, 118
Trd, 2591509.196, 140
Trd, 2591509.446, 123
Trd, 2591510.363, 134
Trd, 2591511.046, 124
Trd, 2591511.479, 134
Trd, 2591511.879, 135
Trd, 2591511.946, 138
Trd, 2591512.579, 138
Trd, 2591512.813, 138
Trd, 2591513.096, 142
Trd, 2591514.829, 150
Trd, 2591514.863, 150
Trd, 2591514.929, 150
Trd, 2591515.429, 150
Trd, 2591515.463, 150
Trd, 2591515.696, 150
Trd, 2591516.863, 150
Trd, 2591517.196, 150
Trd, 2591517.413, 150
Trd, 2591517.929, 150
Trd, 2591518.029, 150
Trd, 2591518.379, 150
Trd, 2591519.013, 150
Trd, 2591519.546, 150
Trd, 2591519.696, 150
Trd, 2591520.596, 150
Trd, 2591520.729, 150
Trd, 2591521.529, 150
Trd, 2591521.779, 150
Trd, 2591521.996, 150
Trd, 2591522.196, 150
Trd, 2591522.696, 150
Trd, 2591525.613, 150
Trd, 2591526.446, 150
Trd, 2591526.579, 150
Trd, 2591526.813, 150
Trd, 2591526.863, 150
Trd, 2591527.279, 150
Trd, 2591527.496, 150
Trd, 2591527.646, 150
Trd, 2591527.979, 150
Trd, 2591529.063, 150
Trd, 2591529.196, 150
Trd, 2591529.246, 150
Trd, 2591529.563, 150
Trd, 2591529.829, 150
Trd, 2591530.179, 148
Trd, 2591530.196, 145
Trd, 2591530.646, 148
Trd, 2591530.779, 149
Trd, 2591531.096, 150
Trd, 2591531.529, 150
Trd, 2591531.813, 150
Trd, 2591531.963, 150
Trd, 2591532.229, 149
Trd, 2591532.446, 145
Trd, 2591532.479, 137
Trd, 2591533.029, 147
Trd, 2591533.713, 143
Trd, 2591533.779, 145
Trd, 2591534.096, 145
Trd, 2591534.263, 144
Trd, 2591534.396, 144
Trd, 2591534.813, 135
Trd, 2591534.963, 131
Trd, 2591535.029, 130
Trd, 2591535.213, 136
Trd, 2591535.329, 122
Trd, 2591535.446, 136
Trd, 2591535.596, 136
Trd, 2591535.829, 137
Trd, 2591536.579, 135
Trd, 2591536.896, 124
Trd, 2591537.113, 135
Trd, 2591537.179, 108
Trd, 2591537.829, 127
Trd, 2591539.363, 133
Trd, 2591539.379, 115
Trd, 2591539.896, 117
Trd, 2591540.113, 117
Trd, 2591540.129, 116
Trd, 2591541.129, 118
Trd, 2591541.696, 119
Trd, 2591541.796, 120
Trd, 2591542.013, 118
Trd, 2591542.946, 150
Trd, 2591543.796, 150
Trd, 2591544.246, 149
Trd, 2591544.446, 145
Trd, 2591544.946, 126
Trd, 2591545.379, 140
Trd, 2591546.079, 139
Trd, 2591547.113, 134
Trd, 2591547.196, 132
Trd, 2591547.479, 148
Trd, 2591548.313, 147
Trd, 2591549.146, 150
Trd, 2591549.496, 150
Trd, 2591549.746, 150
Trd, 2591550.129, 150
Trd, 2591550.596, 150
Trd, 2591551.179, 150
Trd, 2591551.429, 135
Trd, 2591551.979, 150
Trd, 2591552.046, 150
Trd, 2591552.263, 150
Trd, 2591552.463, 150
Trd, 2591552.663, 149
Trd, 2591552.779, 150
Trd, 2591552.913, 150
Trd, 2591553.079, 150
Trd, 2591553.379, 148
Trd, 2591554.046, 137
Trd, 2591554.496, 138
Trd, 2591554.729, 137
Trd, 2591556.113, 115
Trd, 2591556.513, 110
Trd, 2591557.079, 101
Trd, 2591558.163, 100
Trd, 2591558.196, 100
Trd, 2591558.746, 100
Trd, 2591559.046, 100
Trd, 2591559.146, 100
Trd, 2591559.496, 100
Trd, 2591560.229, 100
Trd, 2591560.379, 100
Trd, 2591560.496, 100
Trd, 2591560.796, 100
Trd, 2591561.146, 102
Trd, 2591561.229, 150
Trd, 2591561.596, 150
Trd, 2591562.046, 150
Trd, 2591562.279, 150
Trd, 2591562.546, 150
Trd, 2591562.579, 149
Trd, 2591563.913, 150
Trd, 2591564.479, 150
Trd, 2591565.179, 150
Trd, 2591566.129, 150
Trd, 2591566.729, 150
Trd, 2591567.379, 150
Trd, 2591567.396, 150
Trd, 2591567.596, 150
Trd, 2591567.746, 150
Trd, 2591567.996, 150
Trd, 2591568.029, 150
Trd, 2591568.946, 143
Trd, 2591569.346, 143
Trd, 2591569.413, 144
Trd, 2591569.496, 142
Trd, 2591569.579, 146
Trd, 2591569.796, 141
Trd, 2591569.896, 140
Trd, 2591570.596, 145
Trd, 2591571.713, 144
Trd, 2591571.963, 138
Trd, 2591572.146, 140
Trd, 2591572.213, 143
Trd, 2591572.246, 144
Trd, 2591572.713, 144
Trd, 2591572.946, 146
Trd, 2591573.213, 141
Trd, 2591573.946, 150
Trd, 2591575.213, 150
Trd, 2591575.896, 150
Trd, 2591576.613, 150
Trd, 2591577.879, 150
Trd, 2591578.796, 150
Trd, 2591579.163, 150
Trd, 2591579.196, 150
Trd, 2591579.213, 150
Trd, 2591579.546, 150
Trd, 2591579.663, 150
Trd, 2591580.113, 150
Trd, 2591580.296, 149
Trd, 2591580.396, 150
Trd, 2591580.646, 150
Trd, 2591580.713, 150
Trd, 2591581.196, 149
Trd, 2591581.396, 142
Trd, 2591581.729, 150
Trd, 2591582.196, 143
Trd, 2591582.363, 143
Trd, 2591582.529, 143
Trd, 2591582.779, 142
Trd, 2591582.829, 145
Trd, 2591582.896, 141
Trd, 2591583.296, 150
Trd, 2591583.379, 150
Trd, 2591585.913, 150
Trd, 2591586.163, 150
Trd, 2591586.529, 150
Trd, 2591586.963, 143
Trd, 2591587.263, 134
Trd, 2591587.996, 139
Trd, 2591588.229, 130
Trd, 2591589.279, 130
Trd, 2591589.313, 130
Trd, 2591589.563, 128
Trd, 2591590.463, 123
Trd, 2591590.613, 122
Trd, 2591590.796, 121
Trd, 2591590.896, 122
Trd, 2591591.163, 124
Trd, 2591591.246, 127
Trd, 2591591.796, 122
Trd, 2591592.029, 123
Trd, 2591592.346, 126
Trd, 2591593.113, 135
Trd, 2591593.363, 125
Trd, 2591593.396, 131
Trd, 2591593.779, 150
Trd, 2591593.963, 149
Trd, 2591594.846, 150
Trd, 2591594.879, 150
Trd, 2591594.913, 150
Trd, 2591595.146, 150
Trd, 2591595.396, 150
Trd, 2591596.179, 149
Trd, 2591596.846, 149
Trd, 2591597.113, 141
Trd, 2591597.663, 150
Trd, 2591598.263, 146
Trd, 2591598.313, 145
Trd, 2591598.529, 144
Trd, 2591599.679, 143
Trd, 2591599.829, 143
Trd, 2591599.879, 142
Trd, 2591600.146, 141
Trd, 2591600.663, 138
Trd, 2591600.696, 139
Trd, 2591600.846, 125
Trd, 2591601.279, 139
Trd, 2591602.729, 126
Trd, 2591602.963, 126
Trd, 2591603.146, 125
Trd, 2591603.513, 124
Trd, 2591604.046, 134
Trd, 2591604.129, 124
Trd, 2591604.196, 123
Trd, 2591604.579, 135
Trd, 2591605.229, 134
Trd, 2591605.646, 129
Trd, 2591605.813, 128
Trd, 2591606.013, 123
Trd, 2591606.029, 132
Trd, 2591606.613, 133
Trd, 2591607.013, 134
Trd, 2591608.213, 150
Trd, 2591608.796, 137
Trd, 2591610.079, 147
Trd, 2591610.329, 148
Trd, 2591610.513, 146
Trd, 2591610.529, 148
Trd, 2591610.946, 146
Trd, 2591611.179, 150
Trd, 2591612.013, 150
Trd, 2591613.196, 150
Trd, 2591613.296, 150
Trd, 2591613.546, 150
Trd, 2591613.929, 150
Trd, 2591614.113, 150
Trd, 2591614.263, 150
Trd, 2591614.446, 150
Trd, 2591614.713, 149
Trd, 2591614.729, 148
Trd, 2591614.896, 149
Trd, 2591615.246, 137
Trd, 2591617.863, 150
Trd, 2591618.129, 150
Trd, 2591619.179, 150
Trd, 2591619.246, 150
Trd, 2591620.363, 150
Trd, 2591620.513, 150
Trd, 2591620.596, 150
Trd, 2591620.663, 150
Trd, 2591620.679, 150
Trd, 2591620.763, 150
Trd, 2591620.963, 149
Trd, 2591621.129, 150
Trd, 2591621.163, 149
Trd, 2591622.163, 149
Trd, 2591622.813, 150
Trd, 2591624.179, 150
Trd, 2591624.196, 150
Trd, 2591624.246, 149
Trd, 2591624.346, 150
Trd, 2591624.613, 150
Trd, 2591624.796, 150
Trd, 2591625.096, 149
Trd, 2591625.346, 148
Trd, 2591625.463, 140
Trd, 2591625.613, 131
Trd, 2591626.263, 148
Trd, 2591626.579, 148
Trd, 2591627.129, 148
Trd, 2591627.596, 148
Trd, 2591627.696, 150
Trd, 2591628.113, 145
Trd, 2591628.379, 146
Trd, 2591628.463, 144
Trd, 2591628.713, 132
Trd, 2591629.146, 118
Trd, 2591629.763, 117
Trd, 2591630.279, 144
Trd, 2591630.829, 145
Trd, 2591631.213, 133
Trd, 2591632.263, 139
Trd, 2591632.313, 140
Trd, 2591632.446, 138
Trd, 2591632.879, 138
Trd, 2591633.013, 137
Trd, 2591633.146, 137
Trd, 2591633.446, 138
Trd, 2591633.563, 139
Trd, 2591634.829, 150
Trd, 2591635.279, 150
Trd, 2591636.413, 150
Trd, 2591636.696, 150
Trd, 2591640.279, 150
Trd, 2591641.129, 150
Trd, 2591641.213, 150
Trd, 2591641.446, 150
Trd, 2591641.513, 150
Trd, 2591641.563, 150
Trd, 2591641.646, 150
Trd, 2591641.713, 150
Trd, 2591641.813, 150
Trd, 2591641.929, 150
Trd, 2591642.079, 150
Trd, 2591642.196, 148
Trd, 2591642.429, 144
Trd, 2591642.596, 135
Trd, 2591642.696, 145
Trd, 2591642.863, 124
Trd, 2591642.946, 146
Trd, 2591643.063, 110
Trd, 2591643.796, 128
Trd, 2591644.029, 128
Trd, 2591645.429, 141
Trd, 2591645.613, 141
Trd, 2591645.746, 142
Trd, 2591645.829, 143
Trd, 2591646.096, 144
Trd, 2591646.496, 144
Trd, 2591646.763, 147
Trd, 2591647.129, 148
Trd, 2591648.446, 150
Trd, 2591649.429, 150
Trd, 2591649.996, 150
Trd, 2591650.246, 150
Trd, 2591650.596, 150
Trd, 2591652.746, 150
Trd, 2591653.246, 150
Trd, 2591653.479, 150
Trd, 2591654.046, 150
Trd, 2591654.113, 150
Trd, 2591654.363, 150
Trd, 2591654.429, 150
Trd, 2591654.513, 150
Trd, 2591654.713, 150
Trd, 2591655.013, 150
Trd, 2591655.496, 149
Trd, 2591655.513, 149
Trd, 2591655.546, 147
Trd, 2591656.113, 146
Trd, 2591656.129, 137
Trd, 2591656.946, 146
Trd, 2591657.196, 146
Trd, 2591657.863, 145
Trd, 2591658.379, 147
Trd, 2591660.313, 150
Trd, 2591660.579, 149
Trd, 2591660.596, 148
Trd, 2591660.829, 150
Trd, 2591661.046, 150
Trd, 2591661.229, 149
Trd, 2591661.313, 138
Trd, 2591661.596, 122
Trd, 2591661.996, 150
Trd, 2591662.379, 150
Trd, 2591662.763, 150
Trd, 2591663.913, 150
Trd, 2591664.113, 150
Trd, 2591664.429, 150
Trd, 2591664.463, 150
Trd, 2591664.529, 150
Trd, 2591665.879, 150
Trd, 2591666.246, 150
Trd, 2591668.979, 150
Trd, 2591669.046, 150
Trd, 2591669.079, 150
Trd, 2591669.146, 150
Trd, 2591669.329, 150
Trd, 2591669.913, 150
Trd, 2591670.196, 150
Trd, 2591670.229, 150
Trd, 2591670.413, 150
Trd, 2591670.913, 150
Trd, 2591671.063, 150
Trd, 2591671.096, 150
Trd, 2591671.779, 150
Trd, 2591671.929, 150
Trd, 2591671.979, 150
Trd, 2591672.096, 148
Trd, 2591672.629, 150
Trd, 2591672.846, 150
Trd, 2591673.363, 149
Trd, 2591673.513, 148
Trd, 2591673.846, 149
Trd, 2591674.313, 150
Trd, 2591675.396, 150
Trd, 2591675.863, 150
Trd, 2591675.979, 150
Trd, 2591676.613, 150
Trd, 2591676.946, 150
Trd, 2591676.963, 150
Trd, 2591677.379, 150
Trd, 2591677.496, 150
Trd, 2591677.763, 150
Trd, 2591677.996, 149
Trd, 2591678.829, 147
Trd, 2591679.479, 147
Trd, 2591679.513, 149
Trd, 2591679.646, 120
Trd, 2591679.796, 150
Trd, 2591680.413, 148
Trd, 2591680.996, 150
Trd, 2591681.446, 150
Trd, 2591681.863, 150
Trd, 2591682.163, 150
Trd, 2591682.496, 150
Trd, 2591682.863, 150
Trd, 2591682.946, 150
Trd, 2591683.229, 150
Trd, 2591683.346, 150
Trd, 2591683.363, 150
Trd, 2591684.096, 149
Trd, 2591685.196, 150
Trd, 2591685.479, 149
Trd, 2591686.196, 132
Trd, 2591687.646, 150
Trd, 2591687.913, 150
Trd, 2591688.129, 150
Trd, 2591688.479, 145
Trd, 2591688.679, 139
Trd, 2591688.729, 147
Trd, 2591688.763, 130
Trd, 2591689.313, 142
Trd, 2591690.029, 135
Trd, 2591690.046, 137
Trd, 2591690.063, 132
Trd, 2591690.313, 137
Trd, 2591690.396, 140
Trd, 2591691.013, 142
Trd, 2591691.029, 141
Trd, 2591691.096, 143
Trd, 2591691.179, 140
Trd, 2591691.296, 138
Trd, 2591691.496, 137
Trd, 2591691.596, 110
Trd, 2591692.396, 135
Trd, 2591692.729, 123
Trd, 2591692.796, 122
Trd, 2591692.963, 144
Trd, 2591693.796, 144
Trd, 2591694.179, 102
Trd, 2591694.629, 126
Trd, 2591695.863, 104
Trd, 2591696.063, 104
Trd, 2591697.279, 100
Trd, 2591697.779, 100
Trd, 2591697.863, 100
Trd, 2591697.963, 100
Trd, 2591698.029, 100
Trd, 2591698.113, 100
Trd, 2591698.313, 100
Trd, 2591698.413, 100
Trd, 2591698.629, 100
Trd, 2591699.079, 101
Trd, 2591700.829, 105
Trd, 2591701.463, 105
Trd, 2591701.563, 104
Trd, 2591701.613, 104
Trd, 2591701.679, 106
Trd, 2591701.879, 107
Trd, 2591702.813, 110
Trd, 2591702.863, 116
Trd, 2591702.929, 117
Trd, 2591703.363, 101
Trd, 2591704.146, 100
Trd, 2591704.179, 101
Trd, 2591704.613, 107
Trd, 2591704.996, 101
Trd, 2591705.396, 107
Trd, 2591705.629, 105
Trd, 2591705.663, 108
Trd, 2591705.879, 118
Trd, 2591706.079, 106
Trd, 2591707.696, 150
Trd, 2591707.796, 150
Trd, 2591708.013, 150
Trd, 2591708.063, 150
Trd, 2591708.746, 150
Trd, 2591709.229, 150
Trd, 2591709.463, 150
Trd, 2591709.513, 150
Trd, 2591710.196, 150
Trd, 2591710.429, 150
Trd, 2591710.629, 150
Trd, 2591710.713, 150
Trd, 2591711.713, 150
Trd, 2591711.913, 150
Trd, 2591712.296, 147
Trd, 2591712.746, 149
Trd, 2591713.096, 149
Trd, 2591713.946, 148
Trd, 2591713.979, 146
Trd, 2591714.396, 144
Trd, 2591714.963, 128
Trd, 2591715.046, 145
Trd, 2591715.313, 148
Trd, 2591716.679, 148
Trd, 2591717.496, 149
Trd, 2591717.646, 149
Trd, 2591719.929, 150
Trd, 2591720.079, 150
Trd, 2591720.096, 150
Trd, 2591720.196, 150
Trd, 2591720.313, 150
Trd, 2591720.596, 150
Trd, 2591720.796, 150
Trd, 2591720.879, 150
Trd, 2591720.913, 150
Trd, 2591721.013, 149
Trd, 2591721.229, 148
Trd, 2591722.063, 147
Trd, 2591722.279, 141
Trd, 2591722.363, 134
Trd, 2591722.663, 124
Trd, 2591723.029, 145
Trd, 2591723.363, 123
Trd, 2591723.579, 122
Trd, 2591723.846, 115
Trd, 2591725.196, 100
Trd, 2591726.446, 118
Trd, 2591726.713, 117
Trd, 2591727.113, 119
Trd, 2591727.146, 121
Trd, 2591727.163, 123
Trd, 2591727.413, 123
Trd, 2591727.979, 128
Trd, 2591730.063, 145
Trd, 2591730.329, 149
Trd, 2591730.346, 150
Trd, 2591730.446, 149
Trd, 2591730.546, 149
Trd, 2591730.746, 150
Trd, 2591730.929, 150
Trd, 2591732.163, 150
Trd, 2591732.329, 150
Trd, 2591732.846, 150
Trd, 2591733.179, 150
Trd, 2591733.279, 150
Trd, 2591733.513, 150
Trd, 2591733.546, 150
Trd, 2591733.629, 150
Trd, 2591733.996, 149
Trd, 2591734.013, 150
Trd, 2591734.346, 150
Trd, 2591734.529, 149
Trd, 2591734.879, 150
Trd, 2591735.579, 150
Trd, 2591736.096, 150
Trd, 2591736.129, 136
Trd, 2591736.296, 148
Trd, 2591737.129, 121
Trd, 2591738.629, 150
Trd, 2591739.929, 150
Trd, 2591739.946, 150
Trd, 2591740.079, 150
Trd, 2591740.263, 150
Trd, 2591740.563, 150
Trd, 2591740.596, 150
Trd, 2591740.829, 150
Trd, 2591741.013, 150
Trd, 2591741.029, 150
Trd, 2591741.563, 150
Trd, 2591741.879, 150
Trd, 2591742.079, 148
Trd, 2591742.613, 145
Trd, 2591742.946, 145
Trd, 2591743.346, 138
Trd, 2591743.646, 113
Trd, 2591744.129, 144
Trd, 2591744.213, 146
Trd, 2591744.346, 125
Trd, 2591744.613, 146
Trd, 2591744.829, 125
Trd, 2591744.929, 112
Trd, 2591745.163, 133
Trd, 2591745.246, 134
Trd, 2591745.579, 147
Trd, 2591745.646, 148
Trd, 2591745.879, 117
Trd, 2591745.963, 115
Trd, 2591746.329, 112
Trd, 2591746.563, 147
Trd, 2591746.829, 111
Trd, 2591747.363, 148
Trd, 2591748.346, 107
Trd, 2591748.746, 106
Trd, 2591749.196, 105
Trd, 2591749.513, 106
Trd, 2591750.513, 105
Trd, 2591751.029, 105
Trd, 2591751.596, 103
Trd, 2591751.879, 107
Trd, 2591752.363, 104
Trd, 2591752.646, 104
Trd, 2591753.213, 102
Trd, 2591755.313, 118
Trd, 2591755.663, 108
Trd, 2591755.929, 109
Trd, 2591756.129, 111
Trd, 2591756.396, 109
Trd, 2591756.479, 113
Trd, 2591757.029, 110
Trd, 2591757.279, 111
Trd, 2591757.813, 112
Trd, 2591757.829, 111
Trd, 2591758.063, 113
Trd, 2591758.079, 104
Trd, 2591758.113, 114
Trd, 2591758.946, 150
Trd, 2591759.946, 150
Trd, 2591759.996, 150
Trd, 2591760.296, 149
Trd, 2591760.763, 149
Trd, 2591761.146, 149
Trd, 2591761.229, 148
Trd, 2591761.246, 148
Trd, 2591761.429, 136
Trd, 2591762.396, 147
Trd, 2591762.713, 146
Trd, 2591762.996, 148
Trd, 2591763.296, 149
Trd, 2591763.563, 150
Trd, 2591764.013, 150
Trd, 2591764.029, 149
Trd, 2591764.313, 148
Trd, 2591764.529, 147
Trd, 2591764.763, 124
Trd, 2591764.829, 121
Trd, 2591765.246, 147
Trd, 2591767.096, 131
Trd, 2591767.646, 112
Trd, 2591768.013, 150
Trd, 2591768.363, 150
Trd, 2591768.463, 150
Trd, 2591768.563, 150
Trd, 2591768.579, 150
Trd, 2591768.696, 149
Trd, 2591769.296, 147
Trd, 2591769.629, 148
Trd, 2591769.796, 148
Trd, 2591770.163, 148
Trd, 2591770.179, 139
Trd, 2591770.229, 127
Trd, 2591772.363, 141
Trd, 2591772.446, 120
Trd, 2591772.546, 118
Trd, 2591773.063, 115
Trd, 2591773.679, 134
Trd, 2591773.713, 135
Trd, 2591774.063, 132
Trd, 2591774.196, 141
Trd, 2591776.813, 150
Trd, 2591776.879, 150
Trd, 2591777.513, 150
Trd, 2591778.379, 150
Trd, 2591779.013, 150
Trd, 2591780.429, 150
Trd, 2591780.596, 150
Trd, 2591780.763, 150
Trd, 2591780.863, 150
Trd, 2591780.963, 150
Trd, 2591781.279, 150
Trd, 2591781.329, 150
Trd, 2591782.279, 150
Trd, 2591782.479, 150
Trd, 2591782.763, 150
Trd, 2591782.796, 150
Trd, 2591782.879, 150
Trd, 2591783.046, 150
Trd, 2591783.229, 150
Trd, 2591783.329, 150
Trd, 2591783.496, 150
Trd, 2591783.763, 149
Trd, 2591783.996, 148
Trd, 2591784.146, 148
Trd, 2591784.596, 134
Trd, 2591785.379, 134
Trd, 2591785.663, 134
Trd, 2591785.679, 139
Trd, 2591785.896, 139
Trd, 2591786.263, 135
Trd, 2591786.629, 134
Trd, 2591787.363, 133
Trd, 2591787.613, 132
Trd, 2591787.813, 129
Trd, 2591788.196, 129
Trd, 2591788.513, 128
Trd, 2591788.596, 129
Trd, 2591788.779, 130
Trd, 2591788.863, 116
Trd, 2591788.929, 132
Trd, 2591789.213, 116
Trd, 2591790.513, 110
Trd, 2591790.629, 111
Trd, 2591790.813, 112
Trd, 2591791.279, 112
Trd, 2591791.513, 124
Trd, 2591792.346, 122
Trd, 2591792.579, 123
Trd, 2591792.746, 122
Trd, 2591793.229, 124
Trd, 2591793.279, 127
Trd, 2591794.079, 124
Trd, 2591794.213, 150
Trd, 2591794.763, 136
Trd, 2591796.279, 150
Trd, 2591796.663, 150
Trd, 2591797.813, 150
Trd, 2591798.013, 150
Trd, 2591798.179, 150
Trd, 2591798.329, 150
Trd, 2591798.696, 150
Trd, 2591798.813, 150
Trd, 2591799.396, 150
Trd, 2591799.713, 149
Trd, 2591799.963, 148
Trd, 2591800.196, 148
Trd, 2591800.246, 144
Trd, 2591800.313, 135
Trd, 2591800.896, 139
Trd, 2591801.296, 140
Trd, 2591801.496, 146
Trd, 2591802.829, 145
Trd, 2591802.996, 146
Trd, 2591803.113, 146
Trd, 2591803.213, 146
Trd, 2591803.646, 144
Trd, 2591803.929, 144
Trd, 2591804.763, 137
Trd, 2591804.863, 141
Trd, 2591805.579, 146
Trd, 2591806.663, 139
Trd, 2591808.163, 150
Trd, 2591808.346, 150
Trd, 2591808.563, 150
Trd, 2591809.746, 150
Trd, 2591809.813, 150
Trd, 2591810.063, 150
Trd, 2591810.079, 150
Trd, 2591810.113, 150
Trd, 2591810.129, 150
Trd, 2591810.429, 145
Trd, 2591810.996, 147
Trd, 2591811.013, 144
Trd, 2591811.196, 140
Trd, 2591811.513, 139
Trd, 2591811.679, 143
Trd, 2591811.713, 138
Trd, 2591811.879, 144
Trd, 2591811.946, 125
Trd, 2591812.029, 143
Trd, 2591812.863, 143
Trd, 2591813.613, 138
Trd, 2591814.696, 115
Trd, 2591814.896, 113
Trd, 2591815.013, 128
Trd, 2591815.096, 130
Trd, 2591815.179, 130
Trd, 2591815.779, 113
Trd, 2591816.196, 124
Trd, 2591816.463, 125
Trd, 2591816.596, 115
Trd, 2591816.913, 114
Trd, 2591817.796, 117
Trd, 2591818.213, 116
Trd, 2591818.496, 117
Trd, 2591818.763, 116
Trd, 2591818.863, 117
Trd, 2591819.996, 119
Trd, 2591821.746, 150
Trd, 2591822.363, 150
Trd, 2591822.379, 150
Trd, 2591822.513, 147
Trd, 2591822.746, 144
Trd, 2591823.563, 150
Trd, 2591824.146, 150
Trd, 2591824.363, 150
Trd, 2591824.513, 150
Trd, 2591824.629, 150
Trd, 2591825.046, 150
Trd, 2591825.329, 149
Trd, 2591825.546, 149
Trd, 2591826.096, 149
Trd, 2591826.329, 148
Trd, 2591827.513, 140
Trd, 2591827.629, 134
Trd, 2591828.163, 140
Trd, 2591828.663, 140
Trd, 2591828.963, 137
Trd, 2591829.046, 136
Trd, 2591829.096, 137
Trd, 2591829.479, 137
Trd, 2591829.763, 138
Trd, 2591829.963, 137
Trd, 2591830.029, 117
Trd, 2591830.196, 112
Trd, 2591831.163, 135
Trd, 2591831.196, 136
Trd, 2591831.663, 100
Trd, 2591832.246, 150
Trd, 2591833.013, 150
Trd, 2591834.246, 150
Trd, 2591835.546, 150
Trd, 2591836.496, 150
Trd, 2591836.779, 150
Trd, 2591836.813, 150
Trd, 2591836.829, 150
Trd, 2591837.063, 150
Trd, 2591837.113, 150
Trd, 2591837.296, 150
Trd, 2591837.696, 150
Trd, 2591837.879, 150
Trd, 2591837.963, 150
Trd, 2591839.396, 150
Trd, 2591839.496, 150
Trd, 2591840.713, 150
Trd, 2591840.863, 150
Trd, 2591841.463, 150
Trd, 2591843.013, 150
Trd, 2591843.179, 150
Trd, 2591843.346, 150
Trd, 2591843.729, 150
Trd, 2591844.596, 150
Trd, 2591844.813, 150
Trd, 2591844.996, 150
Trd, 2591845.046, 150
Trd, 2591845.079, 150
Trd, 2591845.613, 150
Trd, 2591845.646, 150
Trd, 2591846.079, 150
Trd, 2591846.113, 150
Trd, 2591846.429, 149
Trd, 2591846.713, 149
Trd, 2591847.163, 134
Trd, 2591847.413, 129
Trd, 2591848.079, 142
Trd, 2591848.613, 142
Trd, 2591849.063, 142
Trd, 2591849.346, 143
Trd, 2591849.446, 143
Trd, 2591849.796, 141
Trd, 2591849.896, 140
Trd, 2591850.613, 139
Trd, 2591850.729, 140
Trd, 2591850.996, 140
Trd, 2591851.463, 136
Trd, 2591851.479, 134
Trd, 2591851.979, 138
Trd, 2591852.446, 132
Trd, 2591852.663, 138
Trd, 2591852.996, 135
Trd, 2591853.263, 138
Trd, 2591853.379, 133
Trd, 2591853.863, 138
Trd, 2591854.263, 133
Trd, 2591855.029, 150
Trd, 2591855.346, 150
Trd, 2591857.613, 150
Trd, 2591857.946, 150
Trd, 2591858.896, 150
Trd, 2591859.046, 150
Trd, 2591859.863, 150
Trd, 2591860.063, 150
Trd, 2591860.346, 150
Trd, 2591860.663, 149
Trd, 2591860.729, 149
Trd, 2591861.029, 150
Trd, 2591861.329, 150
Trd, 2591861.663, 148
Trd, 2591861.763, 143
Trd, 2591861.963, 148
Trd, 2591862.546, 138
Trd, 2591862.963, 140
Trd, 2591863.313, 142
Trd, 2591863.496, 142
Trd, 2591863.596, 143
Trd, 2591863.796, 143
Trd, 2591864.163, 144
Trd, 2591864.679, 143
Trd, 2591864.746, 135
Trd, 2591865.029, 144
Trd, 2591865.429, 147
Trd, 2591866.779, 150
Trd, 2591867.679, 150
Trd, 2591868.146, 150
Trd, 2591870.979, 150
Trd, 2591871.163, 150
Trd, 2591871.179, 150
Trd, 2591871.396, 150
Trd, 2591871.463, 150
Trd, 2591871.479, 150
Trd, 2591871.763, 150
Trd, 2591871.796, 150
Trd, 2591871.996, 150
Trd, 2591872.146, 150
Trd, 2591872.179, 150
Trd, 2591872.263, 149
Trd, 2591872.379, 148
Trd, 2591872.713, 149
Trd, 2591872.813, 148
Trd, 2591873.063, 141
Trd, 2591873.379, 146
Trd, 2591873.629, 140
Trd, 2591873.896, 136
Trd, 2591874.563, 140
Trd, 2591874.896, 139
Trd, 2591874.996, 138
Trd, 2591875.013, 138
Trd, 2591875.213, 111
Trd, 2591875.429, 101
Trd, 2591875.529, 102
Trd, 2591875.846, 120
Trd, 2591876.929, 100
Trd, 2591877.029, 100
Trd, 2591877.546, 119
Trd, 2591877.629, 121
Trd, 2591878.179, 103
Trd, 2591878.729, 107
Trd, 2591879.646, 103
Trd, 2591879.813, 104
Trd, 2591879.829, 105
Trd, 2591879.863, 123
Trd, 2591880.379, 105
Trd, 2591881.579, 125
Trd, 2591882.379, 127
Trd, 2591885.496, 150
Trd, 2591885.646, 150
Trd, 2591886.229, 150
Trd, 2591886.713, 150
Trd, 2591887.313, 150
Trd, 2591887.329, 150
Trd, 2591887.396, 150
Trd, 2591887.646, 150
Trd, 2591887.679, 150
Trd, 2591887.913, 150
Trd, 2591887.963, 149
Trd, 2591888.096, 150
Trd, 2591888.313, 149
Trd, 2591889.079, 146
Trd, 2591889.363, 145
Trd, 2591889.696, 134
Trd, 2591891.179, 121
Trd, 2591892.063, 131
Trd, 2591892.213, 131
Trd, 2591892.229, 129
Trd, 2591892.329, 132
Trd, 2591892.413, 133
Trd, 2591892.846, 131
Trd, 2591892.946, 132
Trd, 2591893.213, 134
Trd, 2591893.279, 131
Trd, 2591893.696, 128
Trd, 2591894.213, 132
Trd, 2591894.296, 133
Trd, 2591895.763, 150
Trd, 2591896.246, 150
Trd, 2591896.746, 150
Trd, 2591896.896, 150
Trd, 2591896.979, 150
Trd, 2591897.313, 150
Trd, 2591897.429, 148
Trd, 2591898.279, 134
Trd, 2591898.463, 149
Trd, 2591900.963, 100
Trd, 2591901.413, 100
Trd, 2591901.429, 100
Trd, 2591901.729, 100
Trd, 2591901.829, 100
Trd, 2591901.913, 100
Trd, 2591901.929, 101
Trd, 2591902.296, 103
Trd, 2591902.563, 103
Trd, 2591902.629, 104
Trd, 2591902.996, 103
Trd, 2591903.029, 104
Trd, 2591903.379, 102
Trd, 2591903.829, 103
Trd, 2591903.896, 104
Trd, 2591904.113, 105
Trd, 2591904.646, 108
Trd, 2591905.546, 110
Trd, 2591905.829, 150
Trd, 2591905.979, 150
Trd, 2591906.263, 150
Trd, 2591906.396, 150
Trd, 2591906.696, 150
Trd, 2591906.779, 150
Trd, 2591906.963, 150
Trd, 2591907.879, 150
Trd, 2591909.663, 150
Trd, 2591909.913, 150
Trd, 2591910.279, 150
Trd, 2591911.096, 150
Trd, 2591911.263, 150
Trd, 2591911.346, 150
Trd, 2591911.546, 150
Trd, 2591912.163, 150
Trd, 2591912.313, 150
Trd, 2591912.996, 150
Trd, 2591913.013, 150
Trd, 2591913.646, 150
Trd, 2591913.696, 150
Trd, 2591913.796, 150
Trd, 2591913.846, 148
Trd, 2591913.929, 135
Trd, 2591914.546, 144
Trd, 2591915.363, 150
Trd, 2591916.729, 150
Trd, 2591917.763, 150
Trd, 2591917.879, 150
Trd, 2591917.946, 150
Trd, 2591918.129, 150
Trd, 2591918.163, 150
Trd, 2591918.463, 150
Trd, 2591918.496, 150
Trd, 2591919.546, 147
Trd, 2591920.263, 143
Trd, 2591920.729, 130
Trd, 2591921.063, 142
Trd, 2591921.213, 138
Trd, 2591921.563, 143
Trd, 2591921.729, 122
Trd, 2591922.746, 136
Trd, 2591922.863, 142
Trd, 2591923.196, 144
Trd, 2591923.229, 125
Trd, 2591923.829, 150
Trd, 2591923.896, 150
Trd, 2591924.596, 148
Trd, 2591924.613, 147
Trd, 2591924.879, 123
Trd, 2591924.946, 121
Trd, 2591926.629, 150
Trd, 2591927.579, 150
Trd, 2591928.296, 150
Trd, 2591928.846, 140
Trd, 2591929.679, 138
Trd, 2591930.296, 138
Trd, 2591930.779, 146
Trd, 2591931.579, 148
Trd, 2591931.663, 147
Trd, 2591931.963, 145
Trd, 2591932.096, 145
Trd, 2591932.879, 139
Trd, 2591932.946, 139
Trd, 2591933.063, 139
Trd, 2591933.113, 139
Trd, 2591933.196, 139
Trd, 2591933.246, 138
Trd, 2591933.279, 137
Trd, 2591933.996, 139
Trd, 2591934.046, 140
Trd, 2591934.079, 147
Trd, 2591934.629, 143
Trd, 2591934.913, 143
Trd, 2591935.246, 144
Trd, 2591935.496, 142
Trd, 2591935.979, 128
Trd, 2591936.363, 145
Trd, 2591936.613, 127
Trd, 2591936.896, 104
Trd, 2591937.096, 150
Trd, 2591937.113, 150
Trd, 2591937.746, 105
Trd, 2591937.763, 105
Trd, 2591938.446, 106
Trd, 2591938.896, 114
Trd, 2591939.296, 114
Trd, 2591940.079, 112
Trd, 2591940.913, 109
Trd, 2591941.163, 109
Trd, 2591941.279, 104
Trd, 2591941.496, 103
Trd, 2591941.779, 105
Trd, 2591942.246, 107
Trd, 2591943.146, 104
Trd, 2591943.213, 103
Trd, 2591943.229, 105
Trd, 2591943.246, 106
Trd, 2591943.329, 102
Trd, 2591943.346, 116
Trd, 2591943.929, 150
Trd, 2591944.713, 150
Trd, 2591944.796, 150
Trd, 2591944.879, 150
Trd, 2591945.279, 145
Trd, 2591945.446, 132
Trd, 2591945.546, 143
Trd, 2591946.446, 150
Trd, 2591947.129, 138
Trd, 2591947.279, 144
Trd, 2591947.563, 138
Trd, 2591948.046, 140
Trd, 2591948.196, 139
Trd, 2591948.429, 138
Trd, 2591948.996, 136
Trd, 2591949.146, 135
Trd, 2591949.363, 114
Trd, 2591950.379, 134
Trd, 2591950.513, 134
Trd, 2591950.546, 137
Trd, 2591950.613, 113
Trd, 2591951.296, 139
Trd, 2591951.746, 108
Trd, 2591951.879, 103
Trd, 2591952.763, 147
Trd, 2591953.146, 146
Trd, 2591954.263, 150
Trd, 2591955.929, 150
Trd, 2591958.063, 150
Trd, 2591958.129, 150
Trd, 2591958.579, 150
Trd, 2591958.613, 150
Trd, 2591958.629, 150
Trd, 2591958.796, 150
Trd, 2591958.913, 150
Trd, 2591959.329, 150
Trd, 2591959.796, 150
Trd, 2591959.996, 150
Trd, 2591960.063, 150
Trd, 2591960.513, 150
Trd, 2591960.996, 150
Trd, 2591961.229, 150
Trd, 2591961.479, 143
Trd, 2591961.696, 143
Trd, 2591962.296, 149
Trd, 2591963.129, 144
Trd, 2591963.246, 145
Trd, 2591963.279, 144
Trd, 2591963.363, 148
Trd, 2591963.596, 143
Trd, 2591963.979, 148
Trd, 2591964.163, 149
Trd, 2591964.213, 136
Trd, 2591964.513, 132
Trd, 2591965.063, 131
Trd, 2591965.513, 148
Trd, 2591966.229, 143
Trd, 2591966.513, 141
Trd, 2591966.829, 144
Trd, 2591967.013, 145
Trd, 2591967.113, 146
Trd, 2591968.729, 150
Trd, 2591968.913, 150
Trd, 2591969.346, 150
Trd, 2591969.596, 150
Trd, 2591972.013, 150
Trd, 2591972.113, 150
Trd, 2591972.179, 150
Trd, 2591972.246, 150
Trd, 2591972.296, 150
Trd, 2591972.313, 150
Trd, 2591972.346, 150
Trd, 2591972.963, 150
Trd, 2591972.996, 148
Trd, 2591973.996, 142
Trd, 2591974.079, 142
Trd, 2591974.496, 140
Trd, 2591974.579, 142
Trd, 2591974.979, 137
Trd, 2591975.063, 144
Trd, 2591975.129, 145
Trd, 2591975.496, 140
Trd, 2591975.979, 141
Trd, 2591976.063, 142
Trd, 2591976.263, 144
Trd, 2591976.513, 146
Trd, 2591976.629, 144
Trd, 2591976.963, 145
Trd, 2591977.546, 150
Trd, 2591977.763, 150
Trd, 2591979.396, 150
Trd, 2591979.479, 150
Trd, 2591981.013, 150
Trd, 2591981.179, 150
Trd, 2591981.279, 150
Trd, 2591981.413, 150
Trd, 2591981.696, 150
Trd, 2591982.779, 147
Trd, 2591982.963, 147
Trd, 2591983.013, 137
Trd, 2591983.696, 132
Trd, 2591984.279, 134
Trd, 2591984.663, 138
Trd, 2591985.113, 118
Trd, 2591986.079, 100
Trd, 2591986.213, 100
Trd, 2591986.679, 100
Trd, 2591986.729, 100
Trd, 2591987.213, 104
Trd, 2591987.263, 105
Trd, 2591987.863, 100
Trd, 2591988.746, 150
Trd, 2591989.363, 150
Trd, 2591990.263, 150
Trd, 2591990.663, 150
Trd, 2591990.746, 150
Trd, 2591990.896, 150
Trd, 2591990.929, 150
Trd, 2591991.213, 150
Trd, 2591991.246, 150
Trd, 2591991.396, 150
Trd, 2591991.596, 144
Trd, 2591993.513, 100
Trd, 2591993.663, 101
Trd, 2591993.879, 101
Trd, 2591993.913, 103
Trd, 2591994.463, 100
Trd, 2591995.196, 100
Trd, 2591995.696, 100
Trd, 2591996.263, 100
Trd, 2591996.346, 100
Trd, 2591996.563, 100
Trd, 2591996.613, 100
Trd, 2591996.779, 100
Trd, 2591997.113, 100
Trd, 2591997.146, 100
Trd, 2591997.263, 102
Trd, 2591997.413, 110
Trd, 2591998.346, 110
Trd, 2591999.029, 101
Trd, 2591999.063, 107
Trd, 2591999.213, 108
Trd, 2591999.529, 111
