Trd, 2590812.929, 150
Trd, 2590813.196, 150
Trd, 2590813.729, 150
Trd, 2590813.863, 150
Trd, 2590814.346, 150
Trd, 2590814.463, 150
Trd, 2590814.563, 150
Trd, 2590815.396, 144
Trd, 2590815.596, 144
Trd, 2590815.646, 110
Trd, 2590816.263, 103
Trd, 2590816.629, 103
Trd, 2590816.746, 104
Trd, 2590816.879, 110
Trd, 2590816.946, 111
Trd, 2590817.363, 108
Trd, 2590818.113, 150
Trd, 2590818.813, 150
Trd, 2590818.896, 150
Trd, 2590819.063, 150
Trd, 2590819.213, 150
Trd, 2590819.296, 150
Trd, 2590819.896, 149
Trd, 2590820.296, 148
Trd, 2590820.313, 148
Trd, 2590820.463, 149
Trd, 2590820.496, 136
Trd, 2590820.696, 123
Trd, 2590820.779, 116
Trd, 2590821.146, 103
Trd, 2590821.529, 144
Trd, 2590821.596, 130
Trd, 2590822.146, 125
Trd, 2590822.696, 104
Trd, 2590823.279, 100
Trd, 2590823.696, 101
Trd, 2590824.096, 102
Trd, 2590825.413, 100
Trd, 2590825.896, 102
Trd, 2590826.096, 103
Trd, 2590826.146, 100
Trd, 2590826.979, 147
Trd, 2590829.346, 149
Trd, 2590829.413, 148
Trd, 2590829.496, 147
Trd, 2590830.246, 150
Trd, 2590830.896, 150
Trd, 2590831.163, 150
Trd, 2590832.063, 150
Trd, 2590832.796, 150
Trd, 2590832.863, 150
Trd, 2590832.929, 150
Trd, 2590833.196, 150
Trd, 2590833.279, 150
Trd, 2590833.413, 150
Trd, 2590833.963, 150
Trd, 2590834.129, 150
Trd, 2590834.479, 149
Trd, 2590835.079, 127
Trd, 2590835.446, 127
Trd, 2590836.113, 114
Trd, 2590836.313, 100
Trd, 2590836.413, 109
Trd, 2590836.463, 110
Trd, 2590836.596, 114
Trd, 2590836.713, 100
Trd, 2590837.729, 102
Trd, 2590838.779, 127
Trd, 2590839.179, 126
Trd, 2590839.779, 150
Trd, 2590840.029, 144
Trd, 2590840.146, 130
Trd, 2590840.396, 124
Trd, 2590840.429, 149
Trd, 2590841.046, 116
Trd, 2590841.113, 144
Trd, 2590841.746, 150
Trd, 2590842.263, 150
Trd, 2590842.629, 125
Trd, 2590843.079, 122
Trd, 2590843.246, 122
Trd, 2590843.596, 122
Trd, 2590844.646, 146
Trd, 2590844.746, 140
Trd, 2590844.929, 146
Trd, 2590845.746, 135
Trd, 2590846.063, 141
Trd, 2590846.929, 133
Trd, 2590847.279, 100
Trd, 2590847.779, 102
Trd, 2590847.846, 103
Trd, 2590847.929, 107
Trd, 2590848.279, 120
Trd, 2590848.346, 119
Trd, 2590848.596, 141
Trd, 2590849.079, 147
Trd, 2590850.496, 150
Trd, 2590850.646, 127
Trd, 2590851.429, 150
Trd, 2590851.613, 150
Trd, 2590851.979, 149
Trd, 2590853.313, 145
Trd, 2590853.513, 147
Trd, 2590853.813, 146
Trd, 2590854.063, 146
Trd, 2590854.196, 144
Trd, 2590854.379, 147
Trd, 2590854.729, 140
Trd, 2590854.863, 105
Trd, 2590855.046, 144
Trd, 2590855.879, 108
Trd, 2590856.013, 107
Trd, 2590856.946, 114
Trd, 2590857.213, 107
Trd, 2590858.163, 147
Trd, 2590858.296, 148
Trd, 2590858.329, 147
Trd, 2590858.379, 146
Trd, 2590858.429, 145
Trd, 2590858.696, 144
Trd, 2590859.096, 115
Trd, 2590859.396, 123
Trd, 2590859.579, 141
Trd, 2590859.879, 139
Trd, 2590859.996, 128
Trd, 2590860.013, 116
Trd, 2590860.263, 104
Trd, 2590860.596, 106
Trd, 2590860.663, 140
Trd, 2590860.929, 105
Trd, 2590863.296, 150
Trd, 2590864.146, 150
Trd, 2590864.296, 150
Trd, 2590864.513, 150
Trd, 2590864.679, 150
Trd, 2590864.746, 150
Trd, 2590866.413, 150
Trd, 2590866.713, 150
Trd, 2590866.763, 150
Trd, 2590866.813, 150
Trd, 2590866.829, 150
Trd, 2590866.963, 150
Trd, 2590868.479, 150
Trd, 2590868.763, 150
Trd, 2590869.379, 148
Trd, 2590869.396, 149
Trd, 2590869.596, 150
Trd, 2590870.363, 147
Trd, 2590870.629, 142
Trd, 2590870.779, 147
Trd, 2590871.946, 113
Trd, 2590872.263, 120
Trd, 2590872.396, 115
Trd, 2590872.946, 142
Trd, 2590873.063, 143
Trd, 2590873.079, 115
Trd, 2590873.479, 101
Trd, 2590873.563, 146
Trd, 2590873.746, 146
Trd, 2590873.929, 110
Trd, 2590874.546, 146
Trd, 2590875.029, 135
Trd, 2590875.313, 130
Trd, 2590875.463, 129
Trd, 2590876.346, 129
Trd, 2590877.413, 129
Trd, 2590878.013, 129
Trd, 2590878.079, 136
Trd, 2590879.113, 133
Trd, 2590879.446, 133
Trd, 2590879.629, 128
Trd, 2590880.079, 131
Trd, 2590880.463, 130
Trd, 2590880.779, 130
Trd, 2590881.379, 150
Trd, 2590881.813, 150
Trd, 2590882.246, 150
Trd, 2590882.513, 139
Trd, 2590883.296, 150
Trd, 2590883.563, 150
Trd, 2590883.613, 150
Trd, 2590883.829, 150
Trd, 2590884.146, 147
Trd, 2590884.546, 114
Trd, 2590885.379, 128
Trd, 2590885.729, 110
Trd, 2590887.379, 147
Trd, 2590887.829, 112
Trd, 2590888.046, 136
Trd, 2590888.179, 145
Trd, 2590888.879, 141
Trd, 2590888.946, 134
Trd, 2590889.279, 134
Trd, 2590889.329, 132
Trd, 2590889.446, 141
Trd, 2590889.996, 125
Trd, 2590890.363, 140
Trd, 2590891.296, 135
Trd, 2590891.329, 137
Trd, 2590891.829, 135
Trd, 2590892.079, 135
Trd, 2590892.713, 110
Trd, 2590893.763, 129
Trd, 2590893.796, 128
Trd, 2590893.913, 128
Trd, 2590893.979, 127
Trd, 2590894.196, 123
Trd, 2590894.329, 124
Trd, 2590894.646, 113
Trd, 2590894.813, 112
Trd, 2590895.613, 132
Trd, 2590896.063, 135
Trd, 2590896.429, 116
Trd, 2590896.846, 116
Trd, 2590898.496, 148
Trd, 2590899.046, 147
Trd, 2590899.213, 147
Trd, 2590899.463, 147
Trd, 2590899.596, 147
Trd, 2590900.013, 147
Trd, 2590900.096, 146
Trd, 2590900.413, 146
Trd, 2590900.713, 145
Trd, 2590900.829, 120
Trd, 2590901.563, 145
Trd, 2590901.579, 146
Trd, 2590901.713, 134
Trd, 2590901.829, 133
Trd, 2590901.863, 147
Trd, 2590903.546, 110
Trd, 2590904.213, 149
Trd, 2590904.296, 148
Trd, 2590904.513, 148
Trd, 2590904.746, 148
Trd, 2590904.946, 147
Trd, 2590905.046, 149
Trd, 2590905.063, 123
Trd, 2590905.213, 131
Trd, 2590905.663, 100
Trd, 2590905.963, 100
Trd, 2590906.829, 100
Trd, 2590908.146, 100
Trd, 2590909.196, 105
Trd, 2590909.763, 111
Trd, 2590909.896, 150
Trd, 2590910.096, 107
Trd, 2590910.446, 146
Trd, 2590910.646, 150
Trd, 2590910.663, 149
Trd, 2590911.613, 114
Trd, 2590911.829, 115
Trd, 2590913.029, 124
Trd, 2590913.246, 126
Trd, 2590913.296, 123
Trd, 2590913.329, 122
Trd, 2590913.396, 124
Trd, 2590913.979, 126
Trd, 2590914.113, 141
Trd, 2590914.196, 127
Trd, 2590914.263, 142
Trd, 2590915.446, 139
Trd, 2590915.929, 130
Trd, 2590917.529, 134
Trd, 2590917.763, 135
Trd, 2590918.179, 135
Trd, 2590918.613, 129
Trd, 2590918.746, 130
Trd, 2590919.246, 150
Trd, 2590919.446, 148
Trd, 2590920.029, 149
Trd, 2590921.063, 143
Trd, 2590921.113, 134
Trd, 2590922.346, 144
Trd, 2590922.679, 145
Trd, 2590923.696, 145
Trd, 2590923.996, 145
Trd, 2590924.196, 144
Trd, 2590924.546, 143
Trd, 2590925.729, 143
Trd, 2590925.879, 142
Trd, 2590926.113, 145
Trd, 2590926.279, 143
Trd, 2590926.379, 143
Trd, 2590926.513, 150
Trd, 2590926.963, 148
Trd, 2590927.529, 127
Trd, 2590927.713, 126
Trd, 2590928.963, 150
Trd, 2590929.679, 150
Trd, 2590930.263, 150
Trd, 2590930.279, 150
Trd, 2590930.629, 150
Trd, 2590930.896, 150
Trd, 2590931.513, 150
Trd, 2590931.863, 150
Trd, 2590932.046, 150
Trd, 2590932.546, 141
Trd, 2590932.596, 142
Trd, 2590932.979, 141
Trd, 2590933.229, 131
Trd, 2590933.446, 126
Trd, 2590933.513, 118
Trd, 2590933.813, 140
Trd, 2590934.046, 141
Trd, 2590935.029, 111
Trd, 2590935.246, 121
Trd, 2590935.846, 138
Trd, 2590935.996, 148
Trd, 2590936.613, 133
Trd, 2590936.946, 132
Trd, 2590937.046, 131
Trd, 2590938.263, 149
Trd, 2590938.513, 150
Trd, 2590938.563, 150
Trd, 2590938.613, 149
Trd, 2590939.479, 146
Trd, 2590940.063, 148
Trd, 2590940.513, 144
Trd, 2590940.729, 145
Trd, 2590941.779, 150
Trd, 2590941.963, 150
Trd, 2590942.229, 150
Trd, 2590942.296, 149
Trd, 2590942.946, 146
Trd, 2590943.179, 149
Trd, 2590943.479, 149
Trd, 2590944.829, 148
Trd, 2590944.846, 147
Trd, 2590945.263, 143
Trd, 2590945.613, 150
Trd, 2590946.863, 150
Trd, 2590947.113, 150
Trd, 2590947.129, 150
Trd, 2590947.146, 150
Trd, 2590947.729, 150
Trd, 2590948.013, 146
Trd, 2590948.446, 141
Trd, 2590949.313, 143
Trd, 2590949.813, 134
Trd, 2590950.563, 142
Trd, 2590950.663, 124
Trd, 2590950.763, 142
Trd, 2590951.079, 124
Trd, 2590951.879, 102
Trd, 2590952.313, 100
Trd, 2590952.346, 103
Trd, 2590952.679, 130
Trd, 2590953.696, 120
Trd, 2590954.129, 121
Trd, 2590954.429, 123
Trd, 2590954.546, 126
Trd, 2590954.613, 127
Trd, 2590955.413, 125
Trd, 2590955.429, 126
Trd, 2590956.046, 150
Trd, 2590957.196, 150
Trd, 2590957.279, 150
Trd, 2590957.379, 150
Trd, 2590957.713, 150
Trd, 2590957.763, 150
Trd, 2590958.079, 148
Trd, 2590958.879, 145
Trd, 2590959.479, 126
Trd, 2590960.063, 133
Trd, 2590961.346, 129
Trd, 2590962.129, 125
Trd, 2590962.746, 124
Trd, 2590962.946, 125
Trd, 2590963.029, 127
Trd, 2590963.096, 129
Trd, 2590963.113, 122
Trd, 2590963.146, 121
Trd, 2590963.246, 116
Trd, 2590963.863, 117
Trd, 2590966.013, 150
Trd, 2590966.213, 150
Trd, 2590966.463, 150
Trd, 2590966.846, 150
Trd, 2590967.046, 150
Trd, 2590967.513, 149
Trd, 2590968.229, 150
Trd, 2590968.363, 150
Trd, 2590968.579, 150
Trd, 2590968.596, 148
Trd, 2590968.646, 146
Trd, 2590968.713, 149
Trd, 2590968.963, 139
Trd, 2590969.246, 149
Trd, 2590969.329, 134
Trd, 2590969.996, 146
Trd, 2590970.029, 150
Trd, 2590970.346, 147
Trd, 2590970.563, 150
Trd, 2590970.763, 138
Trd, 2590971.796, 140
Trd, 2590971.946, 138
Trd, 2590972.129, 105
Trd, 2590972.729, 142
Trd, 2590975.813, 104
Trd, 2590975.846, 105
Trd, 2590976.213, 104
Trd, 2590976.246, 102
Trd, 2590976.279, 101
Trd, 2590976.729, 100
Trd, 2590976.946, 100
Trd, 2590977.179, 100
Trd, 2590977.396, 100
Trd, 2590977.696, 100
Trd, 2590977.879, 100
Trd, 2590978.346, 102
Trd, 2590978.529, 106
Trd, 2590978.563, 113
Trd, 2590979.346, 102
Trd, 2590980.113, 120
Trd, 2590980.479, 105
Trd, 2590980.663, 100
Trd, 2590980.779, 101
Trd, 2590981.213, 102
Trd, 2590981.296, 106
Trd, 2590981.763, 135
Trd, 2590981.846, 107
Trd, 2590982.996, 150
Trd, 2590983.046, 150
Trd, 2590983.529, 150
Trd, 2590983.713, 150
Trd, 2590984.779, 150
Trd, 2590987.029, 150
Trd, 2590987.263, 150
Trd, 2590987.296, 150
Trd, 2590987.613, 150
Trd, 2590987.629, 150
Trd, 2590987.763, 150
Trd, 2590988.129, 150
Trd, 2590988.763, 150
Trd, 2590989.313, 150
Trd, 2590989.413, 150
Trd, 2590989.479, 150
Trd, 2590989.746, 150
Trd, 2590989.879, 150
Trd, 2590990.763, 149
Trd, 2590990.929, 148
Trd, 2590992.946, 150
Trd, 2590993.079, 150
Trd, 2590993.379, 150
Trd, 2590993.496, 149
Trd, 2590993.663, 149
Trd, 2590993.863, 126
Trd, 2590994.313, 140
Trd, 2590995.179, 143
Trd, 2590995.296, 146
Trd, 2590995.463, 140
Trd, 2590995.546, 129
Trd, 2590995.913, 145
Trd, 2590996.529, 132
Trd, 2590996.863, 128
Trd, 2590997.329, 126
Trd, 2590997.413, 123
Trd, 2590997.446, 108
Trd, 2590998.996, 124
Trd, 2590999.979, 122
Trd, 2591000.079, 123
Trd, 2591000.096, 108
Trd, 2591000.229, 124
Trd, 2591000.396, 109
Trd, 2591000.563, 108
Trd, 2591000.863, 127
Trd, 2591001.463, 124
Trd, 2591001.963, 116
Trd, 2591002.446, 124
Trd, 2591003.829, 122
Trd, 2591003.996, 123
Trd, 2591004.046, 125
Trd, 2591004.463, 126
Trd, 2591005.063, 128
Trd, 2591005.329, 130
Trd, 2591005.629, 131
Trd, 2591005.829, 133
Trd, 2591006.113, 144
Trd, 2591006.996, 150
Trd, 2591007.063, 150
Trd, 2591007.279, 150
Trd, 2591007.579, 150
Trd, 2591007.879, 150
Trd, 2591008.263, 125
Trd, 2591008.313, 109
Trd, 2591008.779, 110
Trd, 2591008.879, 111
Trd, 2591009.029, 146
Trd, 2591009.463, 150
Trd, 2591011.446, 150
Trd, 2591012.029, 150
Trd, 2591012.329, 150
Trd, 2591013.596, 150
Trd, 2591013.763, 150
Trd, 2591013.946, 150
Trd, 2591014.346, 150
Trd, 2591014.629, 150
Trd, 2591015.996, 150
Trd, 2591016.229, 150
Trd, 2591016.613, 150
Trd, 2591017.079, 150
Trd, 2591017.496, 150
Trd, 2591018.363, 150
Trd, 2591018.396, 150
Trd, 2591018.613, 150
Trd, 2591019.113, 150
Trd, 2591019.246, 150
Trd, 2591019.429, 150
Trd, 2591019.479, 149
Trd, 2591020.246, 150
Trd, 2591020.413, 146
Trd, 2591020.546, 138
Trd, 2591020.946, 119
Trd, 2591021.113, 148
Trd, 2591021.129, 118
Trd, 2591021.679, 146
Trd, 2591022.029, 147
Trd, 2591022.329, 130
Trd, 2591022.346, 107
Trd, 2591022.463, 107
Trd, 2591022.796, 104
Trd, 2591023.146, 103
Trd, 2591023.213, 102
Trd, 2591023.346, 103
Trd, 2591023.813, 100
Trd, 2591023.946, 100
Trd, 2591024.163, 102
Trd, 2591024.846, 102
Trd, 2591025.163, 102
Trd, 2591026.363, 100
Trd, 2591026.496, 100
Trd, 2591027.429, 100
Trd, 2591027.496, 101
Trd, 2591027.813, 102
Trd, 2591028.163, 109
Trd, 2591028.596, 110
Trd, 2591028.679, 127
Trd, 2591029.796, 150
Trd, 2591030.196, 150
Trd, 2591031.346, 150
Trd, 2591031.679, 150
Trd, 2591031.946, 150
Trd, 2591033.279, 150
Trd, 2591033.413, 150
Trd, 2591033.713, 150
Trd, 2591033.963, 150
Trd, 2591033.996, 150
Trd, 2591034.696, 150
Trd, 2591034.763, 150
Trd, 2591034.879, 150
Trd, 2591035.029, 150
Trd, 2591035.396, 150
Trd, 2591037.079, 150
Trd, 2591037.096, 150
Trd, 2591037.796, 150
Trd, 2591038.013, 150
Trd, 2591038.663, 150
Trd, 2591038.863, 150
Trd, 2591038.979, 150
Trd, 2591039.313, 146
Trd, 2591039.413, 145
Trd, 2591039.979, 132
Trd, 2591040.179, 121
Trd, 2591040.496, 145
Trd, 2591040.863, 123
Trd, 2591040.896, 122
Trd, 2591041.529, 122
Trd, 2591041.629, 142
Trd, 2591041.929, 100
Trd, 2591042.313, 100
Trd, 2591042.363, 100
Trd, 2591042.613, 106
Trd, 2591043.363, 143
Trd, 2591044.429, 103
Trd, 2591044.696, 101
Trd, 2591044.913, 109
Trd, 2591045.196, 120
Trd, 2591046.046, 106
Trd, 2591046.629, 112
Trd, 2591046.729, 109
Trd, 2591048.263, 150
Trd, 2591048.279, 150
Trd, 2591048.313, 150
Trd, 2591048.363, 150
Trd, 2591048.629, 108
Trd, 2591049.829, 145
Trd, 2591050.013, 146
Trd, 2591050.096, 147
Trd, 2591050.796, 145
Trd, 2591051.063, 147
Trd, 2591051.629, 150
Trd, 2591051.679, 149
Trd, 2591052.879, 150
Trd, 2591053.229, 150
Trd, 2591053.479, 150
Trd, 2591053.546, 150
Trd, 2591054.113, 150
Trd, 2591054.396, 149
Trd, 2591054.413, 148
Trd, 2591055.529, 150
Trd, 2591056.363, 150
Trd, 2591056.513, 150
Trd, 2591056.663, 150
Trd, 2591056.946, 150
Trd, 2591057.246, 150
Trd, 2591057.846, 149
Trd, 2591058.229, 150
Trd, 2591058.563, 150
Trd, 2591058.596, 147
Trd, 2591058.863, 143
Trd, 2591059.313, 126
Trd, 2591059.829, 121
Trd, 2591059.929, 150
Trd, 2591061.146, 148
Trd, 2591061.813, 144
Trd, 2591061.963, 149
Trd, 2591062.263, 144
Trd, 2591062.463, 140
Trd, 2591063.896, 150
Trd, 2591063.946, 150
Trd, 2591063.963, 150
Trd, 2591064.029, 142
Trd, 2591064.479, 147
Trd, 2591064.529, 146
Trd, 2591064.629, 130
Trd, 2591065.729, 136
Trd, 2591066.329, 132
Trd, 2591066.463, 123
Trd, 2591067.329, 127
Trd, 2591067.513, 127
Trd, 2591067.929, 127
Trd, 2591067.979, 126
Trd, 2591068.713, 126
Trd, 2591068.779, 127
Trd, 2591069.163, 126
Trd, 2591070.163, 124
Trd, 2591070.329, 122
Trd, 2591070.896, 123
Trd, 2591071.113, 126
Trd, 2591071.129, 122
Trd, 2591072.196, 139
Trd, 2591073.279, 149
Trd, 2591073.646, 145
Trd, 2591074.729, 150
Trd, 2591074.763, 150
Trd, 2591075.463, 150
Trd, 2591076.063, 150
Trd, 2591077.446, 150
Trd, 2591077.646, 150
Trd, 2591077.863, 150
Trd, 2591077.896, 150
Trd, 2591077.963, 150
Trd, 2591078.079, 150
Trd, 2591078.313, 150
Trd, 2591078.729, 150
Trd, 2591078.996, 148
Trd, 2591079.263, 141
Trd, 2591079.513, 132
Trd, 2591079.763, 141
Trd, 2591080.329, 125
Trd, 2591081.113, 138
Trd, 2591081.246, 126
Trd, 2591081.513, 101
Trd, 2591081.779, 101
Trd, 2591082.363, 138
Trd, 2591083.329, 150
Trd, 2591083.363, 150
Trd, 2591083.829, 131
Trd, 2591083.896, 126
Trd, 2591084.629, 136
Trd, 2591084.663, 133
Trd, 2591084.813, 137
Trd, 2591085.646, 124
Trd, 2591086.113, 149
Trd, 2591086.346, 124
Trd, 2591086.496, 124
Trd, 2591086.513, 123
Trd, 2591086.713, 100
Trd, 2591087.629, 148
Trd, 2591087.679, 136
Trd, 2591088.363, 124
Trd, 2591090.246, 130
Trd, 2591090.496, 119
Trd, 2591090.629, 118
Trd, 2591090.696, 128
Trd, 2591091.396, 120
Trd, 2591091.696, 123
Trd, 2591091.913, 124
Trd, 2591092.046, 128
Trd, 2591092.146, 144
Trd, 2591092.629, 136
Trd, 2591092.696, 136
Trd, 2591093.313, 150
Trd, 2591093.429, 150
Trd, 2591095.346, 150
Trd, 2591096.146, 150
Trd, 2591097.179, 150
Trd, 2591097.196, 150
Trd, 2591097.329, 150
Trd, 2591097.596, 150
Trd, 2591097.913, 150
Trd, 2591098.029, 150
Trd, 2591098.046, 150
Trd, 2591098.213, 150
Trd, 2591098.279, 146
Trd, 2591099.363, 149
Trd, 2591099.829, 149
Trd, 2591100.196, 149
Trd, 2591100.846, 146
Trd, 2591100.963, 144
Trd, 2591101.113, 106
Trd, 2591101.279, 146
Trd, 2591101.663, 126
Trd, 2591102.179, 144
Trd, 2591102.463, 110
Trd, 2591102.479, 145
Trd, 2591102.613, 109
Trd, 2591102.813, 148
Trd, 2591103.263, 113
Trd, 2591103.529, 112
Trd, 2591103.913, 126
Trd, 2591104.129, 100
Trd, 2591104.529, 137
Trd, 2591105.013, 102
Trd, 2591105.946, 133
Trd, 2591106.029, 133
Trd, 2591106.113, 134
Trd, 2591106.279, 132
Trd, 2591106.579, 132
Trd, 2591107.129, 135
Trd, 2591107.746, 145
Trd, 2591107.946, 131
Trd, 2591108.729, 103
Trd, 2591108.779, 103
Trd, 2591108.796, 104
Trd, 2591109.946, 105
Trd, 2591110.446, 135
Trd, 2591110.546, 103
Trd, 2591111.113, 116
Trd, 2591111.463, 104
Trd, 2591111.779, 106
Trd, 2591112.596, 141
Trd, 2591114.079, 144
Trd, 2591114.463, 130
Trd, 2591114.529, 128
Trd, 2591115.129, 150
Trd, 2591116.513, 150
Trd, 2591116.963, 150
Trd, 2591117.396, 150
Trd, 2591118.279, 150
Trd, 2591118.363, 150
Trd, 2591118.796, 150
Trd, 2591118.813, 150
Trd, 2591118.846, 150
Trd, 2591118.863, 150
Trd, 2591119.096, 135
Trd, 2591119.646, 136
Trd, 2591120.713, 132
Trd, 2591120.796, 133
Trd, 2591120.863, 131
Trd, 2591121.079, 133
Trd, 2591121.129, 134
Trd, 2591121.463, 123
Trd, 2591121.963, 150
Trd, 2591123.013, 150
Trd, 2591123.396, 150
Trd, 2591124.246, 150
Trd, 2591125.179, 150
Trd, 2591126.113, 150
Trd, 2591127.779, 150
Trd, 2591127.879, 150
Trd, 2591128.263, 150
Trd, 2591128.346, 150
Trd, 2591129.129, 149
Trd, 2591129.546, 145
Trd, 2591130.196, 128
Trd, 2591130.213, 125
Trd, 2591130.413, 106
Trd, 2591130.446, 136
Trd, 2591130.463, 137
Trd, 2591130.629, 101
Trd, 2591130.813, 101
Trd, 2591130.963, 101
Trd, 2591131.113, 100
Trd, 2591131.796, 100
Trd, 2591132.213, 102
Trd, 2591132.363, 106
Trd, 2591133.063, 103
Trd, 2591133.546, 107
Trd, 2591133.829, 106
Trd, 2591133.896, 105
Trd, 2591134.029, 128
Trd, 2591134.913, 132
Trd, 2591136.063, 140
Trd, 2591136.146, 140
Trd, 2591136.646, 138
Trd, 2591136.779, 141
Trd, 2591137.696, 147
Trd, 2591138.629, 149
Trd, 2591138.679, 149
Trd, 2591138.696, 148
Trd, 2591138.763, 150
Trd, 2591139.179, 146
Trd, 2591139.596, 146
Trd, 2591139.613, 145
Trd, 2591139.946, 109
Trd, 2591140.496, 138
Trd, 2591140.679, 115
Trd, 2591140.879, 150
Trd, 2591141.196, 108
Trd, 2591141.596, 100
Trd, 2591142.163, 100
Trd, 2591142.313, 100
Trd, 2591142.579, 102
Trd, 2591142.646, 103
Trd, 2591142.896, 102
Trd, 2591144.096, 148
Trd, 2591144.379, 131
Trd, 2591145.229, 118
Trd, 2591145.296, 116
Trd, 2591145.363, 119
Trd, 2591145.729, 112
Trd, 2591146.296, 117
Trd, 2591146.363, 105
Trd, 2591147.029, 115
Trd, 2591147.463, 114
Trd, 2591147.579, 116
Trd, 2591147.596, 117
Trd, 2591148.446, 116
Trd, 2591148.696, 117
Trd, 2591149.196, 117
Trd, 2591149.229, 120
Trd, 2591149.563, 113
Trd, 2591150.396, 144
Trd, 2591150.413, 143
Trd, 2591150.463, 142
Trd, 2591150.529, 142
Trd, 2591150.946, 141
Trd, 2591151.229, 146
Trd, 2591152.129, 123
Trd, 2591152.713, 146
Trd, 2591153.179, 149
Trd, 2591153.846, 134
Trd, 2591155.163, 150
Trd, 2591156.363, 150
Trd, 2591156.413, 150
Trd, 2591158.846, 150
Trd, 2591159.096, 150
Trd, 2591159.229, 150
Trd, 2591159.313, 150
Trd, 2591159.596, 150
Trd, 2591159.863, 150
Trd, 2591160.296, 150
Trd, 2591160.329, 150
Trd, 2591161.063, 150
Trd, 2591161.146, 150
Trd, 2591161.263, 150
Trd, 2591161.413, 150
Trd, 2591161.446, 149
Trd, 2591161.663, 150
Trd, 2591161.879, 149
Trd, 2591161.946, 150
Trd, 2591162.413, 149
Trd, 2591163.479, 150
Trd, 2591163.579, 150
Trd, 2591163.996, 150
Trd, 2591164.229, 150
Trd, 2591164.279, 141
Trd, 2591164.313, 111
Trd, 2591165.196, 148
Trd, 2591165.963, 148
Trd, 2591167.163, 150
Trd, 2591167.229, 149
Trd, 2591167.779, 150
Trd, 2591168.946, 150
Trd, 2591169.079, 150
Trd, 2591169.113, 150
Trd, 2591169.279, 149
Trd, 2591169.429, 148
Trd, 2591169.546, 141
Trd, 2591170.596, 137
Trd, 2591170.846, 145
Trd, 2591171.063, 125
Trd, 2591171.596, 142
Trd, 2591171.696, 124
Trd, 2591171.979, 123
Trd, 2591172.663, 138
Trd, 2591172.863, 132
Trd, 2591173.879, 117
Trd, 2591174.163, 115
Trd, 2591174.479, 100
Trd, 2591174.663, 100
Trd, 2591174.696, 101
Trd, 2591175.196, 105
Trd, 2591177.363, 100
Trd, 2591177.629, 100
Trd, 2591177.779, 100
Trd, 2591177.863, 100
Trd, 2591178.246, 100
Trd, 2591178.413, 100
Trd, 2591178.513, 100
Trd, 2591178.863, 101
Trd, 2591178.979, 102
Trd, 2591179.129, 101
Trd, 2591179.429, 103
Trd, 2591179.679, 103
Trd, 2591180.413, 118
Trd, 2591180.796, 104
Trd, 2591181.096, 109
Trd, 2591181.229, 105
Trd, 2591181.313, 110
Trd, 2591181.896, 150
Trd, 2591182.113, 107
Trd, 2591182.763, 133
Trd, 2591183.296, 132
Trd, 2591184.329, 109
Trd, 2591184.363, 108
Trd, 2591184.463, 121
Trd, 2591185.679, 115
Trd, 2591185.946, 115
Trd, 2591186.063, 114
Trd, 2591186.163, 110
Trd, 2591186.529, 114
Trd, 2591186.629, 108
Trd, 2591186.963, 102
Trd, 2591187.263, 110
Trd, 2591187.963, 113
Trd, 2591188.996, 150
Trd, 2591190.179, 150
Trd, 2591190.879, 150
Trd, 2591191.329, 150
Trd, 2591191.996, 150
Trd, 2591192.096, 150
Trd, 2591192.229, 150
Trd, 2591192.279, 150
Trd, 2591192.296, 150
Trd, 2591192.929, 150
Trd, 2591193.429, 150
Trd, 2591193.696, 150
Trd, 2591194.296, 150
Trd, 2591194.363, 150
Trd, 2591195.063, 150
Trd, 2591197.013, 150
Trd, 2591197.579, 150
Trd, 2591198.363, 148
Trd, 2591198.429, 145
Trd, 2591198.613, 147
Trd, 2591198.896, 145
Trd, 2591199.279, 135
Trd, 2591199.696, 120
Trd, 2591199.829, 141
Trd, 2591199.879, 143
Trd, 2591200.113, 141
Trd, 2591200.129, 107
Trd, 2591200.179, 142
Trd, 2591200.279, 103
Trd, 2591200.529, 126
Trd, 2591200.779, 138
Trd, 2591200.896, 146
Trd, 2591201.313, 150
Trd, 2591202.113, 150
Trd, 2591202.446, 150
Trd, 2591202.829, 150
Trd, 2591203.079, 150
Trd, 2591203.246, 150
Trd, 2591203.996, 150
Trd, 2591204.646, 148
Trd, 2591204.846, 147
Trd, 2591204.963, 149
Trd, 2591206.479, 130
Trd, 2591206.596, 123
Trd, 2591207.229, 128
Trd, 2591207.246, 129
Trd, 2591207.646, 130
Trd, 2591207.829, 131
Trd, 2591208.146, 149
Trd, 2591208.513, 150
Trd, 2591209.179, 150
Trd, 2591209.846, 150
Trd, 2591210.096, 150
Trd, 2591210.413, 150
Trd, 2591210.663, 150
Trd, 2591210.713, 147
Trd, 2591211.213, 118
Trd, 2591211.996, 101
Trd, 2591212.096, 102
Trd, 2591212.213, 104
Trd, 2591212.463, 102
Trd, 2591213.046, 110
Trd, 2591213.096, 109
Trd, 2591214.263, 135
Trd, 2591215.379, 100
Trd, 2591215.463, 100
Trd, 2591216.746, 100
Trd, 2591216.963, 100
Trd, 2591217.163, 101
Trd, 2591217.346, 102
Trd, 2591217.696, 125
Trd, 2591218.846, 110
Trd, 2591219.496, 125
Trd, 2591219.829, 144
Trd, 2591220.163, 144
Trd, 2591220.563, 125
Trd, 2591220.579, 124
Trd, 2591220.979, 126
Trd, 2591221.396, 139
Trd, 2591222.113, 129
Trd, 2591222.163, 128
Trd, 2591223.113, 134
Trd, 2591223.446, 147
Trd, 2591223.829, 147
Trd, 2591223.929, 146
Trd, 2591223.963, 148
Trd, 2591224.096, 134
Trd, 2591224.296, 134
Trd, 2591225.363, 149
Trd, 2591225.779, 136
Trd, 2591226.313, 144
Trd, 2591226.529, 145
Trd, 2591226.563, 136
Trd, 2591226.729, 145
Trd, 2591226.979, 149
Trd, 2591227.396, 150
Trd, 2591227.696, 149
Trd, 2591228.963, 139
Trd, 2591230.479, 150
Trd, 2591232.229, 150
Trd, 2591232.396, 150
Trd, 2591232.463, 150
Trd, 2591232.896, 150
Trd, 2591233.579, 150
Trd, 2591234.146, 150
Trd, 2591234.196, 150
Trd, 2591234.463, 150
Trd, 2591234.596, 150
Trd, 2591235.129, 150
Trd, 2591235.879, 150
Trd, 2591236.263, 150
Trd, 2591236.546, 150
Trd, 2591236.563, 150
Trd, 2591236.896, 150
Trd, 2591237.346, 150
Trd, 2591238.529, 150
Trd, 2591238.979, 150
Trd, 2591239.029, 150
Trd, 2591239.746, 149
Trd, 2591240.063, 149
Trd, 2591240.213, 150
Trd, 2591240.479, 148
Trd, 2591240.929, 148
Trd, 2591241.479, 142
Trd, 2591241.596, 136
Trd, 2591241.913, 149
Trd, 2591241.996, 148
Trd, 2591242.263, 135
Trd, 2591242.379, 131
Trd, 2591243.929, 150
Trd, 2591245.279, 150
Trd, 2591245.613, 150
Trd, 2591245.796, 150
Trd, 2591246.096, 150
Trd, 2591246.163, 150
Trd, 2591246.229, 150
Trd, 2591246.463, 150
Trd, 2591246.746, 150
Trd, 2591247.046, 150
Trd, 2591247.096, 150
Trd, 2591247.229, 149
Trd, 2591247.296, 149
Trd, 2591247.429, 147
Trd, 2591247.879, 146
Trd, 2591247.979, 146
Trd, 2591248.463, 137
Trd, 2591249.946, 136
Trd, 2591250.129, 115
Trd, 2591250.413, 115
Trd, 2591252.179, 124
Trd, 2591252.446, 123
Trd, 2591252.746, 125
Trd, 2591252.896, 126
Trd, 2591253.229, 130
Trd, 2591253.829, 102
Trd, 2591255.463, 100
Trd, 2591256.179, 100
Trd, 2591256.246, 101
Trd, 2591256.496, 102
Trd, 2591256.663, 103
Trd, 2591257.096, 107
Trd, 2591258.446, 150
Trd, 2591258.563, 150
Trd, 2591259.396, 150
Trd, 2591259.646, 150
Trd, 2591260.629, 150
Trd, 2591260.813, 150
Trd, 2591261.079, 150
Trd, 2591261.263, 150
Trd, 2591261.279, 150
Trd, 2591261.446, 149
Trd, 2591261.563, 149
Trd, 2591262.029, 149
Trd, 2591262.329, 140
Trd, 2591262.529, 131
Trd, 2591262.579, 130
Trd, 2591262.896, 150
Trd, 2591263.346, 149
Trd, 2591263.646, 128
Trd, 2591263.996, 149
Trd, 2591264.129, 149
Trd, 2591264.179, 127
Trd, 2591264.529, 122
Trd, 2591264.879, 101
Trd, 2591265.146, 112
Trd, 2591266.446, 146
Trd, 2591266.663, 143
Trd, 2591266.896, 146
Trd, 2591267.229, 150
Trd, 2591267.929, 150
Trd, 2591267.963, 150
Trd, 2591268.213, 150
Trd, 2591268.979, 150
Trd, 2591270.529, 150
Trd, 2591270.929, 150
Trd, 2591270.963, 150
Trd, 2591270.979, 149
Trd, 2591271.163, 149
Trd, 2591271.629, 145
Trd, 2591271.846, 144
Trd, 2591272.779, 137
Trd, 2591273.563, 138
Trd, 2591273.829, 137
Trd, 2591273.863, 135
Trd, 2591273.879, 117
Trd, 2591274.779, 108
Trd, 2591274.963, 138
Trd, 2591275.196, 138
Trd, 2591275.879, 150
Trd, 2591276.396, 150
Trd, 2591278.013, 150
Trd, 2591278.513, 150
Trd, 2591279.679, 150
Trd, 2591279.879, 149
Trd, 2591280.446, 150
Trd, 2591280.629, 150
Trd, 2591280.796, 149
Trd, 2591281.079, 150
Trd, 2591281.229, 145
Trd, 2591281.346, 149
Trd, 2591281.429, 128
Trd, 2591282.546, 126
Trd, 2591282.829, 143
Trd, 2591282.963, 125
Trd, 2591283.413, 133
Trd, 2591283.546, 142
Trd, 2591283.946, 127
Trd, 2591284.029, 127
Trd, 2591284.129, 141
Trd, 2591284.963, 140
Trd, 2591285.179, 139
Trd, 2591285.213, 135
Trd, 2591285.279, 141
Trd, 2591285.363, 143
Trd, 2591286.529, 138
Trd, 2591287.563, 141
Trd, 2591287.779, 140
Trd, 2591288.096, 118
Trd, 2591288.146, 106
Trd, 2591288.779, 109
Trd, 2591290.529, 101
Trd, 2591290.546, 101
Trd, 2591290.713, 136
Trd, 2591290.996, 137
Trd, 2591291.296, 101
Trd, 2591291.429, 102
Trd, 2591291.679, 102
Trd, 2591292.029, 102
Trd, 2591292.179, 100
Trd, 2591292.429, 103
Trd, 2591292.879, 109
Trd, 2591293.846, 110
Trd, 2591294.429, 108
Trd, 2591295.613, 100
Trd, 2591295.629, 100
Trd, 2591295.713, 107
Trd, 2591296.663, 104
Trd, 2591296.863, 105
Trd, 2591296.896, 106
Trd, 2591297.679, 106
Trd, 2591298.046, 105
Trd, 2591298.479, 105
Trd, 2591298.596, 106
Trd, 2591298.779, 107
Trd, 2591298.896, 148
Trd, 2591299.279, 106
Trd, 2591299.296, 109
Trd, 2591299.929, 150
Trd, 2591301.496, 150
Trd, 2591301.596, 150
Trd, 2591301.663, 149
Trd, 2591301.863, 149
Trd, 2591302.363, 150
Trd, 2591302.513, 148
Trd, 2591302.713, 147
Trd, 2591302.813, 142
Trd, 2591303.346, 131
Trd, 2591303.413, 131
Trd, 2591304.096, 148
Trd, 2591304.113, 146
Trd, 2591304.279, 107
Trd, 2591304.363, 148
Trd, 2591304.546, 149
Trd, 2591305.063, 102
Trd, 2591306.629, 100
Trd, 2591306.713, 100
Trd, 2591306.913, 100
Trd, 2591306.929, 100
Trd, 2591307.613, 100
Trd, 2591307.813, 100
Trd, 2591307.879, 100
Trd, 2591308.129, 101
Trd, 2591308.213, 102
Trd, 2591308.513, 141
Trd, 2591309.129, 103
Trd, 2591309.429, 111
Trd, 2591310.096, 136
Trd, 2591310.146, 144
Trd, 2591311.313, 107
Trd, 2591312.596, 117
Trd, 2591312.646, 135
Trd, 2591313.279, 120
Trd, 2591313.363, 122
Trd, 2591314.313, 121
Trd, 2591314.363, 120
Trd, 2591314.796, 121
Trd, 2591315.079, 122
Trd, 2591316.329, 150
Trd, 2591316.413, 150
Trd, 2591316.663, 149
Trd, 2591317.346, 146
Trd, 2591317.696, 145
Trd, 2591317.896, 129
Trd, 2591318.329, 130
Trd, 2591318.963, 141
Trd, 2591319.063, 140
Trd, 2591319.179, 127
Trd, 2591319.646, 142
Trd, 2591319.929, 126
Trd, 2591320.429, 138
Trd, 2591320.479, 126
Trd, 2591320.946, 135
Trd, 2591321.113, 139
Trd, 2591321.396, 112
Trd, 2591322.313, 126
Trd, 2591322.829, 127
Trd, 2591322.846, 128
Trd, 2591323.129, 115
Trd, 2591323.479, 113
Trd, 2591323.563, 112
Trd, 2591323.663, 103
Trd, 2591324.596, 150
Trd, 2591324.929, 150
Trd, 2591326.029, 150
Trd, 2591326.179, 150
Trd, 2591326.346, 150
Trd, 2591326.746, 150
Trd, 2591326.863, 150
Trd, 2591327.263, 150
Trd, 2591327.329, 150
Trd, 2591328.246, 149
Trd, 2591328.613, 150
Trd, 2591328.796, 146
Trd, 2591329.629, 150
Trd, 2591330.046, 150
Trd, 2591330.463, 150
Trd, 2591331.196, 150
Trd, 2591331.329, 149
Trd, 2591331.629, 133
Trd, 2591333.796, 150
Trd, 2591333.979, 150
Trd, 2591333.996, 150
Trd, 2591334.346, 150
Trd, 2591335.913, 149
Trd, 2591335.929, 150
Trd, 2591335.996, 147
Trd, 2591336.363, 146
Trd, 2591336.713, 144
Trd, 2591336.729, 133
Trd, 2591336.763, 144
Trd, 2591337.146, 132
Trd, 2591337.529, 143
Trd, 2591337.863, 113
Trd, 2591338.729, 126
Trd, 2591338.913, 111
Trd, 2591338.963, 141
Trd, 2591339.213, 106
Trd, 2591340.863, 121
Trd, 2591340.996, 120
Trd, 2591341.379, 119
Trd, 2591341.496, 128
Trd, 2591342.146, 123
Trd, 2591342.763, 125
Trd, 2591342.996, 126
Trd, 2591343.013, 127
Trd, 2591343.129, 132
Trd, 2591343.229, 125
Trd, 2591343.246, 134
Trd, 2591343.613, 142
Trd, 2591344.696, 123
Trd, 2591345.113, 129
Trd, 2591345.596, 140
Trd, 2591345.879, 123
Trd, 2591345.996, 136
Trd, 2591346.129, 142
Trd, 2591346.996, 124
Trd, 2591348.113, 148
Trd, 2591348.229, 133
Trd, 2591349.013, 143
Trd, 2591349.029, 137
Trd, 2591349.463, 142
Trd, 2591349.513, 143
Trd, 2591350.496, 129
Trd, 2591351.246, 143
Trd, 2591351.729, 130
Trd, 2591351.829, 128
Trd, 2591352.263, 126
Trd, 2591352.496, 132
Trd, 2591352.513, 125
Trd, 2591352.796, 131
Trd, 2591352.963, 132
Trd, 2591353.046, 118
Trd, 2591353.096, 117
Trd, 2591353.179, 105
Trd, 2591354.196, 100
Trd, 2591354.913, 100
Trd, 2591355.463, 100
Trd, 2591356.113, 100
Trd, 2591356.529, 100
Trd, 2591356.813, 100
Trd, 2591357.413, 100
Trd, 2591357.513, 100
Trd, 2591357.813, 100
Trd, 2591358.613, 100
Trd, 2591358.929, 100
Trd, 2591359.046, 101
Trd, 2591359.879, 100
Trd, 2591360.013, 100
Trd, 2591360.079, 100
Trd, 2591360.246, 102
Trd, 2591361.146, 109
Trd, 2591361.179, 110
Trd, 2591361.729, 110
Trd, 2591361.863, 110
Trd, 2591361.913, 111
Trd, 2591362.079, 125
Trd, 2591362.146, 111
Trd, 2591362.429, 111
Trd, 2591362.513, 134
Trd, 2591362.996, 150
Trd, 2591363.096, 150
Trd, 2591363.479, 150
Trd, 2591364.313, 150
Trd, 2591365.679, 150
Trd, 2591366.463, 150
Trd, 2591366.596, 150
Trd, 2591366.763, 150
Trd, 2591367.146, 150
Trd, 2591367.546, 150
Trd, 2591368.279, 150
Trd, 2591368.646, 150
Trd, 2591369.929, 150
Trd, 2591370.063, 150
Trd, 2591370.129, 147
Trd, 2591370.279, 148
Trd, 2591370.613, 148
Trd, 2591371.113, 149
Trd, 2591371.696, 134
Trd, 2591372.296, 131
Trd, 2591372.413, 137
Trd, 2591372.829, 123
Trd, 2591373.129, 118
Trd, 2591373.296, 123
Trd, 2591373.646, 118
Trd, 2591374.363, 119
Trd, 2591374.579, 118
Trd, 2591374.679, 119
Trd, 2591374.813, 117
Trd, 2591374.863, 117
Trd, 2591375.179, 112
Trd, 2591375.296, 113
Trd, 2591375.713, 101
Trd, 2591375.779, 105
Trd, 2591376.313, 150
Trd, 2591376.829, 150
Trd, 2591376.963, 150
Trd, 2591377.613, 150
Trd, 2591378.463, 150
Trd, 2591378.679, 150
Trd, 2591379.713, 121
Trd, 2591380.429, 150
Trd, 2591381.479, 150
Trd, 2591381.946, 150
Trd, 2591381.979, 150
Trd, 2591382.063, 149
Trd, 2591382.163, 147
Trd, 2591382.679, 108
Trd, 2591383.329, 112
Trd, 2591383.629, 144
Trd, 2591384.429, 140
Trd, 2591384.613, 139
Trd, 2591384.829, 138
Trd, 2591385.029, 140
Trd, 2591385.846, 140
Trd, 2591385.979, 141
Trd, 2591386.029, 142
Trd, 2591387.363, 149
Trd, 2591387.879, 145
Trd, 2591388.363, 143
Trd, 2591388.496, 144
Trd, 2591388.663, 143
Trd, 2591389.229, 146
Trd, 2591389.629, 149
Trd, 2591390.279, 147
Trd, 2591391.213, 150
Trd, 2591391.646, 150
Trd, 2591392.646, 150
Trd, 2591393.813, 150
Trd, 2591393.913, 150
Trd, 2591394.263, 150
Trd, 2591394.529, 150
Trd, 2591394.846, 150
Trd, 2591394.879, 150
Trd, 2591395.046, 150
Trd, 2591395.446, 150
Trd, 2591395.796, 150
Trd, 2591396.546, 148
Trd, 2591396.913, 147
Trd, 2591397.063, 146
Trd, 2591397.079, 147
Trd, 2591397.129, 132
Trd, 2591397.329, 112
Trd, 2591397.679, 115
Trd, 2591397.746, 114
Trd, 2591398.329, 145
Trd, 2591398.663, 133
Trd, 2591399.013, 146
Trd, 2591399.363, 106
Trd, 2591400.013, 145
Trd, 2591400.913, 111
Trd, 2591401.246, 124
Trd, 2591401.796, 112
Trd, 2591403.279, 150
Trd, 2591403.379, 150
Trd, 2591403.613, 150
Trd, 2591403.696, 149
Trd, 2591403.929, 149
Trd, 2591405.146, 138
Trd, 2591405.913, 141
Trd, 2591406.546, 140
Trd, 2591406.846, 139
Trd, 2591407.629, 137
Trd, 2591408.196, 137
Trd, 2591409.629, 150
Trd, 2591409.729, 150
Trd, 2591409.746, 150
Trd, 2591410.313, 150
Trd, 2591410.763, 150
Trd, 2591411.946, 150
Trd, 2591412.563, 150
Trd, 2591412.596, 150
Trd, 2591413.679, 150
Trd, 2591413.996, 150
Trd, 2591414.063, 150
Trd, 2591414.196, 150
Trd, 2591414.329, 149
Trd, 2591414.363, 149
Trd, 2591414.646, 147
Trd, 2591415.563, 145
Trd, 2591415.663, 145
Trd, 2591415.679, 146
Trd, 2591416.179, 145
Trd, 2591416.529, 146
Trd, 2591416.713, 146
Trd, 2591416.813, 147
Trd, 2591417.779, 100
Trd, 2591417.996, 100
Trd, 2591418.346, 101
Trd, 2591419.363, 108
Trd, 2591419.613, 103
Trd, 2591419.629, 109
Trd, 2591419.979, 106
Trd, 2591420.746, 104
Trd, 2591420.863, 113
Trd, 2591420.946, 119
Trd, 2591421.396, 115
Trd, 2591421.963, 144
Trd, 2591422.163, 108
Trd, 2591422.679, 104
Trd, 2591423.713, 111
Trd, 2591424.163, 108
Trd, 2591424.479, 110
Trd, 2591424.896, 113
Trd, 2591424.946, 112
Trd, 2591425.879, 122
Trd, 2591427.129, 145
Trd, 2591427.463, 143
Trd, 2591427.529, 140
Trd, 2591427.613, 139
Trd, 2591428.313, 142
Trd, 2591428.329, 141
Trd, 2591428.629, 143
Trd, 2591428.796, 150
Trd, 2591428.829, 142
Trd, 2591429.796, 149
Trd, 2591430.029, 148
Trd, 2591430.146, 147
Trd, 2591430.796, 145
Trd, 2591431.346, 146
Trd, 2591431.696, 145
Trd, 2591432.429, 141
Trd, 2591432.563, 142
Trd, 2591432.863, 140
Trd, 2591433.046, 141
Trd, 2591433.513, 115
Trd, 2591433.596, 110
Trd, 2591434.146, 149
Trd, 2591435.829, 112
Trd, 2591435.996, 125
Trd, 2591436.046, 126
Trd, 2591436.129, 123
Trd, 2591437.179, 121
Trd, 2591438.696, 138
Trd, 2591439.013, 138
Trd, 2591439.129, 127
Trd, 2591439.146, 125
Trd, 2591439.263, 124
Trd, 2591439.329, 124
Trd, 2591439.946, 137
Trd, 2591439.996, 134
Trd, 2591440.396, 122
Trd, 2591440.713, 137
Trd, 2591440.796, 138
Trd, 2591440.913, 122
Trd, 2591441.429, 138
Trd, 2591441.646, 139
Trd, 2591442.096, 150
Trd, 2591442.113, 124
Trd, 2591442.613, 148
Trd, 2591443.279, 149
Trd, 2591443.313, 127
Trd, 2591443.329, 126
Trd, 2591444.013, 143
Trd, 2591445.796, 140
Trd, 2591446.646, 127
Trd, 2591447.629, 131
Trd, 2591447.663, 130
Trd, 2591449.046, 149
Trd, 2591449.346, 150
Trd, 2591449.579, 149
Trd, 2591449.929, 148
Trd, 2591450.063, 148
Trd, 2591450.079, 126
Trd, 2591450.129, 148
Trd, 2591450.863, 139
Trd, 2591451.213, 107
Trd, 2591452.079, 142
Trd, 2591452.396, 140
Trd, 2591452.513, 141
Trd, 2591453.313, 125
Trd, 2591453.379, 139
Trd, 2591454.263, 126
Trd, 2591454.279, 137
Trd, 2591455.246, 132
Trd, 2591455.479, 124
Trd, 2591455.629, 139
Trd, 2591455.779, 126
Trd, 2591456.246, 138
Trd, 2591456.629, 136
Trd, 2591456.813, 137
Trd, 2591457.363, 138
Trd, 2591457.579, 138
Trd, 2591457.729, 139
Trd, 2591457.996, 135
Trd, 2591458.313, 127
Trd, 2591458.846, 150
Trd, 2591458.963, 149
Trd, 2591459.229, 103
Trd, 2591459.463, 150
Trd, 2591460.246, 150
Trd, 2591460.496, 150
Trd, 2591461.279, 150
Trd, 2591461.713, 148
Trd, 2591462.179, 134
Trd, 2591462.979, 150
Trd, 2591464.513, 150
Trd, 2591464.746, 150
Trd, 2591465.429, 150
Trd, 2591466.896, 150
Trd, 2591467.196, 150
Trd, 2591467.346, 150
Trd, 2591467.396, 150
Trd, 2591467.513, 150
Trd, 2591467.713, 146
Trd, 2591467.846, 131
Trd, 2591468.446, 125
Trd, 2591469.446, 123
Trd, 2591469.529, 122
Trd, 2591469.629, 136
Trd, 2591470.013, 134
Trd, 2591470.313, 122
Trd, 2591470.396, 132
Trd, 2591470.746, 131
Trd, 2591470.763, 122
Trd, 2591471.696, 120
Trd, 2591471.779, 128
Trd, 2591471.829, 129
Trd, 2591472.263, 135
Trd, 2591472.379, 132
Trd, 2591473.413, 150
Trd, 2591473.829, 150
Trd, 2591474.029, 150
Trd, 2591474.879, 150
Trd, 2591475.063, 150
Trd, 2591475.346, 150
Trd, 2591475.679, 150
Trd, 2591476.163, 149
Trd, 2591476.179, 150
Trd, 2591476.196, 148
Trd, 2591476.279, 143
Trd, 2591476.696, 150
Trd, 2591476.846, 150
Trd, 2591477.629, 143
Trd, 2591477.879, 132
Trd, 2591478.013, 149
Trd, 2591478.379, 144
Trd, 2591479.213, 149
Trd, 2591479.346, 145
Trd, 2591479.546, 142
Trd, 2591480.263, 150
Trd, 2591481.863, 150
Trd, 2591481.896, 150
Trd, 2591482.146, 150
Trd, 2591482.713, 150
Trd, 2591482.846, 144
Trd, 2591483.413, 145
Trd, 2591484.029, 149
Trd, 2591484.363, 143
Trd, 2591484.629, 143
Trd, 2591485.396, 145
Trd, 2591485.579, 145
Trd, 2591485.596, 144
Trd, 2591485.746, 144
Trd, 2591486.463, 142
Trd, 2591486.713, 129
Trd, 2591487.063, 142
Trd, 2591487.563, 144
Trd, 2591488.313, 150
Trd, 2591488.346, 150
Trd, 2591488.563, 150
Trd, 2591488.979, 150
Trd, 2591490.679, 150
Trd, 2591491.396, 150
Trd, 2591491.713, 150
Trd, 2591492.079, 150
Trd, 2591492.246, 150
Trd, 2591492.263, 150
Trd, 2591492.629, 129
Trd, 2591492.646, 119
Trd, 2591493.796, 145
Trd, 2591493.996, 132
Trd, 2591494.096, 130
Trd, 2591494.496, 124
Trd, 2591494.513, 146
Trd, 2591494.546, 149
Trd, 2591494.646, 108
Trd, 2591494.863, 105
Trd, 2591495.929, 150
Trd, 2591496.063, 150
Trd, 2591496.613, 150
Trd, 2591496.729, 147
Trd, 2591497.329, 147
Trd, 2591499.446, 145
Trd, 2591499.529, 146
Trd, 2591500.829, 144
Trd, 2591500.913, 145
Trd, 2591500.996, 145
Trd, 2591501.263, 145
Trd, 2591501.396, 146
Trd, 2591501.846, 149
Trd, 2591501.996, 149
Trd, 2591502.463, 150
Trd, 2591503.213, 150
Trd, 2591503.529, 150
Trd, 2591503.929, 150
Trd, 2591504.279, 150
Trd, 2591504.829, 150
Trd, 2591504.913, 149
Trd, 2591505.613, 113
Trd, 2591506.079, 118
Trd, 2591506.313, 117
Trd, 2591506.579, 118
Trd, 2591507.129, 145
Trd, 2591507.179, 117
Trd, 2591508.146, 100
Trd, 2591508.579, 100
Trd, 2591508.613, 100
Trd, 2591508.663, 109
Trd, 2591508.779, 117
Trd, 2591510.029, 150
Trd, 2591510.179, 150
Trd, 2591510.646, 150
Trd, 2591510.946, 150
Trd, 2591511.429, 150
Trd, 2591511.713, 150
Trd, 2591512.146, 150
Trd, 2591513.229, 150
Trd, 2591515.596, 150
Trd, 2591515.613, 150
Trd, 2591515.996, 150
Trd, 2591516.229, 150
Trd, 2591516.996, 150
Trd, 2591517.013, 150
Trd, 2591517.029, 149
Trd, 2591517.063, 149
Trd, 2591517.146, 150
Trd, 2591517.379, 149
Trd, 2591517.479, 148
Trd, 2591517.879, 138
Trd, 2591518.046, 146
Trd, 2591518.629, 144
Trd, 2591518.779, 129
Trd, 2591518.896, 127
Trd, 2591519.613, 110
Trd, 2591519.846, 107
Trd, 2591520.396, 109
Trd, 2591520.779, 108
Trd, 2591521.013, 110
Trd, 2591522.396, 106
Trd, 2591522.979, 105
Trd, 2591523.346, 105
Trd, 2591523.646, 102
Trd, 2591523.846, 103
Trd, 2591523.879, 101
Trd, 2591524.213, 104
Trd, 2591524.446, 105
Trd, 2591524.546, 105
Trd, 2591524.729, 107
Trd, 2591524.846, 149
Trd, 2591525.546, 108
Trd, 2591525.763, 107
Trd, 2591526.163, 106
Trd, 2591526.463, 118
Trd, 2591527.329, 103
Trd, 2591527.713, 108
Trd, 2591528.429, 141
Trd, 2591529.079, 122
Trd, 2591530.279, 150
Trd, 2591530.529, 150
Trd, 2591531.329, 150
Trd, 2591532.046, 150
Trd, 2591532.129, 150
Trd, 2591532.146, 150
Trd, 2591532.296, 150
Trd, 2591532.363, 150
Trd, 2591532.446, 149
Trd, 2591532.713, 148
Trd, 2591532.929, 149
Trd, 2591533.013, 150
Trd, 2591533.463, 148
Trd, 2591533.763, 133
Trd, 2591535.179, 125
Trd, 2591535.413, 111
Trd, 2591535.663, 103
Trd, 2591536.113, 141
Trd, 2591536.779, 135
Trd, 2591537.246, 106
Trd, 2591537.379, 111
Trd, 2591537.396, 113
Trd, 2591537.613, 105
Trd, 2591538.379, 112
Trd, 2591538.629, 105
Trd, 2591538.813, 114
Trd, 2591539.963, 106
Trd, 2591540.029, 118
Trd, 2591540.863, 150
Trd, 2591540.979, 148
Trd, 2591542.146, 150
Trd, 2591542.263, 150
Trd, 2591542.313, 149
Trd, 2591542.646, 140
Trd, 2591542.763, 139
Trd, 2591542.929, 139
Trd, 2591543.046, 138
Trd, 2591543.229, 148
Trd, 2591543.346, 148
Trd, 2591543.396, 128
Trd, 2591543.879, 135
Trd, 2591544.646, 135
Trd, 2591544.913, 132
Trd, 2591545.246, 136
Trd, 2591545.846, 135
Trd, 2591545.863, 133
Trd, 2591546.529, 134
Trd, 2591547.613, 150
Trd, 2591548.346, 128
Trd, 2591548.613, 137
Trd, 2591549.829, 150
Trd, 2591550.196, 150
Trd, 2591550.463, 139
Trd, 2591551.613, 145
Trd, 2591551.779, 139
Trd, 2591551.829, 123
Trd, 2591552.413, 134
Trd, 2591552.546, 133
Trd, 2591552.579, 134
Trd, 2591552.746, 135
Trd, 2591553.263, 138
Trd, 2591553.463, 129
Trd, 2591553.529, 111
Trd, 2591554.096, 127
Trd, 2591554.213, 110
Trd, 2591554.513, 110
Trd, 2591555.479, 100
Trd, 2591555.563, 100
Trd, 2591555.713, 101
Trd, 2591556.446, 143
Trd, 2591558.046, 150
Trd, 2591558.113, 150
Trd, 2591559.213, 150
Trd, 2591559.296, 150
Trd, 2591559.613, 150
Trd, 2591559.646, 150
Trd, 2591559.763, 150
Trd, 2591559.913, 150
Trd, 2591559.929, 150
Trd, 2591560.063, 150
Trd, 2591560.229, 150
Trd, 2591560.479, 150
Trd, 2591562.096, 150
Trd, 2591562.196, 150
Trd, 2591562.246, 150
Trd, 2591562.446, 150
Trd, 2591562.729, 149
Trd, 2591563.613, 127
Trd, 2591563.763, 126
Trd, 2591563.813, 146
Trd, 2591563.929, 147
Trd, 2591564.013, 126
Trd, 2591565.213, 142
Trd, 2591565.413, 144
Trd, 2591565.579, 142
Trd, 2591565.963, 142
Trd, 2591566.013, 141
Trd, 2591566.446, 143
Trd, 2591567.113, 118
Trd, 2591567.479, 121
Trd, 2591567.496, 117
Trd, 2591567.629, 150
Trd, 2591567.796, 150
Trd, 2591569.079, 107
Trd, 2591570.863, 150
Trd, 2591570.896, 150
Trd, 2591571.046, 148
Trd, 2591573.796, 150
Trd, 2591574.163, 149
Trd, 2591574.313, 148
Trd, 2591574.379, 140
Trd, 2591575.246, 142
Trd, 2591575.263, 136
Trd, 2591575.879, 120
Trd, 2591576.313, 136
Trd, 2591576.379, 109
Trd, 2591576.413, 144
Trd, 2591577.979, 145
Trd, 2591578.146, 145
Trd, 2591578.163, 147
Trd, 2591578.379, 143
Trd, 2591578.779, 134
Trd, 2591579.463, 150
Trd, 2591579.563, 144
Trd, 2591580.113, 150
Trd, 2591580.746, 150
Trd, 2591581.496, 150
Trd, 2591581.746, 149
Trd, 2591581.813, 145
Trd, 2591582.346, 144
Trd, 2591582.713, 150
Trd, 2591583.879, 150
Trd, 2591584.146, 150
Trd, 2591584.363, 150
Trd, 2591584.529, 150
Trd, 2591584.563, 149
Trd, 2591584.646, 149
Trd, 2591585.179, 125
Trd, 2591585.246, 125
Trd, 2591586.529, 138
Trd, 2591587.229, 128
Trd, 2591587.296, 128
Trd, 2591587.363, 128
Trd, 2591587.679, 126
Trd, 2591587.696, 127
Trd, 2591587.813, 123
Trd, 2591587.996, 129
Trd, 2591588.213, 100
Trd, 2591588.596, 131
Trd, 2591589.129, 133
Trd, 2591589.696, 104
Trd, 2591590.013, 105
Trd, 2591590.296, 114
Trd, 2591590.529, 122
Trd, 2591591.329, 108
Trd, 2591591.429, 107
Trd, 2591591.979, 103
Trd, 2591592.179, 101
Trd, 2591593.113, 148
Trd, 2591593.646, 149
Trd, 2591594.329, 150
Trd, 2591594.779, 149
Trd, 2591595.079, 150
Trd, 2591595.546, 150
Trd, 2591596.196, 149
Trd, 2591598.363, 150
Trd, 2591598.663, 150
Trd, 2591599.729, 150
Trd, 2591600.296, 150
Trd, 2591600.463, 150
Trd, 2591600.496, 150
Trd, 2591600.713, 149
Trd, 2591600.779, 149
Trd, 2591601.046, 150
Trd, 2591602.263, 149
Trd, 2591602.529, 150
Trd, 2591602.813, 150
Trd, 2591603.346, 150
Trd, 2591603.429, 150
Trd, 2591603.846, 150
Trd, 2591603.879, 150
Trd, 2591604.129, 150
Trd, 2591604.329, 150
Trd, 2591604.529, 150
Trd, 2591604.896, 150
Trd, 2591605.246, 150
Trd, 2591605.479, 131
Trd, 2591605.563, 125
Trd, 2591605.679, 117
Trd, 2591606.163, 101
Trd, 2591606.196, 102
Trd, 2591606.813, 125
Trd, 2591607.363, 146
Trd, 2591607.529, 145
Trd, 2591607.929, 148
Trd, 2591608.213, 148
Trd, 2591609.179, 148
Trd, 2591610.129, 150
Trd, 2591610.246, 149
Trd, 2591610.346, 147
Trd, 2591612.296, 150
Trd, 2591612.629, 150
Trd, 2591613.296, 150
Trd, 2591613.629, 150
Trd, 2591613.663, 150
Trd, 2591613.763, 150
Trd, 2591614.213, 150
Trd, 2591614.596, 138
Trd, 2591614.796, 142
Trd, 2591615.613, 148
Trd, 2591616.146, 134
Trd, 2591617.346, 128
Trd, 2591617.996, 144
Trd, 2591618.363, 144
Trd, 2591618.679, 141
Trd, 2591619.129, 131
Trd, 2591619.913, 150
Trd, 2591620.029, 150
Trd, 2591620.813, 150
Trd, 2591620.896, 150
Trd, 2591621.513, 150
Trd, 2591621.529, 149
Trd, 2591621.963, 101
Trd, 2591622.446, 119
Trd, 2591622.496, 118
Trd, 2591622.796, 139
Trd, 2591623.946, 133
Trd, 2591624.229, 133
Trd, 2591624.596, 132
Trd, 2591624.629, 131
Trd, 2591624.929, 133
Trd, 2591625.063, 129
Trd, 2591625.263, 121
Trd, 2591625.363, 133
Trd, 2591625.446, 118
Trd, 2591625.979, 100
Trd, 2591626.013, 100
Trd, 2591626.296, 101
Trd, 2591626.563, 102
Trd, 2591628.213, 100
Trd, 2591628.446, 100
Trd, 2591628.729, 100
Trd, 2591628.846, 100
Trd, 2591628.946, 101
Trd, 2591629.263, 105
Trd, 2591629.529, 135
Trd, 2591629.579, 136
Trd, 2591629.763, 106
Trd, 2591630.029, 136
Trd, 2591630.329, 136
Trd, 2591630.463, 137
Trd, 2591630.563, 102
Trd, 2591630.696, 101
Trd, 2591630.913, 107
Trd, 2591633.596, 150
Trd, 2591634.929, 150
Trd, 2591635.196, 150
Trd, 2591636.246, 150
Trd, 2591636.596, 150
Trd, 2591637.313, 150
Trd, 2591638.063, 150
Trd, 2591638.113, 150
Trd, 2591638.363, 150
Trd, 2591638.596, 150
Trd, 2591638.996, 150
Trd, 2591639.046, 150
Trd, 2591639.213, 149
Trd, 2591639.279, 149
Trd, 2591639.396, 149
Trd, 2591639.663, 150
Trd, 2591639.996, 149
Trd, 2591640.563, 149
Trd, 2591641.196, 150
Trd, 2591642.396, 150
Trd, 2591642.446, 150
Trd, 2591642.963, 150
Trd, 2591643.046, 150
Trd, 2591643.563, 148
Trd, 2591643.963, 148
Trd, 2591644.879, 150
Trd, 2591645.529, 150
Trd, 2591646.113, 150
Trd, 2591646.446, 150
Trd, 2591646.946, 150
Trd, 2591647.513, 150
Trd, 2591647.679, 150
Trd, 2591647.846, 150
Trd, 2591647.946, 150
Trd, 2591648.129, 150
Trd, 2591648.463, 150
Trd, 2591648.629, 150
Trd, 2591649.096, 150
Trd, 2591649.596, 150
Trd, 2591649.796, 141
Trd, 2591650.463, 149
Trd, 2591651.846, 148
Trd, 2591651.979, 144
Trd, 2591652.179, 143
Trd, 2591652.679, 146
Trd, 2591654.579, 150
Trd, 2591655.363, 150
Trd, 2591655.629, 148
Trd, 2591656.013, 146
Trd, 2591656.079, 146
Trd, 2591656.263, 148
Trd, 2591657.129, 147
Trd, 2591657.696, 134
Trd, 2591658.613, 135
Trd, 2591658.813, 130
Trd, 2591658.879, 145
Trd, 2591659.679, 140
Trd, 2591659.763, 146
Trd, 2591659.829, 147
Trd, 2591659.963, 131
Trd, 2591660.213, 130
Trd, 2591660.363, 145
Trd, 2591660.496, 134
Trd, 2591660.713, 146
Trd, 2591661.079, 130
Trd, 2591661.163, 147
Trd, 2591661.446, 125
Trd, 2591662.529, 145
Trd, 2591662.579, 133
Trd, 2591663.313, 150
Trd, 2591663.879, 138
Trd, 2591664.446, 128
Trd, 2591664.596, 148
Trd, 2591665.063, 147
Trd, 2591665.896, 146
Trd, 2591666.129, 145
Trd, 2591666.513, 145
Trd, 2591666.879, 145
Trd, 2591667.129, 143
Trd, 2591667.229, 121
Trd, 2591667.946, 142
Trd, 2591668.213, 126
Trd, 2591668.279, 144
Trd, 2591668.346, 120
Trd, 2591668.613, 118
Trd, 2591669.096, 106
Trd, 2591669.629, 100
Trd, 2591669.713, 100
Trd, 2591670.096, 100
Trd, 2591671.279, 100
Trd, 2591671.329, 100
Trd, 2591671.363, 148
Trd, 2591672.179, 122
Trd, 2591673.746, 116
Trd, 2591673.846, 134
Trd, 2591673.979, 116
Trd, 2591675.129, 131
Trd, 2591675.346, 133
Trd, 2591675.479, 134
Trd, 2591675.779, 134
Trd, 2591676.146, 135
Trd, 2591676.196, 124
Trd, 2591677.079, 150
Trd, 2591677.646, 150
Trd, 2591677.946, 150
Trd, 2591678.646, 150
Trd, 2591678.763, 150
Trd, 2591678.829, 150
Trd, 2591678.996, 150
Trd, 2591679.146, 147
Trd, 2591679.963, 124
Trd, 2591680.713, 136
Trd, 2591680.963, 146
Trd, 2591681.763, 111
Trd, 2591682.029, 111
Trd, 2591682.429, 120
Trd, 2591682.513, 148
Trd, 2591682.663, 142
Trd, 2591683.429, 112
Trd, 2591683.596, 111
Trd, 2591683.963, 145
Trd, 2591684.746, 100
Trd, 2591685.313, 100
Trd, 2591686.029, 100
Trd, 2591686.046, 104
Trd, 2591686.263, 106
Trd, 2591686.446, 128
Trd, 2591686.746, 102
Trd, 2591687.129, 101
Trd, 2591688.579, 102
Trd, 2591688.613, 102
Trd, 2591688.763, 102
Trd, 2591689.379, 103
Trd, 2591689.463, 102
Trd, 2591689.529, 109
Trd, 2591690.296, 106
Trd, 2591690.496, 106
Trd, 2591690.513, 130
Trd, 2591691.363, 107
Trd, 2591691.696, 131
Trd, 2591691.813, 127
Trd, 2591692.196, 127
Trd, 2591692.379, 131
Trd, 2591692.513, 144
Trd, 2591692.979, 135
Trd, 2591693.446, 118
Trd, 2591693.729, 102
Trd, 2591694.629, 101
Trd, 2591695.079, 118
Trd, 2591695.929, 113
Trd, 2591695.946, 144
Trd, 2591695.979, 111
Trd, 2591696.729, 100
Trd, 2591696.779, 117
Trd, 2591697.146, 144
Trd, 2591697.279, 146
Trd, 2591698.563, 140
Trd, 2591698.596, 141
Trd, 2591698.813, 122
Trd, 2591700.296, 140
Trd, 2591700.613, 126
Trd, 2591701.113, 138
Trd, 2591701.196, 138
Trd, 2591701.346, 137
Trd, 2591701.496, 138
Trd, 2591702.196, 102
Trd, 2591703.013, 100
Trd, 2591703.029, 101
Trd, 2591703.213, 100
Trd, 2591703.379, 137
Trd, 2591703.613, 150
Trd, 2591705.229, 144
Trd, 2591705.329, 126
Trd, 2591706.613, 148
Trd, 2591707.296, 150
Trd, 2591707.946, 150
Trd, 2591708.063, 150
Trd, 2591708.329, 150
Trd, 2591708.996, 150
Trd, 2591709.329, 150
Trd, 2591709.846, 150
Trd, 2591711.329, 150
Trd, 2591711.513, 150
Trd, 2591711.846, 150
Trd, 2591712.213, 149
Trd, 2591712.579, 150
Trd, 2591712.629, 150
Trd, 2591712.946, 150
Trd, 2591713.313, 150
Trd, 2591713.546, 149
Trd, 2591713.596, 150
Trd, 2591713.629, 149
Trd, 2591713.796, 147
Trd, 2591714.163, 149
Trd, 2591714.379, 148
Trd, 2591714.413, 132
Trd, 2591714.946, 147
Trd, 2591714.979, 122
Trd, 2591715.346, 103
Trd, 2591715.896, 104
Trd, 2591716.013, 103
Trd, 2591716.596, 102
Trd, 2591716.863, 133
Trd, 2591717.063, 124
Trd, 2591717.979, 127
Trd, 2591718.879, 110
Trd, 2591719.379, 100
Trd, 2591719.746, 100
Trd, 2591719.879, 100
Trd, 2591720.379, 100
Trd, 2591720.863, 100
Trd, 2591720.929, 100
Trd, 2591721.146, 100
Trd, 2591721.546, 100
Trd, 2591721.746, 100
Trd, 2591722.196, 106
Trd, 2591722.446, 131
Trd, 2591722.713, 122
Trd, 2591723.029, 142
Trd, 2591723.279, 143
Trd, 2591724.779, 150
Trd, 2591725.763, 150
Trd, 2591726.029, 150
Trd, 2591726.129, 150
Trd, 2591726.479, 150
Trd, 2591727.596, 150
Trd, 2591727.713, 150
Trd, 2591728.013, 150
Trd, 2591728.146, 150
Trd, 2591728.363, 150
Trd, 2591728.546, 149
Trd, 2591729.246, 147
Trd, 2591729.613, 123
Trd, 2591730.129, 149
Trd, 2591730.613, 147
Trd, 2591730.713, 147
Trd, 2591730.796, 146
Trd, 2591731.113, 101
Trd, 2591731.463, 112
Trd, 2591731.829, 144
Trd, 2591731.996, 113
Trd, 2591732.229, 109
Trd, 2591733.113, 113
Trd, 2591733.196, 114
Trd, 2591733.613, 110
Trd, 2591733.629, 145
Trd, 2591733.946, 150
Trd, 2591734.013, 150
Trd, 2591734.046, 107
Trd, 2591735.796, 104
Trd, 2591736.179, 104
Trd, 2591736.413, 104
Trd, 2591736.496, 105
Trd, 2591736.546, 126
Trd, 2591736.896, 105
Trd, 2591736.963, 114
Trd, 2591737.629, 131
Trd, 2591737.979, 107
Trd, 2591738.546, 115
Trd, 2591739.596, 147
Trd, 2591740.196, 149
Trd, 2591740.429, 148
Trd, 2591741.163, 128
Trd, 2591741.479, 143
Trd, 2591741.646, 122
Trd, 2591742.629, 139
Trd, 2591742.846, 137
Trd, 2591743.396, 127
Trd, 2591743.613, 136
Trd, 2591743.679, 137
Trd, 2591743.696, 139
Trd, 2591744.013, 129
Trd, 2591744.496, 130
Trd, 2591744.729, 150
Trd, 2591745.179, 136
Trd, 2591746.129, 144
Trd, 2591746.496, 145
Trd, 2591746.529, 146
Trd, 2591746.563, 144
Trd, 2591747.079, 141
Trd, 2591747.096, 132
Trd, 2591748.496, 150
Trd, 2591748.729, 150
Trd, 2591749.546, 150
Trd, 2591749.613, 150
Trd, 2591750.563, 150
Trd, 2591751.279, 150
Trd, 2591751.413, 150
Trd, 2591751.863, 150
Trd, 2591752.396, 150
Trd, 2591752.479, 150
Trd, 2591752.729, 150
Trd, 2591752.829, 150
Trd, 2591752.929, 149
Trd, 2591753.563, 137
Trd, 2591754.163, 133
Trd, 2591754.529, 145
Trd, 2591754.546, 133
Trd, 2591755.346, 140
Trd, 2591755.429, 142
Trd, 2591755.463, 137
Trd, 2591755.663, 144
Trd, 2591756.346, 138
Trd, 2591756.363, 136
Trd, 2591757.163, 136
Trd, 2591757.696, 128
Trd, 2591759.163, 130
Trd, 2591759.546, 130
Trd, 2591760.029, 134
Trd, 2591760.579, 133
Trd, 2591760.613, 133
Trd, 2591760.979, 132
Trd, 2591761.629, 128
Trd, 2591761.779, 126
Trd, 2591761.879, 133
Trd, 2591761.913, 135
Trd, 2591762.146, 119
Trd, 2591762.596, 150
Trd, 2591763.096, 150
Trd, 2591763.246, 150
Trd, 2591763.446, 150
Trd, 2591763.663, 150
Trd, 2591763.713, 149
Trd, 2591763.979, 133
Trd, 2591763.996, 134
Trd, 2591765.029, 149
Trd, 2591765.379, 135
Trd, 2591765.546, 128
Trd, 2591766.263, 149
Trd, 2591766.413, 130
Trd, 2591767.163, 141
Trd, 2591767.329, 101
Trd, 2591767.629, 122
Trd, 2591768.296, 102
Trd, 2591768.479, 103
Trd, 2591769.079, 104
Trd, 2591769.163, 105
Trd, 2591769.463, 105
Trd, 2591769.546, 144
Trd, 2591770.529, 135
Trd, 2591770.629, 143
Trd, 2591771.429, 143
Trd, 2591771.513, 142
Trd, 2591771.996, 143
Trd, 2591772.146, 143
Trd, 2591772.329, 143
Trd, 2591772.346, 144
Trd, 2591772.629, 143
Trd, 2591773.446, 150
Trd, 2591773.479, 149
Trd, 2591774.663, 150
Trd, 2591775.329, 150
Trd, 2591776.146, 150
Trd, 2591776.246, 150
Trd, 2591776.546, 150
Trd, 2591776.679, 150
Trd, 2591776.996, 150
Trd, 2591777.029, 150
Trd, 2591777.229, 150
Trd, 2591777.279, 150
Trd, 2591777.646, 150
Trd, 2591777.896, 150
Trd, 2591778.113, 150
Trd, 2591778.213, 150
Trd, 2591779.446, 150
Trd, 2591779.796, 150
Trd, 2591779.913, 150
Trd, 2591780.113, 150
Trd, 2591780.496, 150
Trd, 2591781.596, 150
Trd, 2591782.213, 150
Trd, 2591782.263, 147
Trd, 2591784.146, 150
Trd, 2591784.313, 146
Trd, 2591784.363, 148
Trd, 2591784.963, 149
Trd, 2591786.596, 150
Trd, 2591787.046, 150
Trd, 2591787.079, 150
Trd, 2591787.129, 150
Trd, 2591787.496, 141
Trd, 2591787.513, 139
Trd, 2591787.729, 147
Trd, 2591789.029, 136
Trd, 2591789.413, 141
Trd, 2591789.479, 126
Trd, 2591789.796, 142
Trd, 2591790.396, 150
Trd, 2591790.513, 150
Trd, 2591790.979, 150
Trd, 2591791.413, 150
Trd, 2591791.496, 149
Trd, 2591792.213, 145
Trd, 2591792.646, 148
Trd, 2591792.846, 148
Trd, 2591793.546, 150
Trd, 2591793.663, 149
Trd, 2591793.679, 148
Trd, 2591794.063, 147
Trd, 2591794.079, 146
Trd, 2591794.663, 126
Trd, 2591794.813, 144
Trd, 2591794.979, 127
Trd, 2591796.329, 139
Trd, 2591796.396, 130
Trd, 2591797.046, 140
Trd, 2591797.096, 143
Trd, 2591797.313, 128
Trd, 2591799.379, 150
Trd, 2591799.646, 150
Trd, 2591799.696, 150
Trd, 2591800.496, 150
Trd, 2591801.046, 150
Trd, 2591802.696, 150
Trd, 2591802.846, 150
Trd, 2591802.913, 150
Trd, 2591803.063, 150
Trd, 2591803.146, 150
Trd, 2591803.596, 150
Trd, 2591804.096, 150
Trd, 2591804.113, 150
Trd, 2591804.196, 150
Trd, 2591804.479, 149
Trd, 2591804.729, 149
Trd, 2591805.663, 148
Trd, 2591806.629, 150
Trd, 2591806.813, 149
Trd, 2591806.879, 148
Trd, 2591807.229, 150
Trd, 2591808.246, 150
Trd, 2591808.463, 145
Trd, 2591808.729, 141
Trd, 2591808.813, 135
Trd, 2591808.963, 132
Trd, 2591809.096, 128
Trd, 2591809.696, 149
Trd, 2591810.463, 144
Trd, 2591810.729, 141
Trd, 2591810.796, 142
Trd, 2591810.896, 141
Trd, 2591811.496, 141
Trd, 2591812.229, 133
Trd, 2591813.229, 134
Trd, 2591813.296, 135
Trd, 2591813.863, 137
Trd, 2591814.079, 124
Trd, 2591814.113, 139
Trd, 2591814.413, 123
Trd, 2591814.463, 139
Trd, 2591814.513, 150
Trd, 2591814.829, 122
Trd, 2591815.563, 150
Trd, 2591815.646, 142
Trd, 2591816.579, 150
Trd, 2591818.746, 150
Trd, 2591818.879, 150
Trd, 2591818.929, 150
Trd, 2591819.063, 150
Trd, 2591819.313, 150
Trd, 2591820.029, 150
Trd, 2591820.213, 150
Trd, 2591820.246, 150
Trd, 2591820.863, 147
Trd, 2591820.913, 147
Trd, 2591821.329, 141
Trd, 2591821.563, 143
Trd, 2591821.613, 129
Trd, 2591822.413, 147
Trd, 2591822.579, 149
Trd, 2591822.696, 132
Trd, 2591822.746, 141
Trd, 2591822.779, 129
Trd, 2591822.863, 128
Trd, 2591825.146, 150
Trd, 2591825.179, 150
Trd, 2591825.813, 149
Trd, 2591828.029, 150
Trd, 2591828.229, 150
Trd, 2591829.096, 150
Trd, 2591829.113, 150
Trd, 2591829.146, 150
Trd, 2591829.246, 148
Trd, 2591830.129, 120
Trd, 2591831.113, 142
Trd, 2591831.196, 142
Trd, 2591831.263, 142
Trd, 2591831.296, 142
Trd, 2591831.413, 141
Trd, 2591831.946, 138
Trd, 2591831.963, 115
Trd, 2591831.996, 140
Trd, 2591832.096, 139
Trd, 2591832.546, 137
Trd, 2591832.646, 133
Trd, 2591832.779, 138
Trd, 2591833.163, 107
Trd, 2591833.729, 105
Trd, 2591833.763, 106
Trd, 2591833.779, 108
Trd, 2591833.996, 147
Trd, 2591834.146, 103
Trd, 2591834.229, 102
Trd, 2591834.479, 134
Trd, 2591834.646, 148
Trd, 2591834.829, 148
Trd, 2591835.313, 149
Trd, 2591835.663, 147
Trd, 2591836.463, 146
Trd, 2591837.479, 116
Trd, 2591838.279, 119
Trd, 2591839.529, 144
Trd, 2591839.746, 118
Trd, 2591839.929, 141
Trd, 2591840.679, 106
Trd, 2591840.829, 141
Trd, 2591841.813, 101
Trd, 2591841.946, 101
Trd, 2591842.029, 102
Trd, 2591842.613, 107
Trd, 2591842.663, 108
Trd, 2591842.713, 108
Trd, 2591842.763, 107
Trd, 2591843.113, 107
Trd, 2591843.279, 109
Trd, 2591843.379, 122
Trd, 2591844.646, 150
Trd, 2591846.679, 150
Trd, 2591847.429, 150
Trd, 2591847.479, 150
Trd, 2591847.613, 150
Trd, 2591849.163, 150
Trd, 2591849.446, 150
Trd, 2591849.546, 150
Trd, 2591849.579, 150
Trd, 2591850.279, 150
Trd, 2591850.496, 150
Trd, 2591850.613, 150
Trd, 2591850.846, 150
Trd, 2591850.979, 150
Trd, 2591851.179, 150
Trd, 2591851.613, 149
Trd, 2591851.779, 150
Trd, 2591851.829, 149
Trd, 2591851.896, 150
Trd, 2591852.329, 149
Trd, 2591852.546, 149
Trd, 2591852.596, 133
Trd, 2591852.979, 118
Trd, 2591853.679, 108
Trd, 2591854.029, 144
Trd, 2591854.163, 138
Trd, 2591854.546, 128
Trd, 2591856.363, 100
Trd, 2591856.629, 104
Trd, 2591856.813, 103
Trd, 2591856.963, 103
Trd, 2591857.063, 104
Trd, 2591857.196, 109
Trd, 2591857.429, 111
Trd, 2591857.596, 120
Trd, 2591857.629, 106
Trd, 2591857.879, 104
Trd, 2591858.996, 101
Trd, 2591859.013, 102
Trd, 2591860.913, 101
Trd, 2591861.579, 100
Trd, 2591861.663, 101
Trd, 2591861.813, 107
Trd, 2591862.263, 100
Trd, 2591862.729, 100
Trd, 2591863.179, 104
Trd, 2591863.679, 103
Trd, 2591863.796, 105
Trd, 2591864.763, 127
Trd, 2591864.813, 132
Trd, 2591865.079, 144
Trd, 2591865.146, 110
Trd, 2591865.579, 139
Trd, 2591866.096, 117
Trd, 2591868.046, 150
Trd, 2591868.813, 150
Trd, 2591869.446, 150
Trd, 2591869.696, 150
Trd, 2591869.729, 150
Trd, 2591869.879, 150
Trd, 2591870.063, 150
Trd, 2591870.129, 150
Trd, 2591870.463, 150
Trd, 2591870.629, 150
Trd, 2591871.046, 150
Trd, 2591871.329, 150
Trd, 2591871.496, 150
Trd, 2591872.663, 150
Trd, 2591874.029, 150
Trd, 2591874.296, 150
Trd, 2591874.713, 150
Trd, 2591874.979, 150
Trd, 2591875.529, 150
Trd, 2591875.613, 150
Trd, 2591875.813, 150
Trd, 2591876.096, 150
Trd, 2591877.113, 150
Trd, 2591877.563, 150
Trd, 2591877.663, 150
Trd, 2591877.696, 149
Trd, 2591878.146, 148
Trd, 2591878.246, 150
Trd, 2591878.413, 149
Trd, 2591878.813, 148
Trd, 2591879.129, 109
Trd, 2591879.313, 108
Trd, 2591879.763, 150
Trd, 2591880.079, 149
Trd, 2591880.579, 149
Trd, 2591881.263, 148
Trd, 2591881.546, 149
Trd, 2591881.879, 147
Trd, 2591882.513, 141
Trd, 2591884.313, 143
Trd, 2591885.013, 142
Trd, 2591886.013, 148
Trd, 2591886.346, 146
Trd, 2591886.746, 143
Trd, 2591887.679, 150
Trd, 2591887.913, 149
Trd, 2591888.863, 149
Trd, 2591888.996, 149
Trd, 2591889.196, 149
Trd, 2591889.479, 150
Trd, 2591889.763, 150
Trd, 2591891.679, 150
Trd, 2591892.196, 150
Trd, 2591892.663, 150
Trd, 2591892.913, 150
Trd, 2591893.046, 150
Trd, 2591893.296, 150
Trd, 2591893.346, 150
Trd, 2591893.629, 150
Trd, 2591893.663, 150
Trd, 2591893.746, 149
Trd, 2591893.813, 147
Trd, 2591894.296, 133
Trd, 2591894.363, 112
Trd, 2591895.063, 121
Trd, 2591895.279, 120
Trd, 2591895.479, 139
Trd, 2591896.179, 134
Trd, 2591896.829, 130
Trd, 2591897.246, 130
Trd, 2591898.246, 101
Trd, 2591898.329, 101
Trd, 2591898.529, 105
Trd, 2591899.046, 105
Trd, 2591899.563, 102
Trd, 2591900.513, 103
Trd, 2591900.529, 104
Trd, 2591900.813, 106
Trd, 2591901.363, 114
Trd, 2591901.396, 122
Trd, 2591901.913, 110
Trd, 2591901.946, 120
Trd, 2591902.029, 121
Trd, 2591902.079, 121
Trd, 2591902.513, 131
Trd, 2591904.596, 127
Trd, 2591904.746, 129
Trd, 2591905.163, 132
Trd, 2591905.813, 150
Trd, 2591905.879, 150
Trd, 2591906.296, 150
Trd, 2591906.596, 150
Trd, 2591907.146, 150
Trd, 2591907.546, 150
Trd, 2591908.179, 150
Trd, 2591908.379, 150
Trd, 2591908.763, 150
Trd, 2591909.013, 150
Trd, 2591909.063, 150
Trd, 2591909.313, 149
Trd, 2591909.429, 118
Trd, 2591909.513, 113
Trd, 2591910.213, 122
Trd, 2591910.646, 146
Trd, 2591911.296, 150
Trd, 2591912.329, 150
Trd, 2591912.596, 150
Trd, 2591913.129, 150
Trd, 2591914.046, 150
Trd, 2591914.413, 149
Trd, 2591914.463, 149
Trd, 2591914.479, 150
Trd, 2591915.879, 150
Trd, 2591916.429, 150
Trd, 2591916.596, 150
Trd, 2591917.029, 145
Trd, 2591917.046, 139
Trd, 2591917.496, 138
Trd, 2591918.296, 149
Trd, 2591918.563, 148
Trd, 2591919.213, 139
Trd, 2591919.313, 141
Trd, 2591919.713, 145
Trd, 2591919.929, 139
Trd, 2591920.296, 144
Trd, 2591920.446, 143
Trd, 2591920.746, 139
Trd, 2591921.463, 147
Trd, 2591923.413, 150
Trd, 2591923.796, 150
Trd, 2591924.429, 150
Trd, 2591924.546, 150
Trd, 2591924.646, 150
Trd, 2591925.113, 150
Trd, 2591925.163, 149
Trd, 2591925.179, 149
Trd, 2591925.329, 147
Trd, 2591925.446, 133
Trd, 2591926.329, 137
Trd, 2591927.213, 119
Trd, 2591928.013, 129
Trd, 2591928.213, 129
Trd, 2591928.679, 129
Trd, 2591928.729, 133
Trd, 2591928.813, 134
Trd, 2591929.646, 138
Trd, 2591930.379, 133
Trd, 2591930.429, 144
Trd, 2591931.579, 135
Trd, 2591931.663, 134
Trd, 2591931.679, 148
Trd, 2591931.746, 133
Trd, 2591932.629, 134
Trd, 2591932.896, 147
Trd, 2591933.129, 146
Trd, 2591933.929, 134
Trd, 2591934.596, 134
Trd, 2591935.363, 132
Trd, 2591936.329, 133
Trd, 2591937.163, 133
Trd, 2591937.246, 135
Trd, 2591937.313, 131
Trd, 2591937.446, 132
Trd, 2591937.946, 131
Trd, 2591938.413, 132
Trd, 2591938.746, 135
Trd, 2591939.079, 126
Trd, 2591939.179, 136
Trd, 2591939.779, 127
Trd, 2591940.096, 135
Trd, 2591940.329, 132
Trd, 2591940.479, 134
Trd, 2591940.896, 129
Trd, 2591941.179, 143
Trd, 2591941.546, 143
Trd, 2591941.679, 112
Trd, 2591942.329, 126
Trd, 2591942.496, 142
Trd, 2591943.513, 137
Trd, 2591943.929, 116
Trd, 2591943.946, 115
Trd, 2591944.246, 137
Trd, 2591944.363, 114
Trd, 2591944.596, 126
Trd, 2591944.713, 138
Trd, 2591944.779, 112
Trd, 2591945.279, 136
Trd, 2591946.413, 150
Trd, 2591946.513, 150
Trd, 2591947.429, 150
Trd, 2591948.579, 129
Trd, 2591948.946, 130
Trd, 2591948.979, 126
Trd, 2591949.163, 125
Trd, 2591949.463, 123
Trd, 2591949.479, 130
Trd, 2591949.496, 110
Trd, 2591950.729, 103
Trd, 2591951.829, 100
Trd, 2591952.346, 100
Trd, 2591952.929, 100
Trd, 2591953.046, 100
Trd, 2591953.063, 100
Trd, 2591953.096, 100
Trd, 2591953.479, 101
Trd, 2591954.196, 104
Trd, 2591955.096, 142
Trd, 2591955.279, 135
Trd, 2591955.313, 143
Trd, 2591956.129, 150
Trd, 2591956.363, 135
Trd, 2591956.629, 133
Trd, 2591957.046, 118
Trd, 2591957.463, 137
Trd, 2591957.646, 118
Trd, 2591958.213, 117
Trd, 2591958.913, 110
Trd, 2591958.996, 109
Trd, 2591959.529, 120
Trd, 2591959.863, 147
Trd, 2591960.146, 148
Trd, 2591960.529, 122
Trd, 2591961.163, 150
Trd, 2591961.413, 149
Trd, 2591962.646, 150
Trd, 2591962.763, 149
Trd, 2591963.163, 135
Trd, 2591963.463, 150
Trd, 2591964.146, 144
Trd, 2591964.863, 150
Trd, 2591965.546, 150
Trd, 2591965.646, 150
Trd, 2591966.413, 150
Trd, 2591966.663, 150
Trd, 2591966.846, 150
Trd, 2591967.163, 150
Trd, 2591967.463, 150
Trd, 2591967.996, 150
Trd, 2591968.313, 148
Trd, 2591968.396, 130
Trd, 2591969.763, 145
Trd, 2591970.346, 138
Trd, 2591970.396, 129
Trd, 2591970.413, 143
Trd, 2591970.496, 138
Trd, 2591970.729, 121
Trd, 2591970.929, 118
Trd, 2591972.396, 104
Trd, 2591972.579, 109
Trd, 2591973.079, 138
Trd, 2591973.163, 141
Trd, 2591973.913, 149
Trd, 2591974.979, 150
Trd, 2591975.796, 150
Trd, 2591976.113, 150
Trd, 2591976.213, 149
Trd, 2591976.546, 131
Trd, 2591976.579, 130
Trd, 2591976.746, 114
Trd, 2591977.879, 123
Trd, 2591979.563, 149
Trd, 2591980.329, 150
Trd, 2591980.629, 150
Trd, 2591980.896, 150
Trd, 2591980.963, 150
Trd, 2591981.096, 150
Trd, 2591981.363, 148
Trd, 2591981.379, 148
Trd, 2591981.579, 138
Trd, 2591981.863, 145
Trd, 2591981.929, 146
Trd, 2591982.213, 115
Trd, 2591982.946, 148
Trd, 2591983.529, 119
Trd, 2591984.346, 125
Trd, 2591984.529, 115
Trd, 2591984.896, 113
Trd, 2591985.213, 144
Trd, 2591985.546, 124
Trd, 2591986.363, 109
Trd, 2591986.663, 109
Trd, 2591987.196, 117
Trd, 2591987.779, 117
Trd, 2591987.946, 119
Trd, 2591988.546, 120
Trd, 2591988.796, 124
Trd, 2591989.046, 125
Trd, 2591989.129, 126
Trd, 2591989.363, 127
Trd, 2591989.629, 126
Trd, 2591989.963, 128
Trd, 2591989.979, 127
Trd, 2591990.946, 131
Trd, 2591991.046, 133
Trd, 2591993.729, 150
Trd, 2591993.813, 150
Trd, 2591994.329, 150
Trd, 2591994.546, 150
Trd, 2591994.663, 150
Trd, 2591994.846, 149
Trd, 2591995.579, 150
Trd, 2591996.063, 149
Trd, 2591996.579, 150
Trd, 2591997.796, 146
Trd, 2591997.929, 146
Trd, 2591997.946, 147
Trd, 2591998.046, 148
Trd, 2591998.996, 150
Trd, 2591999.996, 150
