Trd, 2590839.396, 105
Trd, 2590839.929, 129
Trd, 2590840.896, 150
Trd, 2590841.079, 150
Trd, 2590842.063, 150
Trd, 2590842.729, 150
Trd, 2590842.979, 150
Trd, 2590843.746, 150
Trd, 2590844.179, 150
Trd, 2590844.379, 150
Trd, 2590844.563, 147
Trd, 2590844.729, 146
Trd, 2590844.779, 119
Trd, 2590846.413, 150
Trd, 2590846.479, 150
Trd, 2590846.796, 149
Trd, 2590846.813, 149
Trd, 2590846.863, 149
Trd, 2590847.146, 148
Trd, 2590847.329, 148
Trd, 2590847.529, 147
Trd, 2590848.113, 141
Trd, 2590848.929, 142
Trd, 2590849.196, 140
Trd, 2590849.213, 144
Trd, 2590849.279, 119
Trd, 2590850.329, 136
Trd, 2590850.863, 135
Trd, 2590850.963, 136
Trd, 2590851.046, 137
Trd, 2590851.113, 138
Trd, 2590851.463, 114
Trd, 2590851.679, 103
Trd, 2590852.096, 106
Trd, 2590852.579, 104
Trd, 2590853.196, 105
Trd, 2590853.313, 106
Trd, 2590853.896, 106
Trd, 2590853.929, 104
Trd, 2590853.946, 107
Trd, 2590854.146, 108
Trd, 2590854.579, 132
Trd, 2590854.996, 105
Trd, 2590856.113, 150
Trd, 2590856.529, 150
Trd, 2590857.196, 139
Trd, 2590857.246, 126
Trd, 2590858.346, 150
Trd, 2590858.563, 150
Trd, 2590858.729, 150
Trd, 2590858.779, 150
Trd, 2590859.546, 126
Trd, 2590860.029, 110
Trd, 2590860.229, 106
Trd, 2590860.579, 145
Trd, 2590860.979, 145
Trd, 2590861.346, 144
Trd, 2590861.413, 143
Trd, 2590861.929, 142
Trd, 2590862.179, 141
Trd, 2590862.313, 139
Trd, 2590862.646, 140
Trd, 2590863.046, 139
Trd, 2590863.179, 140
Trd, 2590863.463, 120
Trd, 2590863.663, 122
Trd, 2590864.046, 140
Trd, 2590864.363, 140
Trd, 2590865.113, 141
Trd, 2590865.279, 123
Trd, 2590865.813, 123
Trd, 2590866.113, 122
Trd, 2590866.379, 121
Trd, 2590866.446, 146
Trd, 2590867.079, 103
Trd, 2590868.496, 100
Trd, 2590868.579, 102
Trd, 2590868.879, 101
Trd, 2590869.563, 102
Trd, 2590869.879, 102
Trd, 2590870.296, 100
Trd, 2590870.946, 107
Trd, 2590871.113, 101
Trd, 2590871.463, 108
Trd, 2590872.463, 113
Trd, 2590872.546, 105
Trd, 2590872.629, 104
Trd, 2590872.646, 106
Trd, 2590873.429, 147
Trd, 2590874.079, 150
Trd, 2590875.263, 150
Trd, 2590875.829, 150
Trd, 2590875.879, 150
Trd, 2590876.063, 150
Trd, 2590876.313, 150
Trd, 2590877.696, 150
Trd, 2590877.713, 150
Trd, 2590877.896, 150
Trd, 2590878.363, 150
Trd, 2590878.779, 150
Trd, 2590878.896, 150
Trd, 2590878.963, 150
Trd, 2590879.029, 150
Trd, 2590879.163, 150
Trd, 2590879.246, 149
Trd, 2590879.813, 135
Trd, 2590880.246, 150
Trd, 2590880.763, 149
Trd, 2590880.913, 146
Trd, 2590881.146, 139
Trd, 2590882.079, 123
Trd, 2590883.413, 149
Trd, 2590883.529, 150
Trd, 2590883.829, 124
Trd, 2590883.879, 125
Trd, 2590884.013, 118
Trd, 2590884.329, 144
Trd, 2590884.613, 117
Trd, 2590885.113, 145
Trd, 2590885.863, 148
Trd, 2590886.313, 113
Trd, 2590886.646, 138
Trd, 2590886.913, 149
Trd, 2590887.529, 104
Trd, 2590887.963, 105
Trd, 2590888.879, 125
Trd, 2590889.513, 136
Trd, 2590889.813, 133
Trd, 2590889.829, 132
Trd, 2590889.896, 140
Trd, 2590889.979, 131
Trd, 2590890.063, 135
Trd, 2590890.096, 130
Trd, 2590890.196, 128
Trd, 2590891.096, 150
Trd, 2590891.429, 150
Trd, 2590891.529, 150
Trd, 2590891.779, 150
Trd, 2590892.279, 150
Trd, 2590892.329, 127
Trd, 2590893.313, 100
Trd, 2590893.663, 101
Trd, 2590894.463, 100
Trd, 2590894.663, 100
Trd, 2590895.346, 100
Trd, 2590895.646, 100
Trd, 2590895.829, 100
Trd, 2590895.863, 100
Trd, 2590896.079, 100
Trd, 2590897.029, 102
Trd, 2590897.313, 102
Trd, 2590897.629, 103
Trd, 2590897.829, 105
Trd, 2590898.979, 150
Trd, 2590899.846, 150
Trd, 2590899.929, 150
Trd, 2590900.729, 150
Trd, 2590901.096, 150
Trd, 2590901.163, 150
Trd, 2590901.246, 150
Trd, 2590901.263, 150
Trd, 2590901.929, 149
Trd, 2590903.796, 150
Trd, 2590904.713, 150
Trd, 2590906.529, 150
Trd, 2590906.546, 150
Trd, 2590907.013, 150
Trd, 2590907.379, 150
Trd, 2590907.513, 150
Trd, 2590907.563, 150
Trd, 2590907.729, 150
Trd, 2590908.596, 140
Trd, 2590908.629, 142
Trd, 2590908.746, 138
Trd, 2590908.896, 143
Trd, 2590909.046, 144
Trd, 2590909.096, 127
Trd, 2590909.146, 121
Trd, 2590909.196, 146
Trd, 2590909.813, 132
Trd, 2590909.863, 143
Trd, 2590910.313, 149
Trd, 2590910.496, 142
Trd, 2590910.763, 132
Trd, 2590910.779, 129
Trd, 2590912.246, 150
Trd, 2590912.613, 150
Trd, 2590913.329, 148
Trd, 2590913.963, 135
Trd, 2590914.863, 132
Trd, 2590915.496, 131
Trd, 2590915.646, 116
Trd, 2590915.896, 131
Trd, 2590916.263, 131
Trd, 2590916.363, 125
Trd, 2590916.446, 123
Trd, 2590916.529, 121
Trd, 2590916.663, 131
Trd, 2590917.463, 129
Trd, 2590917.529, 121
Trd, 2590917.579, 106
Trd, 2590917.896, 114
Trd, 2590917.946, 131
Trd, 2590918.379, 113
Trd, 2590919.413, 150
Trd, 2590919.646, 150
Trd, 2590919.746, 150
Trd, 2590920.796, 150
Trd, 2590922.029, 150
Trd, 2590922.546, 150
Trd, 2590922.896, 149
Trd, 2590923.096, 150
Trd, 2590923.196, 149
Trd, 2590923.463, 148
Trd, 2590923.696, 142
Trd, 2590923.996, 131
Trd, 2590924.029, 131
Trd, 2590924.079, 126
Trd, 2590924.196, 125
Trd, 2590924.579, 131
Trd, 2590924.963, 130
Trd, 2590925.063, 132
Trd, 2590925.229, 150
Trd, 2590925.279, 123
Trd, 2590925.363, 122
Trd, 2590925.546, 150
Trd, 2590925.679, 121
Trd, 2590926.296, 122
Trd, 2590926.363, 120
Trd, 2590927.479, 104
Trd, 2590928.229, 100
Trd, 2590928.679, 100
Trd, 2590928.813, 100
Trd, 2590928.913, 101
Trd, 2590929.996, 100
Trd, 2590930.313, 100
Trd, 2590930.463, 101
Trd, 2590931.263, 100
Trd, 2590931.429, 100
Trd, 2590932.179, 100
Trd, 2590932.363, 100
Trd, 2590932.479, 100
Trd, 2590932.729, 100
Trd, 2590933.113, 106
Trd, 2590933.979, 127
Trd, 2590934.713, 150
Trd, 2590935.029, 125
Trd, 2590935.129, 113
Trd, 2590935.246, 150
Trd, 2590935.413, 150
Trd, 2590936.179, 134
Trd, 2590936.429, 150
Trd, 2590936.979, 150
Trd, 2590937.396, 150
Trd, 2590938.279, 150
Trd, 2590939.046, 150
Trd, 2590939.063, 150
Trd, 2590939.096, 150
Trd, 2590940.129, 150
Trd, 2590940.179, 150
Trd, 2590940.646, 150
Trd, 2590940.929, 148
Trd, 2590942.346, 150
Trd, 2590942.479, 150
Trd, 2590942.546, 150
Trd, 2590942.863, 147
Trd, 2590942.929, 148
Trd, 2590942.946, 126
Trd, 2590943.329, 148
Trd, 2590944.046, 130
Trd, 2590944.396, 137
Trd, 2590945.196, 136
Trd, 2590945.513, 135
Trd, 2590945.646, 136
Trd, 2590946.263, 127
Trd, 2590946.496, 128
Trd, 2590947.163, 104
Trd, 2590947.413, 107
Trd, 2590947.796, 103
Trd, 2590947.863, 109
Trd, 2590947.879, 110
Trd, 2590948.279, 106
Trd, 2590948.963, 109
Trd, 2590949.096, 112
Trd, 2590949.363, 113
Trd, 2590949.429, 114
Trd, 2590949.979, 138
Trd, 2590950.313, 138
Trd, 2590950.379, 137
Trd, 2590951.346, 134
Trd, 2590951.946, 127
Trd, 2590952.479, 128
Trd, 2590952.913, 143
Trd, 2590955.379, 150
Trd, 2590955.613, 150
Trd, 2590955.779, 150
Trd, 2590955.829, 150
Trd, 2590955.863, 150
Trd, 2590956.429, 150
Trd, 2590956.879, 150
Trd, 2590957.063, 150
Trd, 2590958.546, 150
Trd, 2590958.746, 150
Trd, 2590958.879, 150
Trd, 2590959.879, 150
Trd, 2590960.146, 150
Trd, 2590960.163, 150
Trd, 2590960.246, 150
Trd, 2590960.263, 150
Trd, 2590960.346, 149
Trd, 2590960.579, 149
Trd, 2590960.913, 149
Trd, 2590961.029, 149
Trd, 2590961.313, 148
Trd, 2590961.563, 148
Trd, 2590961.596, 133
Trd, 2590961.796, 132
Trd, 2590962.546, 150
Trd, 2590963.163, 147
Trd, 2590963.179, 127
Trd, 2590963.646, 116
Trd, 2590963.913, 137
Trd, 2590964.063, 105
Trd, 2590964.979, 108
Trd, 2590965.213, 108
Trd, 2590966.363, 100
Trd, 2590966.463, 100
Trd, 2590966.729, 100
Trd, 2590966.779, 100
Trd, 2590967.229, 100
Trd, 2590967.413, 103
Trd, 2590967.629, 113
Trd, 2590967.946, 113
Trd, 2590968.396, 102
Trd, 2590968.779, 114
Trd, 2590969.263, 117
Trd, 2590969.429, 118
Trd, 2590969.796, 108
Trd, 2590969.929, 120
Trd, 2590970.079, 120
Trd, 2590970.179, 121
Trd, 2590970.679, 113
Trd, 2590970.763, 112
Trd, 2590970.913, 111
Trd, 2590971.996, 124
Trd, 2590972.596, 148
Trd, 2590972.946, 135
Trd, 2590973.129, 134
Trd, 2590973.479, 149
Trd, 2590974.479, 150
Trd, 2590974.879, 150
Trd, 2590974.979, 150
Trd, 2590975.046, 150
Trd, 2590975.679, 150
Trd, 2590976.229, 147
Trd, 2590977.229, 150
Trd, 2590977.413, 150
Trd, 2590977.563, 150
Trd, 2590977.579, 150
Trd, 2590977.596, 150
Trd, 2590978.329, 149
Trd, 2590978.396, 150
Trd, 2590978.713, 149
Trd, 2590978.846, 135
Trd, 2590979.129, 146
Trd, 2590979.513, 145
Trd, 2590980.129, 133
Trd, 2590980.229, 114
Trd, 2590980.429, 108
Trd, 2590980.713, 145
Trd, 2590981.729, 100
Trd, 2590981.996, 100
Trd, 2590982.329, 100
Trd, 2590982.679, 101
Trd, 2590983.263, 100
Trd, 2590983.313, 102
Trd, 2590983.529, 113
Trd, 2590984.096, 126
Trd, 2590984.479, 150
Trd, 2590985.079, 150
Trd, 2590985.646, 150
Trd, 2590986.096, 150
Trd, 2590986.546, 150
Trd, 2590986.763, 150
Trd, 2590987.063, 150
Trd, 2590987.296, 149
Trd, 2590987.913, 150
Trd, 2590988.246, 150
Trd, 2590988.729, 150
Trd, 2590989.363, 148
Trd, 2590989.379, 148
Trd, 2590989.929, 147
Trd, 2590989.963, 107
Trd, 2590989.979, 150
Trd, 2590990.613, 148
Trd, 2590990.829, 149
Trd, 2590991.296, 137
Trd, 2590991.396, 136
Trd, 2590991.413, 135
Trd, 2590991.979, 138
Trd, 2590992.079, 137
Trd, 2590992.229, 147
Trd, 2590992.913, 142
Trd, 2590993.529, 143
Trd, 2590995.013, 139
Trd, 2590995.346, 137
Trd, 2590996.446, 131
Trd, 2590996.463, 132
Trd, 2590996.513, 133
Trd, 2590996.529, 130
Trd, 2590997.046, 147
Trd, 2590998.163, 150
Trd, 2590998.296, 150
Trd, 2590998.479, 150
Trd, 2590998.629, 150
Trd, 2590998.713, 150
Trd, 2590999.346, 150
Trd, 2590999.796, 147
Trd, 2591000.196, 147
Trd, 2591000.296, 146
Trd, 2591000.979, 146
Trd, 2591001.096, 137
Trd, 2591001.513, 133
Trd, 2591001.729, 144
Trd, 2591002.263, 110
Trd, 2591002.279, 111
Trd, 2591002.296, 120
Trd, 2591002.629, 148
Trd, 2591002.829, 111
Trd, 2591003.163, 147
Trd, 2591003.246, 146
Trd, 2591003.313, 105
Trd, 2591004.563, 147
Trd, 2591004.863, 147
Trd, 2591005.213, 150
Trd, 2591005.513, 119
Trd, 2591005.646, 114
Trd, 2591005.946, 150
Trd, 2591006.629, 150
Trd, 2591006.729, 149
Trd, 2591006.863, 146
Trd, 2591007.863, 150
Trd, 2591008.263, 150
Trd, 2591008.346, 150
Trd, 2591008.496, 150
Trd, 2591008.679, 150
Trd, 2591008.763, 150
Trd, 2591008.963, 150
Trd, 2591009.529, 148
Trd, 2591009.596, 115
Trd, 2591010.163, 127
Trd, 2591011.029, 126
Trd, 2591011.046, 116
Trd, 2591011.396, 115
Trd, 2591012.313, 126
Trd, 2591012.563, 105
Trd, 2591012.613, 127
Trd, 2591013.163, 106
Trd, 2591013.463, 148
Trd, 2591013.979, 104
Trd, 2591014.013, 103
Trd, 2591014.663, 103
Trd, 2591014.946, 104
Trd, 2591015.513, 107
Trd, 2591016.313, 111
Trd, 2591016.546, 113
Trd, 2591016.613, 114
Trd, 2591017.346, 150
Trd, 2591017.779, 150
Trd, 2591017.963, 150
Trd, 2591017.979, 150
Trd, 2591018.129, 150
Trd, 2591018.679, 150
Trd, 2591020.579, 150
Trd, 2591020.929, 150
Trd, 2591021.996, 150
Trd, 2591022.179, 150
Trd, 2591022.846, 150
Trd, 2591022.896, 150
Trd, 2591023.263, 150
Trd, 2591023.313, 150
Trd, 2591023.379, 150
Trd, 2591023.529, 150
Trd, 2591023.729, 150
Trd, 2591023.963, 150
Trd, 2591024.079, 150
Trd, 2591024.363, 108
Trd, 2591024.629, 108
Trd, 2591025.829, 100
Trd, 2591025.979, 100
Trd, 2591026.513, 101
Trd, 2591027.163, 106
Trd, 2591027.646, 103
Trd, 2591027.729, 108
Trd, 2591028.113, 103
Trd, 2591028.663, 102
Trd, 2591028.763, 104
Trd, 2591028.846, 106
Trd, 2591029.229, 113
Trd, 2591029.596, 124
Trd, 2591029.679, 102
Trd, 2591029.779, 116
Trd, 2591031.363, 100
Trd, 2591031.413, 101
Trd, 2591031.613, 103
Trd, 2591032.796, 100
Trd, 2591033.629, 100
Trd, 2591034.296, 100
Trd, 2591034.363, 100
Trd, 2591034.563, 100
Trd, 2591034.596, 100
Trd, 2591034.696, 100
Trd, 2591034.746, 100
Trd, 2591034.913, 100
Trd, 2591035.229, 100
Trd, 2591035.663, 101
Trd, 2591035.746, 105
Trd, 2591036.496, 101
Trd, 2591036.563, 103
Trd, 2591037.329, 100
Trd, 2591037.913, 100
Trd, 2591037.979, 101
Trd, 2591038.413, 103
Trd, 2591038.446, 104
Trd, 2591038.979, 101
Trd, 2591039.063, 101
Trd, 2591039.363, 105
Trd, 2591039.746, 105
Trd, 2591039.863, 134
Trd, 2591040.129, 135
Trd, 2591040.946, 103
Trd, 2591041.296, 150
Trd, 2591041.979, 100
Trd, 2591042.146, 148
Trd, 2591043.846, 102
Trd, 2591044.146, 103
Trd, 2591044.829, 100
Trd, 2591044.863, 101
Trd, 2591046.396, 100
Trd, 2591046.896, 101
Trd, 2591047.446, 102
Trd, 2591047.496, 102
Trd, 2591047.663, 103
Trd, 2591047.896, 102
Trd, 2591048.196, 100
Trd, 2591049.329, 100
Trd, 2591049.563, 100
Trd, 2591049.813, 100
Trd, 2591050.096, 100
Trd, 2591050.263, 102
Trd, 2591050.463, 103
Trd, 2591050.479, 103
Trd, 2591051.013, 136
Trd, 2591051.479, 137
Trd, 2591051.796, 106
Trd, 2591051.946, 115
Trd, 2591052.096, 138
Trd, 2591052.929, 142
Trd, 2591053.129, 141
Trd, 2591053.346, 140
Trd, 2591053.463, 140
Trd, 2591053.696, 140
Trd, 2591053.979, 148
Trd, 2591054.213, 100
Trd, 2591054.263, 101
Trd, 2591054.729, 101
Trd, 2591055.263, 100
Trd, 2591055.613, 132
Trd, 2591056.063, 126
Trd, 2591056.196, 131
Trd, 2591056.596, 101
Trd, 2591057.196, 102
Trd, 2591057.613, 100
Trd, 2591058.696, 101
Trd, 2591059.013, 103
Trd, 2591059.296, 100
Trd, 2591060.046, 100
Trd, 2591060.196, 100
Trd, 2591060.279, 100
Trd, 2591061.063, 100
Trd, 2591061.146, 100
Trd, 2591061.613, 101
Trd, 2591061.663, 102
Trd, 2591062.113, 117
Trd, 2591062.246, 129
Trd, 2591062.846, 131
Trd, 2591063.429, 148
Trd, 2591063.479, 111
Trd, 2591065.563, 150
Trd, 2591065.896, 150
Trd, 2591066.813, 150
Trd, 2591067.113, 150
Trd, 2591067.163, 150
Trd, 2591067.846, 150
Trd, 2591068.429, 150
Trd, 2591068.696, 150
Trd, 2591068.813, 150
Trd, 2591068.896, 150
Trd, 2591068.963, 150
Trd, 2591069.396, 150
Trd, 2591069.513, 150
Trd, 2591069.596, 150
Trd, 2591069.613, 149
Trd, 2591069.829, 149
Trd, 2591069.863, 148
Trd, 2591070.079, 150
Trd, 2591070.529, 150
Trd, 2591070.696, 149
Trd, 2591071.096, 148
Trd, 2591071.479, 127
Trd, 2591071.746, 107
Trd, 2591072.396, 140
Trd, 2591072.546, 141
Trd, 2591072.579, 125
Trd, 2591073.279, 108
Trd, 2591073.463, 106
Trd, 2591074.263, 104
Trd, 2591074.713, 113
Trd, 2591075.363, 100
Trd, 2591075.546, 100
Trd, 2591075.779, 100
Trd, 2591076.679, 100
Trd, 2591076.846, 100
Trd, 2591077.196, 101
Trd, 2591077.296, 101
Trd, 2591077.479, 124
Trd, 2591077.779, 101
Trd, 2591078.563, 148
Trd, 2591078.829, 104
Trd, 2591080.129, 150
Trd, 2591080.429, 150
Trd, 2591080.963, 150
Trd, 2591081.146, 150
Trd, 2591081.629, 150
Trd, 2591081.896, 150
Trd, 2591082.363, 150
Trd, 2591082.646, 150
Trd, 2591083.479, 150
Trd, 2591083.579, 150
Trd, 2591083.929, 150
Trd, 2591084.063, 150
Trd, 2591084.079, 148
Trd, 2591084.396, 150
Trd, 2591084.413, 149
Trd, 2591084.746, 144
Trd, 2591084.863, 130
Trd, 2591085.096, 115
Trd, 2591085.329, 150
Trd, 2591085.579, 113
Trd, 2591085.763, 119
Trd, 2591085.879, 150
Trd, 2591086.613, 108
Trd, 2591087.096, 122
Trd, 2591087.779, 113
Trd, 2591088.063, 112
Trd, 2591088.196, 110
Trd, 2591088.363, 105
Trd, 2591088.796, 100
Trd, 2591088.929, 100
Trd, 2591088.979, 101
Trd, 2591089.496, 111
Trd, 2591091.496, 100
Trd, 2591092.513, 100
Trd, 2591093.046, 100
Trd, 2591093.246, 100
Trd, 2591093.313, 100
Trd, 2591093.463, 100
Trd, 2591093.546, 101
Trd, 2591094.213, 101
Trd, 2591094.296, 101
Trd, 2591094.679, 100
Trd, 2591095.546, 100
Trd, 2591095.963, 100
Trd, 2591096.163, 100
Trd, 2591096.779, 102
Trd, 2591097.029, 103
Trd, 2591097.063, 110
Trd, 2591097.096, 112
Trd, 2591097.363, 144
Trd, 2591097.663, 107
Trd, 2591097.863, 123
Trd, 2591097.946, 125
Trd, 2591098.013, 114
Trd, 2591098.646, 133
Trd, 2591099.846, 118
Trd, 2591101.129, 113
Trd, 2591101.563, 150
Trd, 2591101.629, 149
Trd, 2591102.229, 128
Trd, 2591102.729, 147
Trd, 2591103.113, 146
Trd, 2591103.329, 134
Trd, 2591103.529, 131
Trd, 2591103.579, 130
Trd, 2591103.696, 109
Trd, 2591104.479, 143
Trd, 2591104.596, 109
Trd, 2591104.929, 101
Trd, 2591105.379, 100
Trd, 2591105.879, 102
Trd, 2591106.063, 101
Trd, 2591106.579, 102
Trd, 2591106.596, 103
Trd, 2591108.313, 101
Trd, 2591108.396, 103
Trd, 2591108.446, 103
Trd, 2591108.613, 105
Trd, 2591109.663, 100
Trd, 2591109.763, 101
Trd, 2591110.179, 100
Trd, 2591110.346, 101
Trd, 2591110.779, 102
Trd, 2591110.946, 102
Trd, 2591111.379, 123
Trd, 2591112.596, 150
Trd, 2591112.613, 148
Trd, 2591113.146, 150
Trd, 2591114.046, 150
Trd, 2591114.629, 150
Trd, 2591114.929, 150
Trd, 2591114.996, 150
Trd, 2591115.046, 150
Trd, 2591115.213, 150
Trd, 2591115.546, 150
Trd, 2591115.613, 149
Trd, 2591115.913, 113
Trd, 2591117.346, 150
Trd, 2591117.696, 150
Trd, 2591118.246, 150
Trd, 2591118.413, 150
Trd, 2591118.579, 143
Trd, 2591119.096, 138
Trd, 2591119.263, 135
Trd, 2591120.046, 150
Trd, 2591120.529, 150
Trd, 2591120.629, 149
Trd, 2591121.063, 150
Trd, 2591121.446, 150
Trd, 2591121.463, 150
Trd, 2591121.479, 150
Trd, 2591121.579, 150
Trd, 2591122.096, 114
Trd, 2591122.146, 104
Trd, 2591122.213, 109
Trd, 2591122.546, 120
Trd, 2591122.863, 103
Trd, 2591123.563, 106
Trd, 2591123.679, 100
Trd, 2591124.863, 150
Trd, 2591126.613, 150
Trd, 2591126.813, 150
Trd, 2591126.863, 150
Trd, 2591127.413, 150
Trd, 2591128.813, 150
Trd, 2591130.163, 150
Trd, 2591130.679, 150
Trd, 2591130.696, 150
Trd, 2591130.796, 150
Trd, 2591130.963, 150
Trd, 2591131.063, 150
Trd, 2591131.146, 150
Trd, 2591131.229, 149
Trd, 2591131.379, 149
Trd, 2591131.546, 148
Trd, 2591131.763, 145
Trd, 2591131.796, 148
Trd, 2591131.879, 122
Trd, 2591132.346, 145
Trd, 2591133.413, 131
Trd, 2591133.746, 142
Trd, 2591134.146, 130
Trd, 2591134.196, 146
Trd, 2591134.213, 147
Trd, 2591134.329, 126
Trd, 2591134.396, 150
Trd, 2591135.513, 150
Trd, 2591136.879, 150
Trd, 2591137.046, 150
Trd, 2591137.896, 150
Trd, 2591137.913, 150
Trd, 2591137.946, 149
Trd, 2591138.213, 148
Trd, 2591138.446, 148
Trd, 2591139.496, 150
Trd, 2591139.696, 150
Trd, 2591139.763, 150
Trd, 2591140.029, 147
Trd, 2591140.279, 148
Trd, 2591140.546, 149
Trd, 2591140.679, 129
Trd, 2591141.063, 110
Trd, 2591141.613, 100
Trd, 2591141.796, 100
Trd, 2591142.079, 100
Trd, 2591143.379, 100
Trd, 2591143.529, 100
Trd, 2591143.846, 102
Trd, 2591144.346, 101
Trd, 2591144.479, 102
Trd, 2591144.529, 101
Trd, 2591144.829, 102
Trd, 2591145.213, 101
Trd, 2591145.346, 101
Trd, 2591145.929, 101
Trd, 2591146.163, 100
Trd, 2591146.413, 103
Trd, 2591146.863, 105
Trd, 2591148.029, 141
Trd, 2591148.063, 134
Trd, 2591148.163, 133
Trd, 2591148.613, 124
Trd, 2591148.829, 102
Trd, 2591149.313, 130
Trd, 2591149.679, 132
Trd, 2591149.696, 129
Trd, 2591149.796, 109
Trd, 2591150.513, 145
Trd, 2591150.896, 150
Trd, 2591151.763, 150
Trd, 2591152.929, 150
Trd, 2591152.946, 150
Trd, 2591153.113, 150
Trd, 2591153.346, 150
Trd, 2591153.746, 117
Trd, 2591154.596, 139
Trd, 2591155.296, 139
Trd, 2591155.396, 138
Trd, 2591155.529, 137
Trd, 2591155.579, 135
Trd, 2591155.979, 103
Trd, 2591156.246, 104
Trd, 2591156.296, 102
Trd, 2591156.546, 137
Trd, 2591157.363, 105
Trd, 2591158.996, 100
Trd, 2591159.129, 100
Trd, 2591159.446, 100
Trd, 2591160.429, 101
Trd, 2591160.446, 101
Trd, 2591160.513, 101
Trd, 2591160.563, 107
Trd, 2591160.813, 148
Trd, 2591161.013, 149
Trd, 2591161.279, 149
Trd, 2591161.646, 148
Trd, 2591162.513, 149
Trd, 2591162.596, 148
Trd, 2591162.696, 148
Trd, 2591163.396, 148
Trd, 2591163.463, 147
Trd, 2591163.479, 146
Trd, 2591164.663, 150
Trd, 2591165.929, 150
Trd, 2591165.979, 150
Trd, 2591166.046, 150
Trd, 2591166.196, 150
Trd, 2591166.479, 149
Trd, 2591166.596, 150
Trd, 2591166.646, 149
Trd, 2591166.863, 148
Trd, 2591167.363, 148
Trd, 2591167.746, 144
Trd, 2591167.763, 122
Trd, 2591168.046, 106
Trd, 2591168.513, 100
Trd, 2591168.663, 101
Trd, 2591168.696, 104
Trd, 2591168.729, 101
Trd, 2591168.746, 144
Trd, 2591170.229, 100
Trd, 2591170.913, 100
Trd, 2591170.996, 101
Trd, 2591171.429, 101
Trd, 2591171.979, 100
Trd, 2591172.979, 100
Trd, 2591173.363, 100
Trd, 2591173.596, 100
Trd, 2591173.679, 101
Trd, 2591174.479, 103
Trd, 2591175.163, 103
Trd, 2591175.763, 108
Trd, 2591176.113, 106
Trd, 2591176.196, 105
Trd, 2591176.779, 109
Trd, 2591176.813, 111
Trd, 2591176.946, 123
Trd, 2591177.213, 108
Trd, 2591177.229, 120
Trd, 2591177.263, 121
Trd, 2591177.979, 107
Trd, 2591178.579, 108
Trd, 2591178.729, 107
Trd, 2591179.729, 100
Trd, 2591179.913, 106
Trd, 2591180.179, 106
Trd, 2591180.296, 105
Trd, 2591180.346, 107
Trd, 2591180.846, 107
Trd, 2591181.329, 100
Trd, 2591181.863, 101
Trd, 2591182.546, 101
Trd, 2591182.579, 101
Trd, 2591183.579, 101
Trd, 2591183.779, 102
Trd, 2591183.879, 103
Trd, 2591184.113, 103
Trd, 2591184.613, 102
Trd, 2591185.063, 105
Trd, 2591186.163, 100
Trd, 2591186.713, 100
Trd, 2591186.963, 100
Trd, 2591187.179, 108
Trd, 2591187.996, 100
Trd, 2591188.063, 100
Trd, 2591188.196, 100
Trd, 2591188.463, 100
Trd, 2591188.846, 102
Trd, 2591189.129, 102
Trd, 2591189.179, 102
Trd, 2591189.579, 103
Trd, 2591189.713, 104
Trd, 2591189.996, 103
Trd, 2591191.063, 106
Trd, 2591191.663, 105
Trd, 2591191.679, 109
Trd, 2591192.446, 108
Trd, 2591192.646, 108
Trd, 2591193.296, 103
Trd, 2591193.513, 101
Trd, 2591194.129, 141
Trd, 2591194.263, 142
Trd, 2591194.979, 105
Trd, 2591195.679, 103
Trd, 2591196.063, 103
Trd, 2591196.379, 103
Trd, 2591196.413, 104
Trd, 2591196.713, 105
Trd, 2591197.196, 104
Trd, 2591197.246, 103
Trd, 2591197.829, 103
Trd, 2591197.846, 102
Trd, 2591198.046, 101
Trd, 2591198.113, 102
Trd, 2591198.679, 103
Trd, 2591198.913, 109
Trd, 2591198.996, 105
Trd, 2591200.213, 134
Trd, 2591200.296, 109
Trd, 2591201.446, 120
Trd, 2591201.929, 150
Trd, 2591202.729, 150
Trd, 2591202.946, 150
Trd, 2591203.113, 150
Trd, 2591203.746, 150
Trd, 2591203.929, 150
Trd, 2591204.579, 150
Trd, 2591204.646, 150
Trd, 2591204.713, 150
Trd, 2591204.729, 147
Trd, 2591204.979, 149
Trd, 2591205.029, 150
Trd, 2591205.529, 149
Trd, 2591205.829, 150
Trd, 2591206.413, 148
Trd, 2591206.863, 149
Trd, 2591207.146, 111
Trd, 2591207.279, 137
Trd, 2591208.713, 102
Trd, 2591209.879, 100
Trd, 2591210.629, 100
Trd, 2591210.746, 100
Trd, 2591210.763, 100
Trd, 2591210.813, 103
Trd, 2591210.996, 103
Trd, 2591211.063, 105
Trd, 2591211.379, 105
Trd, 2591211.396, 102
Trd, 2591212.246, 100
Trd, 2591212.613, 101
Trd, 2591212.679, 101
Trd, 2591212.713, 114
Trd, 2591212.813, 103
Trd, 2591213.579, 150
Trd, 2591214.046, 102
Trd, 2591214.129, 113
Trd, 2591214.496, 102
Trd, 2591214.513, 141
Trd, 2591214.813, 141
Trd, 2591215.663, 140
Trd, 2591215.979, 114
Trd, 2591216.046, 142
Trd, 2591216.163, 119
Trd, 2591216.413, 114
Trd, 2591217.729, 149
Trd, 2591219.096, 150
Trd, 2591219.796, 150
Trd, 2591219.846, 149
Trd, 2591220.179, 133
Trd, 2591220.279, 128
Trd, 2591220.613, 128
Trd, 2591220.846, 127
Trd, 2591220.963, 126
Trd, 2591221.296, 131
Trd, 2591221.313, 118
Trd, 2591222.179, 104
Trd, 2591222.263, 104
Trd, 2591222.279, 103
Trd, 2591223.013, 149
Trd, 2591223.713, 146
Trd, 2591224.296, 150
Trd, 2591224.929, 150
Trd, 2591225.363, 148
Trd, 2591225.379, 140
Trd, 2591226.329, 100
Trd, 2591227.146, 100
Trd, 2591227.379, 100
Trd, 2591227.446, 100
Trd, 2591227.479, 100
Trd, 2591227.746, 100
Trd, 2591227.929, 101
Trd, 2591228.363, 100
Trd, 2591228.496, 101
Trd, 2591229.913, 101
Trd, 2591230.329, 100
Trd, 2591230.629, 100
Trd, 2591231.313, 101
Trd, 2591231.413, 101
Trd, 2591231.546, 102
Trd, 2591232.163, 101
Trd, 2591232.229, 101
Trd, 2591232.579, 104
Trd, 2591232.679, 103
Trd, 2591232.763, 127
Trd, 2591232.996, 136
Trd, 2591233.263, 102
Trd, 2591234.913, 114
Trd, 2591236.379, 150
Trd, 2591236.813, 150
Trd, 2591237.679, 150
Trd, 2591237.963, 150
Trd, 2591238.113, 150
Trd, 2591238.496, 150
Trd, 2591238.563, 150
Trd, 2591238.613, 150
Trd, 2591238.663, 150
Trd, 2591238.963, 150
Trd, 2591238.979, 150
Trd, 2591239.396, 122
Trd, 2591239.996, 100
Trd, 2591240.196, 100
Trd, 2591240.479, 100
Trd, 2591241.213, 100
Trd, 2591241.263, 100
Trd, 2591241.279, 100
Trd, 2591241.396, 100
Trd, 2591241.413, 101
Trd, 2591241.813, 148
Trd, 2591242.229, 102
Trd, 2591242.813, 100
Trd, 2591243.079, 102
Trd, 2591243.446, 107
Trd, 2591244.229, 108
Trd, 2591244.296, 108
Trd, 2591244.446, 108
Trd, 2591245.196, 107
Trd, 2591245.296, 120
Trd, 2591246.129, 149
Trd, 2591246.296, 129
Trd, 2591246.363, 128
Trd, 2591246.546, 150
Trd, 2591247.896, 107
Trd, 2591248.146, 108
Trd, 2591248.296, 106
Trd, 2591248.529, 120
Trd, 2591249.096, 119
Trd, 2591249.163, 109
Trd, 2591249.496, 120
Trd, 2591249.513, 123
Trd, 2591250.629, 136
Trd, 2591250.729, 115
Trd, 2591250.896, 115
Trd, 2591251.263, 114
Trd, 2591251.329, 111
Trd, 2591251.913, 144
Trd, 2591252.129, 131
Trd, 2591252.229, 130
Trd, 2591253.179, 146
Trd, 2591253.413, 147
Trd, 2591253.779, 102
Trd, 2591254.613, 106
Trd, 2591254.796, 100
Trd, 2591255.313, 148
Trd, 2591255.479, 150
Trd, 2591256.063, 146
Trd, 2591256.296, 144
Trd, 2591256.629, 146
Trd, 2591256.763, 145
Trd, 2591257.529, 142
Trd, 2591257.763, 134
Trd, 2591258.063, 106
Trd, 2591258.346, 100
Trd, 2591258.696, 139
Trd, 2591259.246, 138
Trd, 2591260.113, 109
Trd, 2591260.613, 100
Trd, 2591261.046, 100
Trd, 2591261.346, 100
Trd, 2591261.463, 100
Trd, 2591261.529, 101
Trd, 2591262.246, 100
Trd, 2591262.496, 100
Trd, 2591262.613, 100
Trd, 2591262.679, 101
Trd, 2591263.063, 100
Trd, 2591263.229, 100
Trd, 2591263.629, 100
Trd, 2591264.213, 101
Trd, 2591264.796, 101
Trd, 2591265.129, 100
Trd, 2591265.413, 100
Trd, 2591265.513, 118
Trd, 2591266.529, 145
Trd, 2591267.313, 150
Trd, 2591267.663, 150
Trd, 2591268.179, 150
Trd, 2591268.646, 150
Trd, 2591268.679, 150
Trd, 2591268.696, 150
Trd, 2591269.513, 150
Trd, 2591269.679, 150
Trd, 2591270.363, 150
Trd, 2591270.929, 150
Trd, 2591271.613, 150
Trd, 2591272.029, 150
Trd, 2591272.379, 150
Trd, 2591272.496, 150
Trd, 2591272.746, 150
Trd, 2591273.679, 150
Trd, 2591274.146, 150
Trd, 2591274.429, 150
Trd, 2591274.963, 150
Trd, 2591275.096, 149
Trd, 2591275.413, 145
Trd, 2591275.446, 142
Trd, 2591275.746, 149
Trd, 2591275.896, 147
Trd, 2591276.313, 150
Trd, 2591277.113, 150
Trd, 2591277.513, 150
Trd, 2591277.979, 150
Trd, 2591278.013, 150
Trd, 2591278.046, 149
Trd, 2591278.746, 143
Trd, 2591278.863, 142
Trd, 2591279.529, 137
Trd, 2591280.129, 136
Trd, 2591280.179, 138
Trd, 2591280.463, 132
Trd, 2591280.713, 131
Trd, 2591281.113, 134
Trd, 2591282.063, 133
Trd, 2591282.129, 134
Trd, 2591282.179, 135
Trd, 2591282.279, 121
Trd, 2591282.929, 125
Trd, 2591283.263, 141
Trd, 2591283.463, 132
Trd, 2591284.813, 148
Trd, 2591285.063, 149
Trd, 2591285.513, 148
Trd, 2591286.029, 150
Trd, 2591286.079, 150
Trd, 2591286.896, 150
Trd, 2591287.179, 150
Trd, 2591287.396, 150
Trd, 2591287.446, 149
Trd, 2591287.463, 150
Trd, 2591288.029, 148
Trd, 2591288.213, 148
Trd, 2591288.229, 147
Trd, 2591288.379, 149
Trd, 2591288.896, 130
Trd, 2591289.029, 146
Trd, 2591289.579, 115
Trd, 2591290.829, 138
Trd, 2591291.413, 107
Trd, 2591292.196, 143
Trd, 2591292.413, 120
Trd, 2591292.446, 113
Trd, 2591292.546, 126
Trd, 2591292.596, 112
Trd, 2591292.679, 144
Trd, 2591293.029, 144
Trd, 2591293.179, 118
Trd, 2591293.913, 145
Trd, 2591294.513, 100
Trd, 2591295.529, 100
Trd, 2591295.563, 100
Trd, 2591295.613, 100
Trd, 2591296.329, 111
Trd, 2591296.396, 101
Trd, 2591296.696, 102
Trd, 2591296.713, 104
Trd, 2591296.996, 110
Trd, 2591298.379, 103
Trd, 2591298.429, 104
Trd, 2591298.479, 110
Trd, 2591298.596, 111
Trd, 2591298.679, 150
Trd, 2591300.763, 150
Trd, 2591301.263, 150
Trd, 2591301.463, 150
Trd, 2591302.279, 150
Trd, 2591302.313, 150
Trd, 2591302.379, 150
Trd, 2591302.463, 150
Trd, 2591303.113, 150
Trd, 2591303.796, 150
Trd, 2591303.929, 150
Trd, 2591304.246, 150
Trd, 2591305.013, 150
Trd, 2591305.963, 150
Trd, 2591306.096, 150
Trd, 2591306.379, 150
Trd, 2591306.429, 150
Trd, 2591306.546, 148
Trd, 2591307.146, 147
Trd, 2591307.863, 147
Trd, 2591308.063, 146
Trd, 2591308.079, 145
Trd, 2591308.129, 147
Trd, 2591308.229, 143
Trd, 2591308.263, 128
Trd, 2591308.546, 149
Trd, 2591309.179, 141
Trd, 2591309.329, 115
Trd, 2591309.713, 101
Trd, 2591311.196, 150
Trd, 2591311.229, 150
Trd, 2591311.679, 149
Trd, 2591311.946, 149
Trd, 2591312.179, 149
Trd, 2591312.596, 148
Trd, 2591313.146, 147
Trd, 2591313.646, 146
Trd, 2591313.813, 137
Trd, 2591313.829, 146
Trd, 2591314.213, 124
Trd, 2591314.596, 147
Trd, 2591315.263, 117
Trd, 2591316.063, 146
Trd, 2591316.613, 150
Trd, 2591317.029, 149
Trd, 2591317.096, 145
Trd, 2591317.663, 150
Trd, 2591317.796, 125
Trd, 2591318.063, 143
Trd, 2591318.163, 121
Trd, 2591318.263, 127
Trd, 2591318.546, 106
Trd, 2591318.896, 150
Trd, 2591319.646, 150
Trd, 2591320.379, 150
Trd, 2591320.829, 150
Trd, 2591321.363, 135
Trd, 2591321.613, 133
Trd, 2591322.896, 143
Trd, 2591323.363, 132
Trd, 2591323.613, 140
Trd, 2591323.779, 105
Trd, 2591324.129, 105
Trd, 2591324.629, 105
Trd, 2591324.796, 106
Trd, 2591324.813, 106
Trd, 2591324.879, 123
Trd, 2591325.796, 113
Trd, 2591325.979, 111
Trd, 2591326.679, 112
Trd, 2591326.696, 110
Trd, 2591326.713, 109
Trd, 2591327.013, 123
Trd, 2591327.646, 106
Trd, 2591327.729, 102
Trd, 2591327.996, 100
Trd, 2591328.646, 104
Trd, 2591329.463, 100
Trd, 2591329.763, 101
Trd, 2591331.146, 100
Trd, 2591331.213, 100
Trd, 2591331.729, 100
Trd, 2591332.346, 100
Trd, 2591332.546, 100
Trd, 2591332.629, 100
Trd, 2591332.646, 100
Trd, 2591332.846, 100
Trd, 2591333.013, 100
Trd, 2591333.263, 101
Trd, 2591333.579, 109
Trd, 2591333.663, 110
Trd, 2591334.863, 115
Trd, 2591335.246, 117
Trd, 2591336.263, 109
Trd, 2591336.329, 108
Trd, 2591336.963, 148
Trd, 2591337.329, 142
Trd, 2591337.413, 149
Trd, 2591337.779, 147
Trd, 2591337.929, 145
Trd, 2591338.229, 147
Trd, 2591338.613, 150
Trd, 2591338.896, 146
Trd, 2591339.329, 145
Trd, 2591339.563, 132
Trd, 2591339.813, 122
Trd, 2591340.163, 108
Trd, 2591340.696, 144
Trd, 2591341.696, 100
Trd, 2591341.829, 100
Trd, 2591341.846, 109
Trd, 2591342.096, 100
Trd, 2591342.413, 106
Trd, 2591342.763, 109
Trd, 2591343.746, 100
Trd, 2591344.096, 100
Trd, 2591344.463, 100
Trd, 2591344.513, 100
Trd, 2591344.829, 100
Trd, 2591345.013, 101
Trd, 2591345.363, 100
Trd, 2591346.013, 100
Trd, 2591346.563, 100
Trd, 2591346.596, 100
Trd, 2591346.679, 100
Trd, 2591346.713, 100
Trd, 2591346.929, 100
Trd, 2591347.563, 100
Trd, 2591348.163, 100
Trd, 2591348.646, 100
Trd, 2591349.029, 101
Trd, 2591349.346, 100
Trd, 2591349.496, 101
Trd, 2591349.596, 100
Trd, 2591350.246, 100
Trd, 2591350.746, 102
Trd, 2591351.346, 115
Trd, 2591351.429, 123
Trd, 2591351.946, 150
Trd, 2591352.263, 149
Trd, 2591354.513, 150
Trd, 2591354.646, 150
Trd, 2591355.846, 150
Trd, 2591355.963, 150
Trd, 2591356.029, 150
Trd, 2591356.329, 150
Trd, 2591356.446, 149
Trd, 2591356.813, 149
Trd, 2591357.063, 141
Trd, 2591357.329, 122
Trd, 2591357.513, 148
Trd, 2591357.779, 149
Trd, 2591358.113, 125
Trd, 2591358.629, 100
Trd, 2591358.879, 100
Trd, 2591358.996, 101
Trd, 2591359.179, 102
Trd, 2591359.963, 103
Trd, 2591359.979, 102
Trd, 2591360.013, 104
Trd, 2591360.196, 105
Trd, 2591361.013, 103
Trd, 2591361.196, 104
Trd, 2591361.363, 106
Trd, 2591361.413, 116
Trd, 2591362.429, 107
Trd, 2591362.529, 107
Trd, 2591362.696, 107
Trd, 2591362.813, 106
Trd, 2591362.913, 105
Trd, 2591363.263, 107
Trd, 2591363.546, 109
Trd, 2591364.613, 134
Trd, 2591365.796, 150
Trd, 2591366.646, 150
Trd, 2591367.196, 150
Trd, 2591367.279, 150
Trd, 2591367.313, 150
Trd, 2591367.446, 150
Trd, 2591367.829, 150
Trd, 2591369.079, 150
Trd, 2591369.463, 150
Trd, 2591369.529, 149
Trd, 2591369.546, 149
Trd, 2591370.146, 150
Trd, 2591370.579, 150
Trd, 2591370.663, 148
Trd, 2591371.829, 150
Trd, 2591371.846, 150
Trd, 2591371.929, 150
Trd, 2591372.163, 120
Trd, 2591372.963, 123
Trd, 2591373.379, 146
Trd, 2591373.829, 123
Trd, 2591374.029, 144
Trd, 2591374.596, 141
Trd, 2591374.829, 144
Trd, 2591375.279, 142
Trd, 2591375.313, 141
Trd, 2591375.346, 130
Trd, 2591375.579, 125
Trd, 2591376.046, 123
Trd, 2591376.279, 122
Trd, 2591376.396, 142
Trd, 2591376.446, 144
Trd, 2591376.829, 149
Trd, 2591377.279, 150
Trd, 2591378.479, 149
Trd, 2591379.296, 150
Trd, 2591379.446, 149
Trd, 2591379.729, 148
Trd, 2591380.096, 118
Trd, 2591380.796, 133
Trd, 2591381.179, 134
Trd, 2591382.063, 109
Trd, 2591382.646, 110
Trd, 2591383.046, 110
Trd, 2591383.263, 109
Trd, 2591383.429, 109
Trd, 2591383.613, 108
Trd, 2591383.796, 110
Trd, 2591383.829, 111
Trd, 2591384.479, 113
Trd, 2591384.563, 139
Trd, 2591385.463, 148
Trd, 2591385.913, 111
Trd, 2591386.596, 103
Trd, 2591387.063, 103
Trd, 2591387.529, 104
Trd, 2591388.496, 150
Trd, 2591389.313, 150
Trd, 2591389.363, 150
Trd, 2591389.413, 148
Trd, 2591390.413, 124
Trd, 2591391.013, 150
Trd, 2591391.479, 150
Trd, 2591391.529, 150
Trd, 2591391.713, 129
Trd, 2591391.963, 142
Trd, 2591391.996, 140
Trd, 2591392.379, 140
Trd, 2591392.496, 138
Trd, 2591392.546, 110
Trd, 2591393.046, 111
Trd, 2591393.863, 137
Trd, 2591393.879, 138
Trd, 2591394.013, 129
Trd, 2591394.179, 132
Trd, 2591394.246, 128
Trd, 2591394.313, 134
Trd, 2591394.613, 122
Trd, 2591394.863, 137
Trd, 2591395.413, 124
Trd, 2591395.429, 115
Trd, 2591395.863, 138
Trd, 2591397.663, 107
Trd, 2591398.179, 105
Trd, 2591398.413, 106
Trd, 2591398.479, 103
Trd, 2591398.663, 106
Trd, 2591398.796, 102
Trd, 2591398.963, 106
Trd, 2591398.979, 108
Trd, 2591400.279, 100
Trd, 2591400.346, 101
Trd, 2591400.546, 102
Trd, 2591400.696, 107
Trd, 2591400.896, 100
Trd, 2591401.229, 100
Trd, 2591402.613, 100
Trd, 2591402.679, 100
Trd, 2591402.829, 100
Trd, 2591403.279, 100
Trd, 2591404.279, 100
Trd, 2591404.529, 100
Trd, 2591405.546, 100
Trd, 2591406.229, 103
Trd, 2591406.313, 103
Trd, 2591406.396, 106
Trd, 2591406.413, 107
Trd, 2591407.446, 108
Trd, 2591408.263, 150
Trd, 2591408.429, 150
Trd, 2591408.463, 150
Trd, 2591409.196, 150
Trd, 2591409.229, 150
Trd, 2591409.363, 150
Trd, 2591409.713, 149
Trd, 2591410.146, 148
Trd, 2591410.346, 148
Trd, 2591410.546, 147
Trd, 2591410.746, 129
Trd, 2591410.763, 128
Trd, 2591411.079, 146
Trd, 2591411.246, 108
Trd, 2591411.529, 106
Trd, 2591412.263, 106
Trd, 2591412.613, 135
Trd, 2591412.829, 137
Trd, 2591413.296, 112
Trd, 2591413.479, 132
Trd, 2591413.529, 112
Trd, 2591413.929, 114
Trd, 2591415.229, 121
Trd, 2591415.563, 120
Trd, 2591415.646, 117
Trd, 2591415.729, 120
Trd, 2591415.996, 104
Trd, 2591416.163, 102
Trd, 2591416.413, 118
Trd, 2591416.596, 101
Trd, 2591416.613, 119
Trd, 2591416.763, 122
Trd, 2591417.079, 100
Trd, 2591418.779, 150
Trd, 2591419.346, 150
Trd, 2591419.429, 150
Trd, 2591419.446, 150
Trd, 2591420.113, 150
Trd, 2591420.129, 147
Trd, 2591421.129, 148
Trd, 2591421.763, 150
Trd, 2591422.029, 148
Trd, 2591422.896, 148
Trd, 2591423.046, 147
Trd, 2591423.296, 143
Trd, 2591423.379, 134
Trd, 2591423.563, 133
Trd, 2591424.096, 100
Trd, 2591424.496, 100
Trd, 2591424.746, 100
Trd, 2591424.796, 100
Trd, 2591425.113, 100
Trd, 2591425.629, 100
Trd, 2591425.696, 100
Trd, 2591425.746, 105
Trd, 2591426.546, 101
Trd, 2591426.713, 104
Trd, 2591426.729, 104
Trd, 2591429.479, 100
Trd, 2591429.663, 100
Trd, 2591429.746, 100
Trd, 2591429.763, 100
Trd, 2591430.179, 100
Trd, 2591430.546, 101
Trd, 2591430.879, 101
Trd, 2591430.946, 100
Trd, 2591431.263, 101
Trd, 2591431.746, 101
Trd, 2591431.863, 101
Trd, 2591432.113, 102
Trd, 2591432.196, 102
Trd, 2591432.313, 100
Trd, 2591432.546, 100
Trd, 2591432.979, 109
Trd, 2591433.146, 110
Trd, 2591433.429, 104
Trd, 2591434.213, 113
Trd, 2591434.229, 117
Trd, 2591434.963, 150
Trd, 2591435.029, 138
Trd, 2591435.763, 142
Trd, 2591436.029, 150
Trd, 2591436.329, 150
Trd, 2591437.129, 150
Trd, 2591437.663, 110
Trd, 2591437.729, 130
Trd, 2591438.479, 123
Trd, 2591439.396, 150
Trd, 2591440.596, 150
Trd, 2591440.629, 150
Trd, 2591440.729, 150
Trd, 2591440.779, 150
Trd, 2591440.813, 150
Trd, 2591440.829, 138
Trd, 2591440.979, 150
Trd, 2591442.013, 146
Trd, 2591442.113, 147
Trd, 2591442.363, 145
Trd, 2591442.463, 145
Trd, 2591442.513, 145
Trd, 2591442.746, 144
Trd, 2591442.879, 145
Trd, 2591442.896, 100
Trd, 2591444.496, 149
Trd, 2591444.529, 149
Trd, 2591445.163, 150
Trd, 2591445.896, 150
Trd, 2591446.779, 128
Trd, 2591447.229, 114
Trd, 2591447.496, 140
Trd, 2591447.529, 109
Trd, 2591447.713, 142
Trd, 2591447.913, 142
Trd, 2591448.063, 143
Trd, 2591448.329, 127
Trd, 2591448.613, 145
Trd, 2591448.729, 134
Trd, 2591449.029, 133
Trd, 2591449.213, 145
Trd, 2591449.463, 147
Trd, 2591449.496, 136
Trd, 2591449.596, 136
Trd, 2591450.896, 150
Trd, 2591451.146, 150
Trd, 2591451.396, 149
Trd, 2591451.629, 124
Trd, 2591451.929, 125
Trd, 2591452.163, 124
Trd, 2591452.596, 121
Trd, 2591452.846, 150
Trd, 2591453.179, 149
Trd, 2591454.146, 102
Trd, 2591454.996, 100
Trd, 2591455.413, 100
Trd, 2591455.763, 100
Trd, 2591456.763, 100
Trd, 2591456.946, 100
Trd, 2591457.313, 100
Trd, 2591457.896, 100
Trd, 2591458.013, 100
Trd, 2591458.446, 100
Trd, 2591458.646, 100
Trd, 2591459.396, 100
Trd, 2591459.863, 100
Trd, 2591459.946, 101
Trd, 2591460.329, 101
Trd, 2591460.346, 102
Trd, 2591461.029, 107
Trd, 2591461.246, 102
Trd, 2591461.463, 103
Trd, 2591461.513, 107
Trd, 2591461.796, 132
Trd, 2591462.246, 145
Trd, 2591462.679, 150
Trd, 2591462.913, 150
Trd, 2591463.046, 150
Trd, 2591463.829, 138
Trd, 2591464.279, 138
Trd, 2591464.713, 134
Trd, 2591466.096, 100
Trd, 2591466.296, 100
Trd, 2591466.813, 100
Trd, 2591467.029, 100
Trd, 2591467.146, 100
Trd, 2591467.246, 100
Trd, 2591467.529, 100
Trd, 2591467.663, 148
Trd, 2591467.979, 101
Trd, 2591468.329, 107
Trd, 2591468.763, 141
Trd, 2591469.313, 150
Trd, 2591469.629, 150
Trd, 2591469.863, 142
Trd, 2591470.829, 100
Trd, 2591471.046, 100
Trd, 2591471.113, 100
Trd, 2591471.179, 100
Trd, 2591471.263, 100
Trd, 2591471.279, 100
Trd, 2591471.663, 103
Trd, 2591472.263, 150
Trd, 2591472.396, 149
Trd, 2591472.696, 150
Trd, 2591474.413, 150
Trd, 2591475.613, 150
Trd, 2591476.413, 150
Trd, 2591476.546, 150
Trd, 2591477.279, 150
Trd, 2591477.663, 150
Trd, 2591477.813, 150
Trd, 2591477.829, 150
Trd, 2591477.996, 150
Trd, 2591478.329, 146
Trd, 2591478.363, 136
Trd, 2591479.263, 136
Trd, 2591479.429, 137
Trd, 2591479.479, 131
Trd, 2591479.563, 117
Trd, 2591479.579, 135
Trd, 2591479.846, 112
Trd, 2591481.513, 100
Trd, 2591481.896, 100
Trd, 2591482.263, 100
Trd, 2591482.363, 100
Trd, 2591482.563, 100
Trd, 2591482.979, 100
Trd, 2591483.196, 100
Trd, 2591484.063, 100
Trd, 2591484.079, 100
Trd, 2591484.296, 103
Trd, 2591484.313, 103
Trd, 2591485.263, 100
Trd, 2591485.363, 100
Trd, 2591485.596, 102
Trd, 2591485.913, 114
Trd, 2591486.213, 122
Trd, 2591486.396, 123
Trd, 2591486.679, 109
Trd, 2591487.313, 150
Trd, 2591487.746, 150
Trd, 2591488.763, 150
Trd, 2591489.413, 149
Trd, 2591489.663, 117
Trd, 2591489.829, 115
Trd, 2591490.013, 108
Trd, 2591490.629, 104
Trd, 2591490.929, 100
Trd, 2591491.179, 100
Trd, 2591491.846, 100
Trd, 2591491.863, 100
Trd, 2591492.096, 101
Trd, 2591492.229, 102
Trd, 2591492.413, 105
Trd, 2591492.613, 102
Trd, 2591492.813, 101
Trd, 2591492.946, 107
Trd, 2591493.263, 106
Trd, 2591493.563, 106
Trd, 2591494.096, 105
Trd, 2591494.629, 104
Trd, 2591495.279, 148
Trd, 2591495.729, 138
Trd, 2591496.079, 149
Trd, 2591496.096, 148
Trd, 2591496.313, 103
Trd, 2591497.546, 100
Trd, 2591498.046, 100
Trd, 2591498.063, 100
Trd, 2591498.596, 100
Trd, 2591498.946, 101
Trd, 2591498.979, 104
Trd, 2591499.429, 103
Trd, 2591500.113, 101
Trd, 2591500.979, 101
Trd, 2591500.996, 104
Trd, 2591501.896, 103
Trd, 2591502.246, 150
Trd, 2591502.263, 149
Trd, 2591502.846, 100
Trd, 2591503.646, 104
Trd, 2591503.729, 105
Trd, 2591503.946, 106
Trd, 2591504.279, 109
Trd, 2591504.379, 109
Trd, 2591504.729, 140
Trd, 2591505.863, 150
Trd, 2591506.346, 150
Trd, 2591506.996, 150
Trd, 2591507.796, 150
Trd, 2591508.063, 150
Trd, 2591508.196, 150
Trd, 2591508.246, 150
Trd, 2591508.479, 150
Trd, 2591508.829, 150
Trd, 2591509.079, 150
Trd, 2591510.196, 150
Trd, 2591510.646, 150
Trd, 2591510.696, 150
Trd, 2591511.529, 150
Trd, 2591511.546, 150
Trd, 2591511.729, 150
Trd, 2591511.763, 150
Trd, 2591511.846, 150
Trd, 2591511.979, 150
Trd, 2591512.063, 149
Trd, 2591512.713, 146
Trd, 2591512.796, 140
Trd, 2591513.046, 134
Trd, 2591513.163, 129
Trd, 2591513.663, 120
Trd, 2591513.913, 150
Trd, 2591514.963, 150
Trd, 2591515.113, 149
Trd, 2591515.429, 149
Trd, 2591515.629, 148
Trd, 2591515.979, 113
Trd, 2591516.563, 100
Trd, 2591516.913, 105
Trd, 2591517.396, 100
Trd, 2591517.413, 106
Trd, 2591517.779, 106
Trd, 2591517.863, 124
Trd, 2591518.879, 107
Trd, 2591519.496, 100
Trd, 2591520.346, 100
Trd, 2591520.546, 100
Trd, 2591520.863, 100
Trd, 2591521.279, 108
Trd, 2591521.346, 109
Trd, 2591521.779, 150
Trd, 2591521.996, 117
Trd, 2591522.113, 142
Trd, 2591522.296, 120
Trd, 2591523.579, 150
Trd, 2591524.813, 150
Trd, 2591525.279, 150
Trd, 2591525.329, 150
Trd, 2591525.346, 150
Trd, 2591525.513, 150
Trd, 2591525.596, 150
Trd, 2591525.629, 150
Trd, 2591525.796, 150
Trd, 2591525.996, 150
Trd, 2591527.796, 150
Trd, 2591527.879, 150
Trd, 2591528.079, 149
Trd, 2591528.096, 149
Trd, 2591528.229, 149
Trd, 2591528.429, 148
Trd, 2591528.713, 149
Trd, 2591530.079, 150
Trd, 2591530.196, 150
Trd, 2591531.513, 150
Trd, 2591531.646, 150
Trd, 2591532.096, 149
Trd, 2591532.429, 146
Trd, 2591532.796, 149
Trd, 2591533.029, 143
Trd, 2591533.079, 137
Trd, 2591533.529, 102
Trd, 2591533.663, 112
Trd, 2591534.313, 102
Trd, 2591534.363, 101
Trd, 2591534.413, 103
Trd, 2591534.529, 104
Trd, 2591534.663, 109
Trd, 2591534.779, 137
Trd, 2591535.079, 100
Trd, 2591535.746, 106
Trd, 2591536.646, 108
Trd, 2591537.746, 100
Trd, 2591537.829, 100
Trd, 2591537.879, 103
Trd, 2591538.413, 101
Trd, 2591538.546, 146
Trd, 2591538.796, 103
Trd, 2591539.113, 103
Trd, 2591540.629, 100
Trd, 2591540.863, 100
Trd, 2591541.013, 101
Trd, 2591541.146, 101
Trd, 2591541.263, 103
Trd, 2591541.379, 109
Trd, 2591541.413, 131
Trd, 2591542.263, 131
Trd, 2591543.363, 150
Trd, 2591543.996, 150
Trd, 2591544.063, 150
Trd, 2591544.429, 150
Trd, 2591544.796, 150
Trd, 2591545.246, 150
Trd, 2591545.646, 150
Trd, 2591546.129, 150
Trd, 2591546.263, 150
Trd, 2591546.429, 150
Trd, 2591546.446, 150
Trd, 2591546.546, 150
Trd, 2591546.846, 150
Trd, 2591546.963, 150
Trd, 2591547.129, 150
Trd, 2591547.263, 150
Trd, 2591547.329, 150
Trd, 2591547.513, 144
Trd, 2591548.663, 141
Trd, 2591548.679, 118
Trd, 2591549.463, 100
Trd, 2591549.613, 101
Trd, 2591550.629, 100
Trd, 2591551.246, 100
Trd, 2591552.263, 100
Trd, 2591552.279, 100
Trd, 2591552.463, 100
Trd, 2591552.496, 102
Trd, 2591552.746, 100
Trd, 2591553.046, 103
Trd, 2591553.213, 134
Trd, 2591553.446, 104
Trd, 2591553.629, 134
Trd, 2591554.413, 150
Trd, 2591554.613, 150
Trd, 2591555.313, 150
Trd, 2591555.763, 150
Trd, 2591555.896, 148
Trd, 2591557.446, 150
Trd, 2591558.163, 150
Trd, 2591558.296, 150
Trd, 2591558.613, 150
Trd, 2591558.713, 150
Trd, 2591559.396, 149
Trd, 2591559.779, 139
Trd, 2591559.879, 112
Trd, 2591560.213, 149
Trd, 2591560.513, 141
Trd, 2591560.829, 147
Trd, 2591560.963, 143
Trd, 2591561.596, 143
Trd, 2591562.429, 100
Trd, 2591562.563, 100
Trd, 2591562.996, 100
Trd, 2591563.146, 100
Trd, 2591563.529, 100
Trd, 2591563.729, 100
Trd, 2591563.946, 100
Trd, 2591564.963, 100
Trd, 2591565.013, 100
Trd, 2591565.263, 100
Trd, 2591565.413, 100
Trd, 2591565.713, 100
Trd, 2591566.146, 100
Trd, 2591566.229, 100
Trd, 2591566.396, 101
Trd, 2591566.713, 103
Trd, 2591566.729, 104
Trd, 2591566.896, 103
Trd, 2591568.096, 100
Trd, 2591568.463, 100
Trd, 2591568.763, 101
Trd, 2591570.013, 100
Trd, 2591570.163, 100
Trd, 2591570.363, 100
Trd, 2591570.696, 100
Trd, 2591571.113, 100
Trd, 2591571.279, 100
Trd, 2591571.863, 100
Trd, 2591571.896, 100
Trd, 2591571.979, 106
Trd, 2591572.879, 101
Trd, 2591573.246, 103
Trd, 2591573.413, 104
Trd, 2591573.813, 116
Trd, 2591574.429, 141
Trd, 2591576.446, 150
Trd, 2591576.963, 150
Trd, 2591577.946, 150
Trd, 2591578.863, 150
Trd, 2591578.963, 150
Trd, 2591579.329, 150
Trd, 2591579.463, 150
Trd, 2591579.513, 150
Trd, 2591579.629, 150
Trd, 2591579.729, 150
Trd, 2591579.746, 150
Trd, 2591579.763, 149
Trd, 2591579.779, 148
Trd, 2591579.846, 147
Trd, 2591580.263, 129
Trd, 2591581.263, 141
Trd, 2591581.313, 146
Trd, 2591581.663, 143
Trd, 2591581.813, 137
Trd, 2591581.913, 143
Trd, 2591581.946, 144
Trd, 2591581.979, 147
Trd, 2591582.179, 136
Trd, 2591582.213, 147
Trd, 2591582.229, 112
Trd, 2591582.513, 105
Trd, 2591582.846, 134
Trd, 2591584.246, 104
Trd, 2591584.863, 105
Trd, 2591585.379, 107
Trd, 2591585.779, 131
Trd, 2591586.479, 132
Trd, 2591586.629, 103
Trd, 2591587.446, 101
Trd, 2591587.479, 101
Trd, 2591587.879, 101
Trd, 2591588.363, 100
Trd, 2591588.913, 100
Trd, 2591589.329, 100
Trd, 2591589.613, 100
Trd, 2591589.963, 100
Trd, 2591590.096, 100
Trd, 2591590.429, 100
Trd, 2591590.779, 101
Trd, 2591591.729, 103
Trd, 2591591.963, 105
Trd, 2591592.063, 104
Trd, 2591592.263, 104
Trd, 2591592.546, 107
Trd, 2591592.729, 106
Trd, 2591592.846, 104
Trd, 2591593.246, 107
Trd, 2591593.513, 102
Trd, 2591594.563, 100
Trd, 2591594.629, 108
Trd, 2591596.513, 103
Trd, 2591596.846, 100
Trd, 2591597.013, 101
Trd, 2591597.163, 129
Trd, 2591597.796, 100
Trd, 2591597.846, 100
Trd, 2591598.463, 100
Trd, 2591598.613, 101
Trd, 2591599.463, 102
Trd, 2591599.729, 100
Trd, 2591600.346, 102
Trd, 2591600.613, 103
Trd, 2591600.713, 112
Trd, 2591601.663, 150
Trd, 2591602.246, 150
Trd, 2591602.296, 150
Trd, 2591602.463, 150
Trd, 2591602.646, 150
Trd, 2591602.913, 150
Trd, 2591602.979, 150
Trd, 2591603.246, 150
Trd, 2591603.863, 150
Trd, 2591604.513, 150
Trd, 2591604.913, 150
Trd, 2591605.696, 150
Trd, 2591605.946, 150
Trd, 2591606.313, 150
Trd, 2591606.463, 150
Trd, 2591606.746, 149
Trd, 2591607.113, 149
Trd, 2591607.213, 150
Trd, 2591607.346, 148
Trd, 2591607.646, 150
Trd, 2591608.379, 150
Trd, 2591608.463, 149
Trd, 2591608.846, 148
Trd, 2591609.063, 147
Trd, 2591609.163, 147
Trd, 2591609.596, 135
Trd, 2591610.713, 150
Trd, 2591611.229, 150
Trd, 2591611.446, 130
Trd, 2591611.763, 145
Trd, 2591612.129, 110
Trd, 2591612.163, 110
Trd, 2591612.313, 109
Trd, 2591612.596, 100
Trd, 2591612.646, 110
Trd, 2591613.713, 103
Trd, 2591614.463, 102
Trd, 2591614.696, 101
Trd, 2591614.779, 103
Trd, 2591614.796, 104
Trd, 2591615.146, 104
Trd, 2591615.446, 103
Trd, 2591615.746, 117
Trd, 2591616.179, 131
Trd, 2591616.713, 150
Trd, 2591616.963, 150
Trd, 2591619.129, 150
Trd, 2591619.196, 150
Trd, 2591619.379, 150
Trd, 2591620.963, 150
Trd, 2591621.113, 150
Trd, 2591621.213, 150
Trd, 2591621.329, 150
Trd, 2591621.729, 149
Trd, 2591622.213, 149
Trd, 2591622.363, 149
Trd, 2591622.696, 147
Trd, 2591622.729, 148
Trd, 2591622.746, 145
Trd, 2591622.979, 149
Trd, 2591623.196, 148
Trd, 2591623.263, 147
Trd, 2591623.479, 133
Trd, 2591623.563, 133
Trd, 2591623.696, 141
Trd, 2591624.229, 150
Trd, 2591624.313, 150
Trd, 2591625.013, 146
Trd, 2591625.329, 148
Trd, 2591626.296, 150
Trd, 2591626.713, 150
Trd, 2591627.829, 150
Trd, 2591628.029, 150
Trd, 2591628.546, 150
Trd, 2591629.113, 150
Trd, 2591629.146, 150
Trd, 2591630.146, 150
Trd, 2591630.379, 150
Trd, 2591630.763, 150
Trd, 2591631.129, 149
Trd, 2591631.746, 150
Trd, 2591631.863, 141
Trd, 2591632.029, 147
Trd, 2591632.096, 146
Trd, 2591632.746, 127
Trd, 2591633.313, 114
Trd, 2591633.513, 121
Trd, 2591633.863, 127
Trd, 2591634.396, 123
Trd, 2591634.463, 123
Trd, 2591634.763, 121
Trd, 2591634.813, 121
Trd, 2591635.596, 108
Trd, 2591635.879, 109
Trd, 2591636.613, 107
Trd, 2591636.779, 111
Trd, 2591637.346, 112
Trd, 2591638.246, 104
Trd, 2591638.996, 100
Trd, 2591640.363, 100
Trd, 2591640.563, 100
Trd, 2591640.696, 100
Trd, 2591640.713, 101
Trd, 2591641.746, 100
Trd, 2591641.813, 100
Trd, 2591642.029, 100
Trd, 2591642.113, 100
Trd, 2591642.146, 100
Trd, 2591642.429, 102
Trd, 2591642.479, 102
Trd, 2591642.763, 102
Trd, 2591643.213, 101
Trd, 2591643.263, 104
Trd, 2591643.579, 106
Trd, 2591643.629, 105
Trd, 2591644.013, 105
Trd, 2591644.213, 110
Trd, 2591644.313, 111
Trd, 2591644.446, 121
Trd, 2591644.513, 122
Trd, 2591644.879, 146
Trd, 2591645.279, 148
Trd, 2591645.746, 150
Trd, 2591645.779, 149
Trd, 2591645.863, 148
Trd, 2591645.896, 135
Trd, 2591646.696, 150
Trd, 2591646.813, 149
Trd, 2591646.879, 146
Trd, 2591647.496, 134
Trd, 2591648.596, 131
Trd, 2591648.696, 130
Trd, 2591648.796, 131
Trd, 2591649.296, 143
Trd, 2591650.413, 150
Trd, 2591651.463, 150
Trd, 2591652.546, 150
Trd, 2591653.296, 150
Trd, 2591653.346, 150
Trd, 2591653.579, 149
Trd, 2591653.879, 149
Trd, 2591654.713, 112
Trd, 2591654.813, 112
Trd, 2591655.046, 111
Trd, 2591655.696, 109
Trd, 2591656.329, 100
Trd, 2591657.163, 100
Trd, 2591657.213, 100
Trd, 2591657.296, 107
Trd, 2591657.529, 111
Trd, 2591657.613, 105
Trd, 2591657.679, 139
Trd, 2591659.079, 150
Trd, 2591659.096, 150
Trd, 2591659.829, 150
Trd, 2591659.963, 150
Trd, 2591660.296, 115
Trd, 2591660.379, 104
Trd, 2591661.113, 101
Trd, 2591661.346, 100
Trd, 2591661.796, 100
Trd, 2591661.946, 100
Trd, 2591662.513, 100
Trd, 2591662.713, 102
Trd, 2591662.963, 102
Trd, 2591663.196, 106
Trd, 2591663.929, 104
Trd, 2591664.179, 103
Trd, 2591664.329, 103
Trd, 2591664.479, 102
Trd, 2591665.013, 101
Trd, 2591665.179, 101
Trd, 2591665.863, 101
Trd, 2591666.379, 100
Trd, 2591666.613, 100
Trd, 2591666.696, 101
Trd, 2591666.929, 103
Trd, 2591667.046, 106
Trd, 2591668.446, 100
Trd, 2591668.613, 102
Trd, 2591668.763, 106
Trd, 2591669.063, 108
Trd, 2591669.213, 100
Trd, 2591670.113, 100
Trd, 2591670.396, 100
Trd, 2591670.913, 100
Trd, 2591671.079, 100
Trd, 2591671.179, 100
Trd, 2591671.213, 100
Trd, 2591671.896, 102
Trd, 2591672.096, 103
Trd, 2591672.929, 148
Trd, 2591673.229, 150
Trd, 2591674.029, 150
Trd, 2591674.546, 150
Trd, 2591674.563, 150
Trd, 2591674.929, 150
Trd, 2591675.063, 150
Trd, 2591675.079, 150
Trd, 2591676.246, 150
Trd, 2591676.563, 150
Trd, 2591676.729, 150
Trd, 2591676.763, 150
Trd, 2591677.179, 149
Trd, 2591677.696, 149
Trd, 2591678.329, 149
Trd, 2591678.613, 149
Trd, 2591678.813, 148
Trd, 2591678.846, 147
Trd, 2591679.046, 139
Trd, 2591679.246, 134
Trd, 2591679.346, 112
Trd, 2591680.546, 110
Trd, 2591680.963, 107
Trd, 2591682.379, 100
Trd, 2591682.479, 100
Trd, 2591682.729, 100
Trd, 2591683.046, 103
Trd, 2591683.296, 103
Trd, 2591683.513, 104
Trd, 2591683.813, 100
Trd, 2591684.696, 104
Trd, 2591684.746, 121
Trd, 2591684.996, 130
Trd, 2591685.213, 129
Trd, 2591685.296, 131
Trd, 2591685.529, 149
Trd, 2591686.413, 150
Trd, 2591686.929, 150
Trd, 2591688.163, 150
Trd, 2591688.513, 150
Trd, 2591689.829, 150
Trd, 2591689.929, 150
Trd, 2591690.513, 150
Trd, 2591690.996, 150
Trd, 2591691.113, 150
Trd, 2591691.179, 150
Trd, 2591691.313, 126
Trd, 2591692.163, 150
Trd, 2591692.613, 150
Trd, 2591692.679, 150
Trd, 2591692.729, 150
Trd, 2591692.863, 138
Trd, 2591693.179, 149
Trd, 2591693.263, 150
Trd, 2591693.363, 138
Trd, 2591693.796, 148
Trd, 2591694.696, 142
Trd, 2591695.163, 137
Trd, 2591695.279, 106
Trd, 2591695.529, 100
Trd, 2591695.779, 102
Trd, 2591695.963, 100
Trd, 2591696.379, 100
Trd, 2591696.413, 103
Trd, 2591696.746, 102
Trd, 2591697.513, 101
Trd, 2591697.679, 102
Trd, 2591697.729, 104
Trd, 2591698.229, 104
Trd, 2591698.763, 102
Trd, 2591699.696, 104
Trd, 2591699.763, 103
Trd, 2591699.796, 104
Trd, 2591700.179, 103
Trd, 2591700.296, 105
Trd, 2591700.846, 105
Trd, 2591700.879, 106
Trd, 2591701.346, 103
Trd, 2591701.779, 146
Trd, 2591702.379, 102
Trd, 2591702.479, 104
Trd, 2591703.096, 146
Trd, 2591703.496, 120
Trd, 2591703.796, 119
Trd, 2591706.146, 100
Trd, 2591706.496, 100
Trd, 2591706.679, 100
Trd, 2591706.713, 102
Trd, 2591706.913, 101
Trd, 2591707.196, 102
Trd, 2591707.246, 102
Trd, 2591707.479, 104
Trd, 2591707.696, 110
Trd, 2591708.146, 110
Trd, 2591709.479, 119
Trd, 2591709.729, 113
Trd, 2591709.963, 142
Trd, 2591710.513, 150
Trd, 2591710.996, 150
Trd, 2591711.413, 150
Trd, 2591711.463, 150
Trd, 2591712.013, 150
Trd, 2591712.613, 150
Trd, 2591712.646, 150
Trd, 2591712.679, 150
Trd, 2591713.013, 150
Trd, 2591713.279, 149
Trd, 2591713.529, 150
Trd, 2591713.896, 149
Trd, 2591714.196, 148
Trd, 2591715.213, 109
Trd, 2591715.629, 111
Trd, 2591715.713, 101
Trd, 2591716.246, 113
Trd, 2591717.446, 115
Trd, 2591717.463, 116
Trd, 2591718.496, 104
Trd, 2591718.863, 104
Trd, 2591719.496, 100
Trd, 2591719.779, 100
Trd, 2591719.929, 100
Trd, 2591720.163, 100
Trd, 2591720.229, 100
Trd, 2591720.429, 100
Trd, 2591720.596, 100
Trd, 2591720.696, 100
Trd, 2591720.996, 105
Trd, 2591721.079, 123
Trd, 2591721.996, 117
Trd, 2591722.079, 116
Trd, 2591722.096, 112
Trd, 2591722.113, 134
Trd, 2591722.863, 115
Trd, 2591723.013, 106
Trd, 2591724.463, 150
Trd, 2591724.863, 150
Trd, 2591725.213, 150
Trd, 2591725.846, 150
Trd, 2591726.296, 150
Trd, 2591726.463, 150
Trd, 2591726.563, 150
Trd, 2591726.579, 150
Trd, 2591727.096, 150
Trd, 2591727.579, 150
Trd, 2591728.229, 150
Trd, 2591728.396, 150
Trd, 2591728.513, 150
Trd, 2591728.779, 149
Trd, 2591729.063, 149
Trd, 2591729.179, 128
Trd, 2591729.313, 150
Trd, 2591729.463, 148
Trd, 2591729.596, 144
Trd, 2591730.213, 123
Trd, 2591730.229, 110
Trd, 2591731.296, 150
Trd, 2591732.213, 150
Trd, 2591732.346, 150
Trd, 2591732.963, 149
Trd, 2591733.846, 150
Trd, 2591734.096, 150
Trd, 2591734.246, 150
Trd, 2591735.013, 150
Trd, 2591735.213, 150
Trd, 2591735.663, 150
Trd, 2591736.129, 108
Trd, 2591736.329, 108
Trd, 2591737.429, 100
Trd, 2591737.696, 100
Trd, 2591738.213, 100
Trd, 2591738.363, 100
Trd, 2591738.379, 101
Trd, 2591738.779, 101
Trd, 2591738.879, 102
Trd, 2591739.013, 105
Trd, 2591739.479, 111
Trd, 2591739.529, 117
Trd, 2591740.229, 147
Trd, 2591741.813, 150
Trd, 2591741.979, 150
Trd, 2591742.213, 150
Trd, 2591742.246, 150
Trd, 2591742.396, 149
Trd, 2591742.779, 148
Trd, 2591743.396, 150
Trd, 2591743.663, 150
Trd, 2591744.046, 150
Trd, 2591744.129, 136
Trd, 2591744.413, 148
Trd, 2591745.396, 101
Trd, 2591745.413, 136
Trd, 2591745.763, 107
Trd, 2591745.863, 102
Trd, 2591746.079, 137
Trd, 2591746.279, 140
Trd, 2591747.013, 150
Trd, 2591748.063, 143
Trd, 2591748.213, 142
Trd, 2591748.246, 150
Trd, 2591748.496, 131
Trd, 2591749.129, 127
Trd, 2591749.563, 144
Trd, 2591749.679, 138
Trd, 2591750.046, 123
Trd, 2591750.463, 133
Trd, 2591750.613, 102
Trd, 2591751.146, 100
Trd, 2591751.529, 108
Trd, 2591751.913, 122
Trd, 2591753.146, 101
Trd, 2591754.746, 128
Trd, 2591754.929, 128
Trd, 2591755.179, 128
Trd, 2591755.346, 127
Trd, 2591755.446, 124
Trd, 2591755.513, 110
Trd, 2591755.746, 129
Trd, 2591755.946, 131
Trd, 2591756.096, 149
Trd, 2591756.679, 106
Trd, 2591756.929, 105
Trd, 2591757.063, 105
Trd, 2591757.563, 104
Trd, 2591757.746, 115
Trd, 2591758.029, 115
Trd, 2591758.113, 109
Trd, 2591758.196, 128
Trd, 2591759.296, 101
Trd, 2591759.379, 106
Trd, 2591759.613, 107
Trd, 2591760.696, 150
Trd, 2591760.729, 150
Trd, 2591760.829, 148
Trd, 2591761.479, 146
Trd, 2591761.679, 145
Trd, 2591762.446, 116
Trd, 2591763.446, 150
Trd, 2591763.763, 150
Trd, 2591764.546, 150
Trd, 2591764.729, 150
Trd, 2591765.013, 148
Trd, 2591765.029, 148
Trd, 2591765.263, 147
Trd, 2591766.213, 150
Trd, 2591766.346, 149
Trd, 2591767.213, 117
Trd, 2591767.263, 114
Trd, 2591767.379, 144
Trd, 2591767.763, 145
Trd, 2591767.846, 144
Trd, 2591767.946, 145
Trd, 2591768.129, 127
Trd, 2591768.296, 138
Trd, 2591768.496, 143
Trd, 2591768.513, 144
Trd, 2591769.913, 100
Trd, 2591770.479, 107
Trd, 2591771.213, 100
Trd, 2591771.229, 100
Trd, 2591772.029, 144
Trd, 2591773.579, 150
Trd, 2591774.029, 150
Trd, 2591774.446, 150
Trd, 2591775.029, 150
Trd, 2591775.463, 150
Trd, 2591775.679, 150
Trd, 2591776.113, 150
Trd, 2591776.379, 150
Trd, 2591776.579, 150
Trd, 2591776.829, 149
Trd, 2591776.896, 127
Trd, 2591777.113, 128
Trd, 2591777.446, 147
Trd, 2591777.679, 123
Trd, 2591777.979, 119
Trd, 2591778.363, 103
Trd, 2591778.413, 104
Trd, 2591780.613, 100
Trd, 2591780.813, 100
Trd, 2591780.879, 100
Trd, 2591781.179, 100
Trd, 2591781.446, 100
Trd, 2591781.596, 100
Trd, 2591781.763, 102
Trd, 2591781.913, 100
Trd, 2591782.079, 101
Trd, 2591782.313, 100
Trd, 2591782.529, 101
Trd, 2591782.729, 104
Trd, 2591783.079, 111
Trd, 2591783.129, 104
Trd, 2591783.246, 136
Trd, 2591783.829, 150
Trd, 2591785.129, 150
Trd, 2591785.679, 150
Trd, 2591785.813, 150
Trd, 2591786.446, 150
Trd, 2591786.613, 150
Trd, 2591787.363, 150
Trd, 2591787.513, 150
Trd, 2591787.946, 150
Trd, 2591787.963, 150
Trd, 2591788.079, 150
Trd, 2591788.146, 150
Trd, 2591788.263, 150
Trd, 2591788.279, 148
Trd, 2591788.646, 144
Trd, 2591789.279, 146
Trd, 2591790.946, 148
Trd, 2591791.146, 134
Trd, 2591791.929, 147
Trd, 2591792.063, 131
Trd, 2591792.196, 130
Trd, 2591792.713, 135
Trd, 2591793.596, 144
Trd, 2591793.763, 145
Trd, 2591794.063, 150
Trd, 2591794.079, 150
Trd, 2591794.596, 145
Trd, 2591794.879, 144
Trd, 2591795.096, 144
Trd, 2591795.346, 144
Trd, 2591795.529, 145
Trd, 2591795.663, 144
Trd, 2591796.046, 134
Trd, 2591796.613, 137
Trd, 2591796.746, 136
Trd, 2591797.246, 146
Trd, 2591797.263, 130
Trd, 2591797.596, 146
Trd, 2591797.863, 147
Trd, 2591798.163, 120
Trd, 2591798.796, 149
Trd, 2591800.096, 100
Trd, 2591800.379, 100
Trd, 2591800.496, 100
Trd, 2591800.679, 104
Trd, 2591801.363, 101
Trd, 2591801.463, 102
Trd, 2591801.946, 103
Trd, 2591802.179, 104
Trd, 2591802.979, 132
Trd, 2591803.413, 140
Trd, 2591804.529, 133
Trd, 2591805.913, 150
Trd, 2591806.479, 150
Trd, 2591806.579, 150
Trd, 2591807.679, 150
Trd, 2591808.046, 150
Trd, 2591808.179, 150
Trd, 2591808.296, 150
Trd, 2591808.846, 150
Trd, 2591809.246, 150
Trd, 2591809.313, 150
Trd, 2591809.446, 150
Trd, 2591809.596, 135
Trd, 2591809.613, 149
Trd, 2591810.213, 145
Trd, 2591810.663, 145
Trd, 2591810.696, 113
Trd, 2591810.829, 135
Trd, 2591811.679, 140
Trd, 2591811.813, 107
Trd, 2591812.713, 100
Trd, 2591812.746, 104
Trd, 2591813.163, 102
Trd, 2591813.213, 101
Trd, 2591813.713, 131
Trd, 2591814.029, 120
Trd, 2591814.513, 131
Trd, 2591814.563, 133
Trd, 2591814.746, 116
Trd, 2591814.829, 115
Trd, 2591815.463, 113
Trd, 2591815.646, 103
Trd, 2591816.313, 110
Trd, 2591816.729, 107
Trd, 2591816.846, 107
Trd, 2591817.479, 100
Trd, 2591817.713, 100
Trd, 2591818.346, 102
Trd, 2591818.563, 101
Trd, 2591819.146, 100
Trd, 2591820.863, 100
Trd, 2591820.913, 100
Trd, 2591821.479, 101
Trd, 2591821.513, 101
Trd, 2591821.746, 102
Trd, 2591821.913, 103
Trd, 2591822.029, 104
Trd, 2591822.329, 106
Trd, 2591822.629, 126
Trd, 2591822.646, 107
Trd, 2591823.196, 117
Trd, 2591823.363, 111
Trd, 2591823.529, 114
Trd, 2591823.729, 131
Trd, 2591824.763, 145
Trd, 2591825.529, 124
Trd, 2591826.179, 127
Trd, 2591826.313, 139
Trd, 2591826.496, 129
Trd, 2591826.663, 128
Trd, 2591826.713, 126
Trd, 2591827.479, 125
Trd, 2591827.913, 139
Trd, 2591827.946, 123
Trd, 2591828.263, 127
Trd, 2591828.463, 111
Trd, 2591829.629, 134
Trd, 2591830.179, 130
Trd, 2591830.279, 118
Trd, 2591830.329, 131
Trd, 2591830.929, 128
Trd, 2591831.029, 129
Trd, 2591831.313, 120
Trd, 2591831.429, 119
Trd, 2591831.463, 118
Trd, 2591831.779, 113
Trd, 2591832.313, 107
Trd, 2591832.496, 108
Trd, 2591832.546, 128
Trd, 2591832.763, 129
Trd, 2591833.013, 131
Trd, 2591833.796, 101
Trd, 2591834.946, 100
Trd, 2591835.163, 100
Trd, 2591836.196, 100
Trd, 2591836.396, 101
Trd, 2591837.063, 103
Trd, 2591837.846, 101
Trd, 2591838.429, 101
Trd, 2591838.846, 109
Trd, 2591838.979, 103
Trd, 2591839.613, 115
Trd, 2591839.846, 112
Trd, 2591840.096, 112
Trd, 2591840.163, 111
Trd, 2591840.346, 113
Trd, 2591840.496, 111
Trd, 2591840.663, 114
Trd, 2591840.746, 127
Trd, 2591841.079, 111
Trd, 2591841.313, 111
Trd, 2591841.446, 111
Trd, 2591841.813, 150
Trd, 2591842.196, 150
Trd, 2591842.513, 116
Trd, 2591842.813, 143
Trd, 2591843.413, 144
Trd, 2591843.679, 144
Trd, 2591844.846, 105
Trd, 2591846.213, 101
Trd, 2591846.346, 101
Trd, 2591846.496, 102
Trd, 2591846.996, 102
Trd, 2591847.196, 102
Trd, 2591847.379, 105
Trd, 2591847.579, 108
Trd, 2591847.963, 119
Trd, 2591848.596, 108
Trd, 2591848.646, 109
Trd, 2591848.946, 141
Trd, 2591849.196, 141
Trd, 2591849.929, 150
Trd, 2591850.079, 150
Trd, 2591850.363, 150
Trd, 2591850.529, 150
Trd, 2591851.196, 150
Trd, 2591851.379, 150
Trd, 2591852.213, 150
Trd, 2591852.329, 149
Trd, 2591852.346, 149
Trd, 2591852.729, 140
Trd, 2591852.813, 140
Trd, 2591853.646, 136
Trd, 2591854.713, 127
Trd, 2591854.979, 125
Trd, 2591855.046, 124
Trd, 2591855.163, 125
Trd, 2591855.196, 113
Trd, 2591855.279, 126
Trd, 2591855.479, 110
Trd, 2591855.563, 132
Trd, 2591855.629, 133
Trd, 2591856.263, 101
Trd, 2591856.546, 102
Trd, 2591857.213, 100
Trd, 2591858.463, 100
Trd, 2591858.879, 100
Trd, 2591859.813, 101
Trd, 2591859.879, 101
Trd, 2591860.013, 100
Trd, 2591860.596, 102
Trd, 2591861.296, 100
Trd, 2591861.429, 100
Trd, 2591862.413, 100
Trd, 2591862.563, 100
Trd, 2591862.813, 101
Trd, 2591863.113, 103
Trd, 2591863.496, 105
Trd, 2591863.563, 106
Trd, 2591863.696, 140
Trd, 2591864.163, 144
Trd, 2591864.196, 143
Trd, 2591864.713, 146
Trd, 2591865.863, 148
Trd, 2591866.463, 115
Trd, 2591866.763, 150
Trd, 2591867.079, 149
Trd, 2591867.846, 150
Trd, 2591868.029, 149
Trd, 2591868.346, 133
Trd, 2591868.529, 136
Trd, 2591869.063, 114
Trd, 2591869.629, 100
Trd, 2591869.796, 100
Trd, 2591870.263, 100
Trd, 2591870.429, 100
Trd, 2591870.613, 100
Trd, 2591870.863, 100
Trd, 2591871.413, 100
Trd, 2591871.579, 100
Trd, 2591871.963, 101
Trd, 2591872.079, 101
Trd, 2591872.146, 100
Trd, 2591872.579, 100
Trd, 2591872.696, 101
Trd, 2591874.413, 111
Trd, 2591874.463, 132
Trd, 2591874.929, 116
Trd, 2591875.079, 117
Trd, 2591875.746, 117
Trd, 2591875.913, 123
Trd, 2591875.979, 142
Trd, 2591876.263, 144
Trd, 2591876.546, 118
Trd, 2591876.779, 120
Trd, 2591877.013, 141
Trd, 2591877.046, 140
Trd, 2591877.446, 119
Trd, 2591877.996, 140
Trd, 2591878.479, 147
Trd, 2591878.713, 138
Trd, 2591880.796, 150
Trd, 2591880.813, 150
Trd, 2591880.879, 142
Trd, 2591881.096, 146
Trd, 2591881.313, 140
Trd, 2591882.196, 142
Trd, 2591882.429, 139
Trd, 2591884.129, 150
Trd, 2591885.229, 150
Trd, 2591885.446, 150
Trd, 2591885.513, 150
Trd, 2591885.529, 150
Trd, 2591885.629, 149
Trd, 2591885.713, 149
Trd, 2591886.163, 138
Trd, 2591886.379, 145
Trd, 2591887.413, 101
Trd, 2591887.596, 133
Trd, 2591887.813, 132
Trd, 2591888.963, 100
Trd, 2591888.979, 100
Trd, 2591888.996, 100
Trd, 2591889.163, 100
Trd, 2591889.196, 100
Trd, 2591889.263, 101
Trd, 2591889.563, 101
Trd, 2591890.163, 100
Trd, 2591890.213, 102
Trd, 2591890.796, 131
Trd, 2591891.063, 150
Trd, 2591891.246, 134
Trd, 2591891.529, 123
Trd, 2591891.946, 126
Trd, 2591893.046, 150
Trd, 2591893.463, 150
Trd, 2591893.513, 148
Trd, 2591893.696, 103
Trd, 2591894.963, 100
Trd, 2591895.813, 100
Trd, 2591895.913, 100
Trd, 2591896.213, 100
Trd, 2591896.963, 100
Trd, 2591896.996, 100
Trd, 2591897.479, 100
Trd, 2591897.713, 100
Trd, 2591898.329, 100
Trd, 2591898.479, 100
Trd, 2591898.579, 103
Trd, 2591898.829, 102
Trd, 2591899.313, 101
Trd, 2591899.529, 102
Trd, 2591899.713, 102
Trd, 2591899.913, 103
Trd, 2591900.113, 101
Trd, 2591900.579, 100
Trd, 2591900.629, 101
Trd, 2591901.379, 100
Trd, 2591901.763, 107
Trd, 2591901.879, 108
Trd, 2591902.146, 136
Trd, 2591902.529, 137
Trd, 2591903.246, 150
Trd, 2591904.546, 150
Trd, 2591905.063, 150
Trd, 2591905.313, 150
Trd, 2591905.863, 146
Trd, 2591906.029, 143
Trd, 2591906.296, 125
Trd, 2591906.379, 118
Trd, 2591907.163, 100
Trd, 2591907.313, 102
Trd, 2591907.446, 140
Trd, 2591908.046, 101
Trd, 2591908.279, 108
Trd, 2591909.113, 104
Trd, 2591909.313, 103
Trd, 2591909.579, 103
Trd, 2591909.879, 101
Trd, 2591911.746, 100
Trd, 2591911.879, 100
Trd, 2591911.896, 100
Trd, 2591911.929, 100
Trd, 2591912.013, 102
Trd, 2591912.246, 103
Trd, 2591912.296, 103
Trd, 2591912.479, 102
Trd, 2591912.863, 103
Trd, 2591912.963, 107
Trd, 2591913.413, 108
Trd, 2591913.513, 105
Trd, 2591914.213, 150
Trd, 2591914.396, 150
Trd, 2591914.896, 150
Trd, 2591915.279, 150
Trd, 2591915.729, 150
Trd, 2591915.746, 149
Trd, 2591916.529, 145
Trd, 2591917.313, 143
Trd, 2591917.829, 144
Trd, 2591918.246, 135
Trd, 2591918.313, 121
Trd, 2591918.396, 141
Trd, 2591918.946, 141
Trd, 2591919.163, 112
Trd, 2591919.463, 112
Trd, 2591919.479, 141
Trd, 2591919.529, 109
Trd, 2591920.763, 100
Trd, 2591922.096, 100
Trd, 2591922.296, 100
Trd, 2591922.613, 100
Trd, 2591922.863, 100
Trd, 2591923.296, 100
Trd, 2591923.746, 100
Trd, 2591923.763, 104
Trd, 2591923.813, 107
Trd, 2591924.346, 102
Trd, 2591924.446, 104
Trd, 2591924.496, 105
Trd, 2591924.629, 113
Trd, 2591925.013, 104
Trd, 2591925.329, 129
Trd, 2591925.896, 147
Trd, 2591926.046, 147
Trd, 2591926.429, 149
Trd, 2591926.629, 150
Trd, 2591926.679, 149
Trd, 2591927.346, 149
Trd, 2591927.896, 148
Trd, 2591928.146, 150
Trd, 2591928.229, 149
Trd, 2591929.046, 137
Trd, 2591929.696, 105
Trd, 2591930.013, 142
Trd, 2591931.896, 135
Trd, 2591931.913, 136
Trd, 2591932.229, 135
Trd, 2591932.613, 134
Trd, 2591933.046, 133
Trd, 2591933.096, 132
Trd, 2591933.163, 133
Trd, 2591933.446, 134
Trd, 2591933.563, 132
Trd, 2591933.579, 123
Trd, 2591934.996, 133
Trd, 2591935.046, 117
Trd, 2591935.313, 136
Trd, 2591936.379, 150
Trd, 2591937.196, 150
Trd, 2591937.413, 150
Trd, 2591937.546, 150
Trd, 2591937.746, 150
Trd, 2591938.929, 150
Trd, 2591939.479, 150
Trd, 2591939.563, 150
Trd, 2591939.579, 150
Trd, 2591939.746, 149
Trd, 2591939.813, 148
Trd, 2591940.729, 100
Trd, 2591941.196, 100
Trd, 2591941.229, 100
Trd, 2591941.279, 100
Trd, 2591941.413, 101
Trd, 2591941.529, 105
Trd, 2591941.729, 105
Trd, 2591941.746, 106
Trd, 2591942.046, 118
Trd, 2591942.063, 134
Trd, 2591942.413, 104
Trd, 2591943.129, 150
Trd, 2591944.113, 150
Trd, 2591944.596, 150
Trd, 2591945.079, 149
Trd, 2591945.396, 148
Trd, 2591946.429, 143
Trd, 2591947.063, 135
Trd, 2591947.779, 150
Trd, 2591948.329, 150
Trd, 2591948.829, 150
Trd, 2591948.979, 150
Trd, 2591949.213, 150
Trd, 2591949.429, 150
Trd, 2591949.579, 150
Trd, 2591949.863, 150
Trd, 2591950.379, 150
Trd, 2591950.763, 149
Trd, 2591951.629, 150
Trd, 2591952.013, 150
Trd, 2591952.129, 147
Trd, 2591952.313, 127
Trd, 2591952.479, 133
Trd, 2591952.796, 148
Trd, 2591953.079, 144
Trd, 2591953.246, 128
Trd, 2591953.363, 107
Trd, 2591953.713, 101
Trd, 2591954.313, 112
Trd, 2591954.796, 105
Trd, 2591956.229, 150
Trd, 2591956.379, 150
Trd, 2591956.746, 144
Trd, 2591956.863, 134
Trd, 2591957.113, 112
Trd, 2591957.396, 106
Trd, 2591957.713, 149
Trd, 2591958.013, 150
Trd, 2591958.196, 143
Trd, 2591958.829, 150
Trd, 2591959.579, 150
Trd, 2591959.729, 148
Trd, 2591961.146, 127
Trd, 2591961.496, 147
Trd, 2591961.896, 150
Trd, 2591962.596, 150
Trd, 2591963.179, 150
Trd, 2591963.213, 150
Trd, 2591963.729, 149
Trd, 2591964.013, 148
Trd, 2591964.113, 150
Trd, 2591964.229, 150
Trd, 2591964.313, 150
Trd, 2591964.713, 149
Trd, 2591964.779, 140
Trd, 2591965.263, 148
Trd, 2591965.363, 135
Trd, 2591965.613, 144
Trd, 2591966.213, 140
Trd, 2591966.779, 100
Trd, 2591967.179, 102
Trd, 2591967.446, 101
Trd, 2591968.229, 100
Trd, 2591968.279, 100
Trd, 2591968.413, 100
Trd, 2591968.546, 102
Trd, 2591968.679, 105
Trd, 2591968.829, 117
Trd, 2591969.663, 150
Trd, 2591971.363, 150
Trd, 2591971.413, 150
Trd, 2591971.979, 150
Trd, 2591972.329, 150
Trd, 2591972.813, 150
Trd, 2591972.863, 149
Trd, 2591973.229, 100
Trd, 2591973.413, 100
Trd, 2591973.429, 100
Trd, 2591973.779, 110
Trd, 2591974.079, 111
Trd, 2591974.529, 100
Trd, 2591974.713, 101
Trd, 2591975.113, 100
Trd, 2591975.596, 100
Trd, 2591976.413, 100
Trd, 2591976.846, 100
Trd, 2591977.329, 100
Trd, 2591977.513, 100
Trd, 2591977.663, 100
Trd, 2591978.596, 100
Trd, 2591978.863, 100
Trd, 2591979.179, 100
Trd, 2591979.346, 101
Trd, 2591979.546, 101
Trd, 2591980.263, 104
Trd, 2591980.329, 103
Trd, 2591980.346, 102
Trd, 2591980.813, 127
Trd, 2591980.996, 104
Trd, 2591981.229, 112
Trd, 2591981.329, 104
Trd, 2591981.546, 128
Trd, 2591983.079, 150
Trd, 2591983.263, 150
Trd, 2591983.696, 150
Trd, 2591983.996, 138
Trd, 2591984.363, 139
Trd, 2591985.529, 136
Trd, 2591985.713, 125
Trd, 2591985.746, 141
Trd, 2591986.096, 150
Trd, 2591986.713, 150
Trd, 2591986.979, 150
Trd, 2591987.113, 120
Trd, 2591987.179, 102
Trd, 2591988.179, 150
Trd, 2591989.263, 150
Trd, 2591989.479, 150
Trd, 2591990.546, 150
Trd, 2591991.446, 150
Trd, 2591992.096, 150
Trd, 2591992.246, 150
Trd, 2591992.346, 150
Trd, 2591992.646, 150
Trd, 2591992.829, 150
Trd, 2591993.229, 150
Trd, 2591993.246, 149
Trd, 2591993.946, 150
Trd, 2591995.329, 150
Trd, 2591995.363, 150
Trd, 2591995.529, 146
Trd, 2591995.596, 150
Trd, 2591996.113, 147
Trd, 2591996.263, 146
Trd, 2591996.363, 148
Trd, 2591996.396, 145
Trd, 2591996.463, 144
Trd, 2591997.296, 147
Trd, 2591997.313, 146
Trd, 2591997.463, 140
Trd, 2591997.596, 129
Trd, 2591997.696, 149
Trd, 2591998.263, 150
Trd, 2591998.746, 111
