Trd, 2590842.029, 137
Trd, 2590843.146, 138
Trd, 2590843.329, 135
Trd, 2590843.563, 106
Trd, 2590843.663, 110
Trd, 2590843.863, 131
Trd, 2590843.929, 101
Trd, 2590845.129, 101
Trd, 2590845.179, 107
Trd, 2590845.879, 101
Trd, 2590846.313, 100
Trd, 2590846.563, 101
Trd, 2590847.113, 102
Trd, 2590847.279, 102
Trd, 2590847.446, 103
Trd, 2590847.546, 105
Trd, 2590847.829, 107
Trd, 2590848.146, 104
Trd, 2590848.579, 150
Trd, 2590848.813, 145
Trd, 2590849.329, 136
Trd, 2590849.346, 137
Trd, 2590850.263, 149
Trd, 2590850.413, 150
Trd, 2590851.213, 150
Trd, 2590851.246, 150
Trd, 2590851.596, 150
Trd, 2590852.313, 150
Trd, 2590853.063, 150
Trd, 2590853.146, 150
Trd, 2590853.463, 150
Trd, 2590853.763, 150
Trd, 2590853.846, 150
Trd, 2590854.113, 149
Trd, 2590854.363, 148
Trd, 2590854.963, 149
Trd, 2590855.363, 148
Trd, 2590855.546, 148
Trd, 2590855.713, 149
Trd, 2590855.863, 137
Trd, 2590856.096, 147
Trd, 2590856.213, 148
Trd, 2590856.663, 124
Trd, 2590857.063, 123
Trd, 2590858.346, 100
Trd, 2590858.763, 100
Trd, 2590858.829, 100
Trd, 2590859.029, 100
Trd, 2590859.263, 102
Trd, 2590859.646, 110
Trd, 2590860.079, 141
Trd, 2590860.596, 101
Trd, 2590861.113, 107
Trd, 2590861.379, 144
Trd, 2590862.879, 150
Trd, 2590863.013, 150
Trd, 2590863.063, 150
Trd, 2590863.213, 149
Trd, 2590863.929, 149
Trd, 2590864.013, 148
Trd, 2590864.546, 149
Trd, 2590864.763, 148
Trd, 2590864.913, 149
Trd, 2590865.279, 150
Trd, 2590865.529, 150
Trd, 2590865.729, 150
Trd, 2590865.996, 149
Trd, 2590866.029, 135
Trd, 2590866.279, 119
Trd, 2590867.029, 100
Trd, 2590867.113, 101
Trd, 2590867.479, 100
Trd, 2590867.629, 100
Trd, 2590868.413, 100
Trd, 2590868.763, 100
Trd, 2590869.046, 100
Trd, 2590869.129, 101
Trd, 2590869.546, 101
Trd, 2590870.279, 103
Trd, 2590870.813, 102
Trd, 2590871.163, 108
Trd, 2590871.379, 108
Trd, 2590872.213, 109
Trd, 2590872.629, 147
Trd, 2590873.696, 150
Trd, 2590873.713, 149
Trd, 2590873.846, 135
Trd, 2590873.929, 130
Trd, 2590874.063, 129
Trd, 2590874.629, 150
Trd, 2590875.763, 147
Trd, 2590876.513, 150
Trd, 2590876.996, 134
Trd, 2590877.279, 139
Trd, 2590877.596, 138
Trd, 2590877.729, 126
Trd, 2590877.913, 124
Trd, 2590878.029, 133
Trd, 2590878.579, 111
Trd, 2590878.846, 120
Trd, 2590879.013, 115
Trd, 2590879.029, 128
Trd, 2590879.563, 111
Trd, 2590880.179, 118
Trd, 2590880.346, 113
Trd, 2590880.529, 117
Trd, 2590880.679, 116
Trd, 2590880.796, 116
Trd, 2590881.113, 114
Trd, 2590881.213, 115
Trd, 2590881.396, 117
Trd, 2590882.129, 114
Trd, 2590882.146, 121
Trd, 2590883.679, 101
Trd, 2590884.396, 100
Trd, 2590884.613, 101
Trd, 2590885.213, 101
Trd, 2590885.413, 102
Trd, 2590885.879, 150
Trd, 2590886.113, 100
Trd, 2590886.379, 100
Trd, 2590886.729, 108
Trd, 2590887.229, 100
Trd, 2590887.713, 100
Trd, 2590887.879, 100
Trd, 2590888.246, 100
Trd, 2590888.363, 100
Trd, 2590888.629, 100
Trd, 2590888.663, 100
Trd, 2590888.679, 100
Trd, 2590889.496, 100
Trd, 2590889.763, 100
Trd, 2590890.063, 100
Trd, 2590890.213, 102
Trd, 2590890.329, 102
Trd, 2590890.713, 121
Trd, 2590890.813, 120
Trd, 2590891.129, 108
Trd, 2590891.513, 112
Trd, 2590892.196, 104
Trd, 2590893.463, 100
Trd, 2590893.796, 101
Trd, 2590893.879, 101
Trd, 2590894.096, 102
Trd, 2590894.329, 102
Trd, 2590894.763, 101
Trd, 2590895.096, 110
Trd, 2590895.463, 104
Trd, 2590895.813, 108
Trd, 2590895.879, 109
Trd, 2590896.346, 110
Trd, 2590897.346, 150
Trd, 2590898.529, 150
Trd, 2590898.713, 150
Trd, 2590898.863, 149
Trd, 2590898.879, 148
Trd, 2590899.546, 150
Trd, 2590900.546, 150
Trd, 2590901.763, 150
Trd, 2590902.546, 150
Trd, 2590902.629, 150
Trd, 2590903.379, 150
Trd, 2590903.446, 150
Trd, 2590903.463, 150
Trd, 2590903.913, 150
Trd, 2590904.013, 150
Trd, 2590904.063, 150
Trd, 2590904.263, 149
Trd, 2590904.296, 149
Trd, 2590904.513, 147
Trd, 2590904.713, 146
Trd, 2590905.213, 135
Trd, 2590905.496, 136
Trd, 2590905.729, 143
Trd, 2590906.246, 124
Trd, 2590907.013, 103
Trd, 2590907.363, 104
Trd, 2590907.729, 100
Trd, 2590908.513, 100
Trd, 2590909.379, 100
Trd, 2590909.396, 100
Trd, 2590909.929, 100
Trd, 2590910.029, 100
Trd, 2590910.046, 100
Trd, 2590910.079, 100
Trd, 2590910.229, 104
Trd, 2590910.279, 100
Trd, 2590910.479, 103
Trd, 2590910.513, 106
Trd, 2590910.829, 131
Trd, 2590910.879, 101
Trd, 2590911.029, 145
Trd, 2590911.613, 103
Trd, 2590911.679, 107
Trd, 2590912.213, 148
Trd, 2590912.446, 103
Trd, 2590913.413, 125
Trd, 2590913.846, 112
Trd, 2590914.129, 108
Trd, 2590914.463, 108
Trd, 2590914.746, 108
Trd, 2590914.963, 109
Trd, 2590915.163, 108
Trd, 2590915.246, 111
Trd, 2590916.396, 100
Trd, 2590916.996, 100
Trd, 2590917.079, 109
Trd, 2590917.179, 118
Trd, 2590917.513, 100
Trd, 2590917.729, 100
Trd, 2590918.579, 100
Trd, 2590918.896, 100
Trd, 2590919.213, 100
Trd, 2590919.563, 100
Trd, 2590920.179, 100
Trd, 2590920.213, 100
Trd, 2590920.379, 100
Trd, 2590920.563, 105
Trd, 2590921.263, 103
Trd, 2590921.279, 110
Trd, 2590921.746, 110
Trd, 2590921.913, 104
Trd, 2590922.513, 100
Trd, 2590922.846, 113
Trd, 2590923.013, 115
Trd, 2590924.079, 108
Trd, 2590924.546, 117
Trd, 2590924.679, 111
Trd, 2590925.196, 149
Trd, 2590925.379, 148
Trd, 2590926.463, 141
Trd, 2590926.713, 140
Trd, 2590926.879, 128
Trd, 2590926.979, 126
Trd, 2590927.013, 141
Trd, 2590927.129, 142
Trd, 2590927.146, 125
Trd, 2590927.463, 136
Trd, 2590927.613, 150
Trd, 2590927.646, 135
Trd, 2590928.463, 138
Trd, 2590928.546, 150
Trd, 2590929.813, 150
Trd, 2590930.063, 150
Trd, 2590931.929, 150
Trd, 2590932.779, 150
Trd, 2590932.796, 150
Trd, 2590932.913, 149
Trd, 2590933.129, 134
Trd, 2590933.629, 103
Trd, 2590933.796, 102
Trd, 2590933.879, 109
Trd, 2590933.929, 143
Trd, 2590934.263, 108
Trd, 2590934.613, 121
Trd, 2590934.796, 134
Trd, 2590934.863, 136
Trd, 2590935.613, 125
Trd, 2590936.796, 124
Trd, 2590936.863, 124
Trd, 2590937.146, 125
Trd, 2590937.863, 150
Trd, 2590938.546, 150
Trd, 2590938.646, 150
Trd, 2590938.996, 150
Trd, 2590939.113, 150
Trd, 2590939.829, 149
Trd, 2590940.279, 149
Trd, 2590940.429, 150
Trd, 2590941.129, 149
Trd, 2590941.279, 150
Trd, 2590941.729, 150
Trd, 2590941.763, 149
Trd, 2590941.963, 146
Trd, 2590942.446, 150
Trd, 2590942.546, 150
Trd, 2590942.946, 149
Trd, 2590943.896, 136
Trd, 2590944.363, 150
Trd, 2590944.629, 150
Trd, 2590945.196, 123
Trd, 2590946.363, 125
Trd, 2590946.679, 130
Trd, 2590946.713, 121
Trd, 2590946.763, 120
Trd, 2590947.646, 129
Trd, 2590947.913, 111
Trd, 2590948.179, 124
Trd, 2590948.546, 101
Trd, 2590948.779, 101
Trd, 2590949.063, 114
Trd, 2590949.113, 115
Trd, 2590949.346, 115
Trd, 2590949.696, 114
Trd, 2590949.929, 100
Trd, 2590949.996, 115
Trd, 2590951.863, 100
Trd, 2590951.879, 100
Trd, 2590952.596, 100
Trd, 2590952.729, 100
Trd, 2590952.813, 100
Trd, 2590952.946, 100
Trd, 2590953.063, 100
Trd, 2590954.346, 100
Trd, 2590954.413, 100
Trd, 2590954.879, 100
Trd, 2590955.379, 100
Trd, 2590956.079, 106
Trd, 2590956.529, 109
Trd, 2590956.929, 102
Trd, 2590957.079, 100
Trd, 2590957.313, 100
Trd, 2590957.513, 100
Trd, 2590957.763, 101
Trd, 2590957.913, 102
Trd, 2590958.146, 103
Trd, 2590959.746, 101
Trd, 2590959.813, 101
Trd, 2590960.379, 101
Trd, 2590960.429, 101
Trd, 2590960.679, 100
Trd, 2590960.696, 101
Trd, 2590960.863, 103
Trd, 2590960.913, 107
Trd, 2590961.313, 150
Trd, 2590961.829, 150
Trd, 2590961.879, 150
Trd, 2590962.279, 150
Trd, 2590963.046, 150
Trd, 2590964.113, 150
Trd, 2590964.146, 150
Trd, 2590964.379, 150
Trd, 2590964.596, 150
Trd, 2590964.879, 150
Trd, 2590965.146, 137
Trd, 2590965.363, 135
Trd, 2590965.696, 149
Trd, 2590965.746, 121
Trd, 2590965.863, 103
Trd, 2590965.946, 149
Trd, 2590967.896, 100
Trd, 2590968.846, 100
Trd, 2590969.313, 100
Trd, 2590969.513, 100
Trd, 2590970.296, 100
Trd, 2590970.363, 100
Trd, 2590970.446, 100
Trd, 2590970.813, 100
Trd, 2590970.913, 100
Trd, 2590970.963, 100
Trd, 2590971.746, 102
Trd, 2590972.429, 101
Trd, 2590972.763, 101
Trd, 2590972.779, 104
Trd, 2590973.446, 101
Trd, 2590973.929, 102
Trd, 2590973.946, 102
Trd, 2590974.163, 106
Trd, 2590974.796, 137
Trd, 2590975.396, 150
Trd, 2590975.763, 147
Trd, 2590975.913, 138
Trd, 2590976.763, 109
Trd, 2590977.313, 114
Trd, 2590977.996, 117
Trd, 2590978.279, 109
Trd, 2590978.596, 115
Trd, 2590978.846, 115
Trd, 2590979.046, 114
Trd, 2590979.279, 115
Trd, 2590979.296, 114
Trd, 2590979.513, 113
Trd, 2590979.529, 116
Trd, 2590979.613, 111
Trd, 2590979.696, 110
Trd, 2590980.063, 115
Trd, 2590980.496, 103
Trd, 2590980.546, 116
Trd, 2590980.829, 114
Trd, 2590981.029, 110
Trd, 2590981.346, 135
Trd, 2590981.896, 150
Trd, 2590982.079, 111
Trd, 2590983.229, 150
Trd, 2590983.713, 150
Trd, 2590983.779, 149
Trd, 2590984.679, 149
Trd, 2590984.813, 149
Trd, 2590985.379, 146
Trd, 2590985.913, 130
Trd, 2590987.096, 121
Trd, 2590987.179, 146
Trd, 2590987.763, 150
Trd, 2590990.479, 150
Trd, 2590990.513, 150
Trd, 2590990.696, 150
Trd, 2590990.813, 150
Trd, 2590990.829, 150
Trd, 2590990.913, 150
Trd, 2590990.979, 150
Trd, 2590991.129, 149
Trd, 2590991.563, 149
Trd, 2590991.713, 148
Trd, 2590992.029, 138
Trd, 2590992.279, 147
Trd, 2590992.779, 124
Trd, 2590992.813, 113
Trd, 2590993.246, 146
Trd, 2590993.529, 145
Trd, 2590993.979, 100
Trd, 2590994.063, 100
Trd, 2590994.113, 101
Trd, 2590994.546, 100
Trd, 2590995.096, 100
Trd, 2590995.329, 100
Trd, 2590995.896, 100
Trd, 2590995.946, 100
Trd, 2590995.963, 100
Trd, 2590995.996, 108
Trd, 2590997.963, 100
Trd, 2590998.979, 100
Trd, 2590999.363, 100
Trd, 2590999.613, 100
Trd, 2591000.496, 100
Trd, 2591000.746, 100
Trd, 2591000.813, 100
Trd, 2591001.129, 101
Trd, 2591001.229, 100
Trd, 2591001.563, 100
Trd, 2591001.829, 102
Trd, 2591002.063, 104
Trd, 2591002.363, 129
Trd, 2591002.546, 104
Trd, 2591003.079, 146
Trd, 2591003.113, 145
Trd, 2591003.563, 117
Trd, 2591004.329, 124
Trd, 2591004.763, 120
Trd, 2591005.146, 120
Trd, 2591005.546, 123
Trd, 2591005.629, 119
Trd, 2591005.696, 124
Trd, 2591005.796, 117
Trd, 2591005.813, 124
Trd, 2591005.913, 112
Trd, 2591006.546, 125
Trd, 2591007.846, 100
Trd, 2591008.129, 100
Trd, 2591008.479, 100
Trd, 2591008.596, 102
Trd, 2591009.596, 100
Trd, 2591010.296, 100
Trd, 2591010.546, 101
Trd, 2591010.563, 102
Trd, 2591010.896, 150
Trd, 2591011.163, 150
Trd, 2591011.429, 149
Trd, 2591012.246, 150
Trd, 2591012.896, 150
Trd, 2591013.629, 150
Trd, 2591014.729, 150
Trd, 2591014.829, 150
Trd, 2591015.196, 150
Trd, 2591015.279, 150
Trd, 2591015.346, 150
Trd, 2591015.363, 150
Trd, 2591015.696, 150
Trd, 2591015.713, 149
Trd, 2591015.963, 150
Trd, 2591017.413, 150
Trd, 2591017.596, 150
Trd, 2591018.363, 150
Trd, 2591018.529, 150
Trd, 2591018.613, 150
Trd, 2591018.663, 150
Trd, 2591018.746, 150
Trd, 2591019.196, 150
Trd, 2591020.279, 150
Trd, 2591020.846, 150
Trd, 2591020.863, 149
Trd, 2591021.679, 149
Trd, 2591021.846, 148
Trd, 2591021.896, 146
Trd, 2591022.546, 150
Trd, 2591022.713, 150
Trd, 2591022.846, 147
Trd, 2591023.529, 135
Trd, 2591023.763, 138
Trd, 2591023.863, 127
Trd, 2591024.063, 123
Trd, 2591024.313, 138
Trd, 2591024.629, 138
Trd, 2591024.779, 127
Trd, 2591024.796, 103
Trd, 2591024.846, 140
Trd, 2591025.029, 127
Trd, 2591025.213, 141
Trd, 2591026.796, 105
Trd, 2591026.879, 106
Trd, 2591026.913, 104
Trd, 2591028.296, 119
Trd, 2591028.896, 104
Trd, 2591028.929, 105
Trd, 2591029.279, 100
Trd, 2591029.546, 113
Trd, 2591029.629, 121
Trd, 2591030.363, 120
Trd, 2591030.446, 121
Trd, 2591030.779, 102
Trd, 2591031.779, 100
Trd, 2591031.929, 100
Trd, 2591032.113, 100
Trd, 2591032.629, 102
Trd, 2591033.046, 104
Trd, 2591033.179, 105
Trd, 2591033.429, 110
Trd, 2591033.896, 119
Trd, 2591034.229, 114
Trd, 2591034.463, 113
Trd, 2591035.096, 113
Trd, 2591035.446, 115
Trd, 2591035.513, 104
Trd, 2591035.996, 104
Trd, 2591036.296, 122
Trd, 2591037.196, 150
Trd, 2591037.913, 150
Trd, 2591038.029, 150
Trd, 2591038.213, 150
Trd, 2591038.763, 149
Trd, 2591039.313, 150
Trd, 2591039.529, 149
Trd, 2591039.813, 149
Trd, 2591040.046, 148
Trd, 2591040.146, 150
Trd, 2591040.196, 135
Trd, 2591040.813, 128
Trd, 2591041.863, 100
Trd, 2591042.163, 100
Trd, 2591042.946, 100
Trd, 2591043.129, 100
Trd, 2591043.179, 100
Trd, 2591044.479, 100
Trd, 2591044.496, 100
Trd, 2591045.113, 100
Trd, 2591045.129, 100
Trd, 2591045.229, 100
Trd, 2591045.496, 100
Trd, 2591046.129, 101
Trd, 2591046.163, 102
Trd, 2591046.579, 102
Trd, 2591046.763, 103
Trd, 2591046.946, 102
Trd, 2591047.213, 102
Trd, 2591047.629, 108
Trd, 2591047.796, 101
Trd, 2591047.946, 109
Trd, 2591048.196, 129
Trd, 2591048.296, 150
Trd, 2591050.513, 149
Trd, 2591050.713, 148
Trd, 2591050.746, 148
Trd, 2591051.096, 136
Trd, 2591051.596, 137
Trd, 2591051.879, 137
Trd, 2591051.896, 148
Trd, 2591052.446, 148
Trd, 2591052.863, 139
Trd, 2591053.046, 149
Trd, 2591053.813, 143
Trd, 2591054.046, 143
Trd, 2591054.513, 144
Trd, 2591054.979, 147
Trd, 2591055.179, 144
Trd, 2591055.396, 130
Trd, 2591056.763, 144
Trd, 2591056.813, 145
Trd, 2591056.896, 146
Trd, 2591057.179, 129
Trd, 2591057.313, 146
Trd, 2591057.396, 146
Trd, 2591058.029, 149
Trd, 2591058.579, 123
Trd, 2591059.346, 149
Trd, 2591060.529, 145
Trd, 2591061.279, 150
Trd, 2591061.313, 150
Trd, 2591061.596, 123
Trd, 2591061.796, 150
Trd, 2591061.879, 119
Trd, 2591062.563, 147
Trd, 2591062.613, 146
Trd, 2591065.163, 150
Trd, 2591065.229, 150
Trd, 2591065.763, 150
Trd, 2591066.779, 150
Trd, 2591066.829, 150
Trd, 2591066.879, 150
Trd, 2591066.896, 150
Trd, 2591067.296, 150
Trd, 2591067.663, 150
Trd, 2591067.746, 149
Trd, 2591068.129, 150
Trd, 2591068.329, 148
Trd, 2591068.496, 149
Trd, 2591068.746, 150
Trd, 2591069.029, 148
Trd, 2591069.079, 145
Trd, 2591069.563, 123
Trd, 2591070.213, 144
Trd, 2591071.029, 146
Trd, 2591071.546, 130
Trd, 2591071.579, 117
Trd, 2591072.879, 100
Trd, 2591072.913, 100
Trd, 2591073.179, 100
Trd, 2591073.613, 100
Trd, 2591073.863, 100
Trd, 2591074.479, 100
Trd, 2591075.163, 100
Trd, 2591075.613, 100
Trd, 2591075.796, 100
Trd, 2591076.463, 101
Trd, 2591076.629, 102
Trd, 2591076.929, 101
Trd, 2591077.029, 102
Trd, 2591077.163, 103
Trd, 2591077.446, 101
Trd, 2591077.713, 101
Trd, 2591077.879, 100
Trd, 2591078.879, 105
Trd, 2591079.463, 104
Trd, 2591080.046, 100
Trd, 2591080.563, 100
Trd, 2591080.596, 102
Trd, 2591081.313, 100
Trd, 2591081.513, 105
Trd, 2591082.229, 104
Trd, 2591082.996, 105
Trd, 2591083.246, 105
Trd, 2591083.446, 104
Trd, 2591083.629, 104
Trd, 2591083.896, 106
Trd, 2591084.196, 150
Trd, 2591084.263, 149
Trd, 2591084.929, 150
Trd, 2591085.063, 150
Trd, 2591085.196, 131
Trd, 2591085.363, 124
Trd, 2591086.229, 150
Trd, 2591087.813, 150
Trd, 2591087.946, 150
Trd, 2591088.279, 150
Trd, 2591088.296, 150
Trd, 2591088.313, 150
Trd, 2591088.446, 150
Trd, 2591089.196, 150
Trd, 2591089.413, 150
Trd, 2591089.529, 150
Trd, 2591089.596, 150
Trd, 2591089.696, 150
Trd, 2591089.729, 149
Trd, 2591089.746, 146
Trd, 2591089.896, 143
Trd, 2591090.329, 150
Trd, 2591090.529, 150
Trd, 2591091.996, 150
Trd, 2591092.113, 150
Trd, 2591092.313, 150
Trd, 2591092.563, 150
Trd, 2591092.613, 146
Trd, 2591093.029, 150
Trd, 2591093.796, 150
Trd, 2591095.579, 150
Trd, 2591095.663, 150
Trd, 2591096.546, 150
Trd, 2591097.163, 150
Trd, 2591097.346, 150
Trd, 2591097.829, 150
Trd, 2591098.029, 150
Trd, 2591098.513, 150
Trd, 2591098.996, 150
Trd, 2591099.313, 150
Trd, 2591099.596, 150
Trd, 2591099.663, 150
Trd, 2591099.963, 148
Trd, 2591100.146, 149
Trd, 2591100.613, 148
Trd, 2591100.629, 146
Trd, 2591100.729, 134
Trd, 2591101.063, 126
Trd, 2591101.146, 125
Trd, 2591101.713, 100
Trd, 2591101.763, 100
Trd, 2591101.929, 100
Trd, 2591101.963, 100
Trd, 2591101.996, 100
Trd, 2591102.946, 100
Trd, 2591103.329, 100
Trd, 2591103.763, 100
Trd, 2591104.263, 101
Trd, 2591104.796, 101
Trd, 2591105.029, 102
Trd, 2591105.279, 105
Trd, 2591105.413, 105
Trd, 2591105.963, 113
Trd, 2591106.313, 103
Trd, 2591106.446, 104
Trd, 2591107.113, 103
Trd, 2591107.229, 106
Trd, 2591108.113, 150
Trd, 2591108.129, 150
Trd, 2591108.246, 102
Trd, 2591108.863, 139
Trd, 2591109.846, 117
Trd, 2591110.296, 102
Trd, 2591110.379, 101
Trd, 2591110.579, 100
Trd, 2591110.663, 103
Trd, 2591110.813, 126
Trd, 2591111.079, 139
Trd, 2591112.013, 136
Trd, 2591112.663, 134
Trd, 2591112.679, 135
Trd, 2591112.946, 129
Trd, 2591113.046, 129
Trd, 2591113.129, 134
Trd, 2591113.279, 135
Trd, 2591113.313, 136
Trd, 2591113.563, 150
Trd, 2591114.296, 150
Trd, 2591114.329, 150
Trd, 2591115.813, 150
Trd, 2591116.213, 150
Trd, 2591117.363, 150
Trd, 2591117.629, 150
Trd, 2591117.646, 150
Trd, 2591118.696, 149
Trd, 2591118.763, 149
Trd, 2591118.779, 149
Trd, 2591118.813, 149
Trd, 2591118.829, 133
Trd, 2591120.196, 100
Trd, 2591120.579, 101
Trd, 2591121.329, 101
Trd, 2591121.696, 100
Trd, 2591121.796, 101
Trd, 2591121.879, 100
Trd, 2591122.279, 100
Trd, 2591122.379, 100
Trd, 2591122.563, 101
Trd, 2591123.146, 101
Trd, 2591124.696, 100
Trd, 2591124.829, 101
Trd, 2591125.146, 103
Trd, 2591125.696, 101
Trd, 2591125.846, 102
Trd, 2591126.079, 103
Trd, 2591126.429, 104
Trd, 2591126.979, 140
Trd, 2591127.113, 150
Trd, 2591127.646, 150
Trd, 2591127.946, 150
Trd, 2591127.979, 150
Trd, 2591128.179, 150
Trd, 2591128.313, 150
Trd, 2591128.713, 150
Trd, 2591128.929, 131
Trd, 2591129.729, 150
Trd, 2591129.746, 150
Trd, 2591130.146, 150
Trd, 2591131.496, 150
Trd, 2591131.729, 150
Trd, 2591131.896, 150
Trd, 2591132.363, 148
Trd, 2591132.413, 148
Trd, 2591132.513, 135
Trd, 2591132.596, 149
Trd, 2591132.779, 150
Trd, 2591133.046, 103
Trd, 2591133.646, 150
Trd, 2591133.996, 104
Trd, 2591134.479, 103
Trd, 2591134.579, 148
Trd, 2591134.879, 102
Trd, 2591135.846, 115
Trd, 2591136.513, 115
Trd, 2591137.946, 113
Trd, 2591138.679, 101
Trd, 2591139.096, 115
Trd, 2591139.896, 102
Trd, 2591139.913, 144
Trd, 2591140.096, 101
Trd, 2591140.129, 102
Trd, 2591140.163, 102
Trd, 2591140.279, 101
Trd, 2591140.513, 123
Trd, 2591140.529, 122
Trd, 2591142.196, 150
Trd, 2591142.596, 150
Trd, 2591143.096, 150
Trd, 2591143.413, 150
Trd, 2591144.029, 150
Trd, 2591144.063, 150
Trd, 2591144.079, 150
Trd, 2591144.163, 150
Trd, 2591144.263, 150
Trd, 2591144.279, 150
Trd, 2591144.329, 148
Trd, 2591144.846, 137
Trd, 2591145.046, 143
Trd, 2591145.546, 141
Trd, 2591145.963, 140
Trd, 2591146.113, 139
Trd, 2591146.613, 137
Trd, 2591146.863, 124
Trd, 2591147.113, 130
Trd, 2591147.379, 138
Trd, 2591147.813, 117
Trd, 2591147.829, 111
Trd, 2591147.979, 106
Trd, 2591148.196, 130
Trd, 2591148.729, 133
Trd, 2591150.079, 100
Trd, 2591150.196, 101
Trd, 2591150.596, 100
Trd, 2591151.146, 103
Trd, 2591151.229, 104
Trd, 2591151.329, 105
Trd, 2591151.546, 103
Trd, 2591152.496, 102
Trd, 2591152.796, 101
Trd, 2591153.179, 101
Trd, 2591153.563, 100
Trd, 2591153.746, 102
Trd, 2591153.763, 103
Trd, 2591154.313, 100
Trd, 2591154.329, 100
Trd, 2591155.713, 100
Trd, 2591156.079, 100
Trd, 2591156.496, 100
Trd, 2591156.563, 100
Trd, 2591156.613, 102
Trd, 2591156.829, 112
Trd, 2591157.163, 114
Trd, 2591158.179, 106
Trd, 2591158.246, 107
Trd, 2591158.579, 110
Trd, 2591158.896, 112
Trd, 2591159.029, 111
Trd, 2591160.046, 131
Trd, 2591161.263, 150
Trd, 2591161.496, 150
Trd, 2591162.013, 150
Trd, 2591162.296, 150
Trd, 2591162.479, 150
Trd, 2591162.713, 150
Trd, 2591163.496, 148
Trd, 2591163.629, 132
Trd, 2591163.963, 132
Trd, 2591164.846, 150
Trd, 2591166.146, 150
Trd, 2591166.279, 150
Trd, 2591166.663, 150
Trd, 2591166.679, 150
Trd, 2591166.913, 149
Trd, 2591166.963, 140
Trd, 2591167.446, 145
Trd, 2591167.663, 111
Trd, 2591167.813, 148
Trd, 2591168.563, 100
Trd, 2591168.929, 100
Trd, 2591169.329, 100
Trd, 2591169.496, 143
Trd, 2591169.829, 102
Trd, 2591169.913, 103
Trd, 2591170.029, 102
Trd, 2591171.129, 140
Trd, 2591171.146, 123
Trd, 2591171.196, 141
Trd, 2591171.579, 140
Trd, 2591171.629, 107
Trd, 2591171.879, 135
Trd, 2591171.996, 142
Trd, 2591172.096, 144
Trd, 2591173.863, 150
Trd, 2591174.379, 150
Trd, 2591174.463, 150
Trd, 2591174.629, 150
Trd, 2591176.129, 150
Trd, 2591176.946, 150
Trd, 2591177.029, 150
Trd, 2591177.096, 150
Trd, 2591177.746, 150
Trd, 2591177.979, 150
Trd, 2591178.096, 150
Trd, 2591178.129, 150
Trd, 2591178.263, 150
Trd, 2591178.329, 150
Trd, 2591178.596, 149
Trd, 2591178.779, 137
Trd, 2591179.079, 117
Trd, 2591179.279, 147
Trd, 2591179.546, 146
Trd, 2591180.663, 117
Trd, 2591181.279, 133
Trd, 2591181.696, 133
Trd, 2591182.063, 127
Trd, 2591182.213, 114
Trd, 2591183.229, 111
Trd, 2591183.596, 115
Trd, 2591184.013, 114
Trd, 2591184.029, 113
Trd, 2591184.446, 108
Trd, 2591184.729, 105
Trd, 2591185.029, 104
Trd, 2591185.363, 108
Trd, 2591185.496, 104
Trd, 2591186.079, 108
Trd, 2591186.496, 113
Trd, 2591186.546, 114
Trd, 2591187.396, 150
Trd, 2591187.696, 150
Trd, 2591188.063, 102
Trd, 2591189.363, 100
Trd, 2591189.579, 100
Trd, 2591189.763, 100
Trd, 2591189.796, 100
Trd, 2591189.863, 100
Trd, 2591190.279, 100
Trd, 2591190.329, 100
Trd, 2591190.679, 100
Trd, 2591190.996, 100
Trd, 2591191.413, 100
Trd, 2591191.796, 102
Trd, 2591191.863, 103
Trd, 2591192.029, 105
Trd, 2591192.179, 104
Trd, 2591192.463, 106
Trd, 2591192.813, 104
Trd, 2591193.079, 105
Trd, 2591194.463, 110
Trd, 2591194.479, 105
Trd, 2591194.796, 145
Trd, 2591195.479, 104
Trd, 2591195.779, 109
Trd, 2591196.363, 110
Trd, 2591196.979, 100
Trd, 2591198.279, 127
Trd, 2591198.546, 127
Trd, 2591198.646, 129
Trd, 2591198.879, 130
Trd, 2591199.029, 127
Trd, 2591199.046, 126
Trd, 2591199.113, 131
Trd, 2591199.196, 118
Trd, 2591200.129, 108
Trd, 2591200.146, 109
Trd, 2591200.613, 123
Trd, 2591200.746, 126
Trd, 2591201.029, 104
Trd, 2591201.513, 103
Trd, 2591202.196, 103
Trd, 2591202.263, 103
Trd, 2591202.546, 102
Trd, 2591202.596, 104
Trd, 2591203.079, 149
Trd, 2591203.263, 104
Trd, 2591203.479, 103
Trd, 2591206.079, 150
Trd, 2591206.363, 150
Trd, 2591207.079, 150
Trd, 2591207.396, 150
Trd, 2591208.079, 150
Trd, 2591208.096, 150
Trd, 2591208.263, 150
Trd, 2591208.579, 150
Trd, 2591208.996, 150
Trd, 2591209.129, 149
Trd, 2591209.179, 149
Trd, 2591210.246, 123
Trd, 2591211.196, 135
Trd, 2591211.929, 124
Trd, 2591212.013, 123
Trd, 2591212.213, 123
Trd, 2591212.613, 123
Trd, 2591212.646, 122
Trd, 2591213.246, 121
Trd, 2591213.329, 112
Trd, 2591213.729, 117
Trd, 2591214.263, 108
Trd, 2591214.329, 111
Trd, 2591214.646, 112
Trd, 2591215.046, 103
Trd, 2591215.329, 112
Trd, 2591216.146, 100
Trd, 2591216.546, 100
Trd, 2591216.563, 100
Trd, 2591216.946, 100
Trd, 2591217.096, 101
Trd, 2591217.613, 100
Trd, 2591218.063, 100
Trd, 2591218.096, 101
Trd, 2591218.746, 101
Trd, 2591218.913, 101
Trd, 2591219.313, 101
Trd, 2591219.363, 102
Trd, 2591219.763, 102
Trd, 2591219.929, 101
Trd, 2591221.729, 102
Trd, 2591221.746, 100
Trd, 2591221.779, 103
Trd, 2591221.929, 105
Trd, 2591222.063, 105
Trd, 2591222.363, 104
Trd, 2591222.496, 101
Trd, 2591223.513, 100
Trd, 2591223.613, 100
Trd, 2591223.696, 100
Trd, 2591225.163, 100
Trd, 2591226.196, 100
Trd, 2591226.279, 100
Trd, 2591226.696, 100
Trd, 2591227.063, 100
Trd, 2591227.079, 100
Trd, 2591227.246, 100
Trd, 2591227.546, 100
Trd, 2591227.779, 100
Trd, 2591228.029, 101
Trd, 2591228.079, 100
Trd, 2591228.479, 101
Trd, 2591228.596, 101
Trd, 2591229.563, 101
Trd, 2591229.679, 102
Trd, 2591229.729, 103
Trd, 2591229.913, 103
Trd, 2591230.279, 106
Trd, 2591230.613, 139
Trd, 2591231.029, 104
Trd, 2591231.496, 150
Trd, 2591231.513, 150
Trd, 2591232.213, 150
Trd, 2591233.596, 150
Trd, 2591233.629, 150
Trd, 2591234.329, 150
Trd, 2591234.963, 150
Trd, 2591235.879, 150
Trd, 2591236.896, 150
Trd, 2591238.029, 150
Trd, 2591238.479, 150
Trd, 2591238.596, 150
Trd, 2591239.413, 150
Trd, 2591239.846, 150
Trd, 2591240.763, 150
Trd, 2591240.896, 150
Trd, 2591241.146, 150
Trd, 2591241.196, 150
Trd, 2591241.246, 150
Trd, 2591241.329, 150
Trd, 2591241.396, 150
Trd, 2591241.579, 150
Trd, 2591241.713, 150
Trd, 2591241.779, 150
Trd, 2591241.846, 149
Trd, 2591242.079, 149
Trd, 2591242.813, 150
Trd, 2591242.846, 150
Trd, 2591242.913, 149
Trd, 2591243.046, 149
Trd, 2591243.213, 150
Trd, 2591243.479, 148
Trd, 2591243.579, 136
Trd, 2591244.513, 144
Trd, 2591244.813, 143
Trd, 2591245.063, 142
Trd, 2591245.446, 132
Trd, 2591245.613, 141
Trd, 2591245.779, 139
Trd, 2591246.579, 140
Trd, 2591246.713, 142
Trd, 2591246.846, 138
Trd, 2591247.229, 149
Trd, 2591247.263, 148
Trd, 2591247.579, 149
Trd, 2591247.679, 136
Trd, 2591248.363, 129
Trd, 2591249.596, 101
Trd, 2591249.879, 100
Trd, 2591250.196, 101
Trd, 2591250.396, 102
Trd, 2591250.496, 144
Trd, 2591251.829, 104
Trd, 2591251.996, 105
Trd, 2591252.179, 100
Trd, 2591252.329, 105
Trd, 2591252.429, 108
Trd, 2591252.546, 101
Trd, 2591253.179, 101
Trd, 2591254.579, 100
Trd, 2591255.029, 100
Trd, 2591255.213, 101
Trd, 2591255.229, 102
Trd, 2591255.313, 102
Trd, 2591256.079, 100
Trd, 2591256.113, 100
Trd, 2591256.629, 101
Trd, 2591257.313, 100
Trd, 2591257.429, 100
Trd, 2591257.713, 100
Trd, 2591257.763, 100
Trd, 2591258.129, 107
Trd, 2591258.663, 102
Trd, 2591258.929, 104
Trd, 2591259.096, 106
Trd, 2591260.029, 107
Trd, 2591260.163, 109
Trd, 2591260.346, 109
Trd, 2591261.279, 112
Trd, 2591261.896, 114
Trd, 2591262.079, 115
Trd, 2591262.096, 111
Trd, 2591262.346, 116
Trd, 2591262.763, 115
Trd, 2591263.179, 114
Trd, 2591263.213, 125
Trd, 2591263.379, 113
Trd, 2591265.079, 150
Trd, 2591265.213, 150
Trd, 2591265.396, 150
Trd, 2591265.496, 150
Trd, 2591265.679, 150
Trd, 2591265.946, 150
Trd, 2591266.096, 150
Trd, 2591266.379, 150
Trd, 2591266.579, 150
Trd, 2591266.613, 150
Trd, 2591267.213, 137
Trd, 2591267.346, 135
Trd, 2591267.446, 104
Trd, 2591267.663, 101
Trd, 2591268.263, 100
Trd, 2591268.446, 110
Trd, 2591268.729, 110
Trd, 2591269.363, 103
Trd, 2591269.513, 106
Trd, 2591271.413, 100
Trd, 2591272.363, 100
Trd, 2591272.979, 100
Trd, 2591273.113, 100
Trd, 2591273.196, 100
Trd, 2591273.479, 100
Trd, 2591273.513, 100
Trd, 2591273.613, 100
Trd, 2591273.829, 100
Trd, 2591274.363, 100
Trd, 2591274.746, 100
Trd, 2591274.996, 101
Trd, 2591275.079, 101
Trd, 2591275.496, 105
Trd, 2591275.646, 102
Trd, 2591275.679, 106
Trd, 2591275.813, 107
Trd, 2591276.029, 101
Trd, 2591276.213, 100
Trd, 2591276.429, 102
Trd, 2591276.796, 122
Trd, 2591277.663, 138
Trd, 2591278.179, 106
Trd, 2591278.246, 105
Trd, 2591278.279, 104
Trd, 2591278.529, 140
Trd, 2591280.279, 150
Trd, 2591280.996, 150
Trd, 2591282.196, 150
Trd, 2591283.429, 150
Trd, 2591284.013, 150
Trd, 2591284.563, 150
Trd, 2591285.496, 150
Trd, 2591286.279, 150
Trd, 2591286.329, 150
Trd, 2591286.363, 150
Trd, 2591286.779, 150
Trd, 2591287.863, 150
Trd, 2591287.913, 150
Trd, 2591289.246, 150
Trd, 2591289.546, 150
Trd, 2591290.063, 150
Trd, 2591290.163, 150
Trd, 2591290.213, 150
Trd, 2591290.229, 150
Trd, 2591290.513, 150
Trd, 2591290.679, 150
Trd, 2591291.196, 149
Trd, 2591291.263, 150
Trd, 2591291.446, 149
Trd, 2591292.329, 149
Trd, 2591292.363, 147
Trd, 2591292.463, 148
Trd, 2591292.563, 141
Trd, 2591292.696, 136
Trd, 2591293.046, 116
Trd, 2591293.346, 123
Trd, 2591293.746, 104
Trd, 2591294.346, 104
Trd, 2591294.613, 105
Trd, 2591294.813, 106
Trd, 2591294.896, 107
Trd, 2591294.963, 102
Trd, 2591294.979, 108
Trd, 2591295.613, 136
Trd, 2591296.446, 143
Trd, 2591297.079, 150
Trd, 2591297.196, 150
Trd, 2591297.263, 150
Trd, 2591297.896, 150
Trd, 2591299.296, 150
Trd, 2591299.713, 150
Trd, 2591300.146, 150
Trd, 2591300.929, 150
Trd, 2591300.946, 150
Trd, 2591301.896, 150
Trd, 2591303.613, 150
Trd, 2591303.813, 150
Trd, 2591303.963, 150
Trd, 2591304.129, 150
Trd, 2591304.279, 150
Trd, 2591304.913, 150
Trd, 2591305.113, 149
Trd, 2591305.146, 147
Trd, 2591305.329, 148
Trd, 2591305.963, 117
Trd, 2591306.046, 141
Trd, 2591306.096, 142
Trd, 2591306.346, 139
Trd, 2591306.463, 104
Trd, 2591306.529, 141
Trd, 2591307.479, 136
Trd, 2591307.663, 135
Trd, 2591307.679, 107
Trd, 2591308.263, 134
Trd, 2591308.646, 131
Trd, 2591309.063, 131
Trd, 2591309.363, 126
Trd, 2591309.979, 128
Trd, 2591310.329, 123
Trd, 2591310.546, 123
Trd, 2591310.813, 123
Trd, 2591310.863, 123
Trd, 2591310.913, 124
Trd, 2591311.346, 126
Trd, 2591311.379, 128
Trd, 2591311.413, 141
Trd, 2591312.846, 150
Trd, 2591312.863, 150
Trd, 2591312.879, 149
Trd, 2591312.963, 140
Trd, 2591313.346, 149
Trd, 2591315.263, 150
Trd, 2591315.779, 150
Trd, 2591316.529, 150
Trd, 2591317.713, 150
Trd, 2591318.029, 150
Trd, 2591318.229, 150
Trd, 2591318.813, 150
Trd, 2591318.896, 150
Trd, 2591319.346, 150
Trd, 2591319.496, 150
Trd, 2591319.613, 150
Trd, 2591320.013, 150
Trd, 2591320.213, 150
Trd, 2591320.296, 150
Trd, 2591320.463, 150
Trd, 2591320.496, 150
Trd, 2591320.596, 149
Trd, 2591320.946, 146
Trd, 2591321.363, 148
Trd, 2591321.463, 136
Trd, 2591321.696, 149
Trd, 2591322.413, 148
Trd, 2591323.063, 146
Trd, 2591323.229, 148
Trd, 2591323.296, 146
Trd, 2591323.496, 145
Trd, 2591323.646, 149
Trd, 2591324.046, 105
Trd, 2591324.846, 102
Trd, 2591325.163, 100
Trd, 2591325.579, 100
Trd, 2591325.663, 100
Trd, 2591325.713, 101
Trd, 2591326.063, 101
Trd, 2591327.079, 100
Trd, 2591327.413, 100
Trd, 2591327.729, 100
Trd, 2591327.779, 100
Trd, 2591327.913, 100
Trd, 2591328.196, 100
Trd, 2591328.746, 101
Trd, 2591328.763, 100
Trd, 2591328.896, 102
Trd, 2591329.013, 101
Trd, 2591329.463, 103
Trd, 2591330.013, 100
Trd, 2591330.363, 100
Trd, 2591331.463, 107
Trd, 2591332.046, 107
Trd, 2591333.163, 106
Trd, 2591333.479, 107
Trd, 2591333.763, 105
Trd, 2591333.813, 107
Trd, 2591333.963, 121
Trd, 2591333.996, 126
Trd, 2591335.596, 150
Trd, 2591335.696, 150
Trd, 2591335.729, 150
Trd, 2591335.813, 150
Trd, 2591335.996, 150
Trd, 2591336.096, 150
Trd, 2591336.679, 150
Trd, 2591336.829, 150
Trd, 2591338.146, 119
Trd, 2591338.179, 118
Trd, 2591338.813, 137
Trd, 2591339.279, 101
Trd, 2591339.563, 123
Trd, 2591340.413, 100
Trd, 2591340.679, 100
Trd, 2591341.263, 100
Trd, 2591341.313, 100
Trd, 2591341.913, 101
Trd, 2591342.246, 101
Trd, 2591342.396, 100
Trd, 2591342.813, 100
Trd, 2591343.179, 100
Trd, 2591343.263, 100
Trd, 2591343.413, 100
Trd, 2591343.763, 100
Trd, 2591344.229, 100
Trd, 2591344.313, 100
Trd, 2591344.346, 100
Trd, 2591344.496, 102
Trd, 2591344.829, 105
Trd, 2591345.763, 150
Trd, 2591345.796, 150
Trd, 2591346.213, 138
Trd, 2591346.396, 135
Trd, 2591346.763, 100
Trd, 2591347.263, 112
Trd, 2591349.013, 105
Trd, 2591349.096, 147
Trd, 2591349.246, 146
Trd, 2591349.279, 147
Trd, 2591349.313, 106
Trd, 2591350.129, 144
Trd, 2591350.263, 145
Trd, 2591351.329, 106
Trd, 2591351.713, 106
Trd, 2591351.829, 112
Trd, 2591352.329, 112
Trd, 2591353.029, 150
Trd, 2591353.296, 150
Trd, 2591353.396, 150
Trd, 2591354.163, 150
Trd, 2591354.579, 150
Trd, 2591354.863, 150
Trd, 2591355.396, 150
Trd, 2591356.713, 150
Trd, 2591356.829, 131
Trd, 2591357.713, 150
Trd, 2591357.796, 150
Trd, 2591357.829, 150
Trd, 2591357.946, 150
Trd, 2591358.046, 149
Trd, 2591358.396, 150
Trd, 2591358.546, 149
Trd, 2591358.913, 149
Trd, 2591359.729, 149
Trd, 2591359.813, 148
Trd, 2591359.879, 150
Trd, 2591360.363, 148
Trd, 2591360.463, 144
Trd, 2591361.529, 145
Trd, 2591362.279, 138
Trd, 2591364.029, 150
Trd, 2591365.046, 150
Trd, 2591365.296, 150
Trd, 2591365.696, 150
Trd, 2591365.796, 150
Trd, 2591365.829, 150
Trd, 2591365.846, 150
Trd, 2591366.029, 150
Trd, 2591366.079, 150
Trd, 2591366.213, 150
Trd, 2591366.596, 150
Trd, 2591367.079, 150
Trd, 2591367.463, 150
Trd, 2591367.496, 150
Trd, 2591367.829, 150
Trd, 2591368.079, 149
Trd, 2591368.263, 149
Trd, 2591368.529, 150
Trd, 2591368.729, 149
Trd, 2591369.279, 122
Trd, 2591369.763, 100
Trd, 2591370.129, 142
Trd, 2591370.263, 142
Trd, 2591371.029, 109
Trd, 2591371.279, 102
Trd, 2591371.796, 102
Trd, 2591372.096, 102
Trd, 2591372.179, 103
Trd, 2591372.229, 104
Trd, 2591372.846, 149
Trd, 2591373.079, 110
Trd, 2591373.596, 102
Trd, 2591373.846, 103
Trd, 2591374.329, 103
Trd, 2591374.363, 104
Trd, 2591374.629, 148
Trd, 2591375.029, 150
Trd, 2591375.546, 150
Trd, 2591376.163, 149
Trd, 2591377.713, 150
Trd, 2591378.029, 150
Trd, 2591378.663, 150
Trd, 2591379.663, 150
Trd, 2591379.779, 150
Trd, 2591379.796, 149
Trd, 2591379.846, 149
Trd, 2591380.329, 150
Trd, 2591381.629, 150
Trd, 2591382.696, 150
Trd, 2591383.213, 150
Trd, 2591383.229, 150
Trd, 2591383.263, 150
Trd, 2591383.279, 149
Trd, 2591383.429, 139
Trd, 2591383.563, 134
Trd, 2591383.746, 117
Trd, 2591383.813, 147
Trd, 2591384.029, 144
Trd, 2591384.546, 108
Trd, 2591384.813, 127
Trd, 2591385.096, 138
Trd, 2591385.113, 139
Trd, 2591386.179, 120
Trd, 2591386.363, 120
Trd, 2591386.813, 119
Trd, 2591387.113, 118
Trd, 2591387.246, 112
Trd, 2591387.779, 114
Trd, 2591387.846, 111
Trd, 2591388.129, 110
Trd, 2591388.496, 109
Trd, 2591388.713, 101
Trd, 2591388.913, 108
Trd, 2591389.779, 103
Trd, 2591390.129, 103
Trd, 2591390.429, 105
Trd, 2591390.863, 100
Trd, 2591390.929, 106
Trd, 2591392.463, 105
Trd, 2591392.596, 105
Trd, 2591393.046, 108
Trd, 2591393.346, 150
Trd, 2591394.796, 150
Trd, 2591395.346, 150
Trd, 2591395.429, 150
Trd, 2591395.696, 150
Trd, 2591396.396, 150
Trd, 2591396.596, 150
Trd, 2591397.146, 150
Trd, 2591397.379, 150
Trd, 2591397.763, 147
Trd, 2591399.179, 150
Trd, 2591399.946, 150
Trd, 2591400.746, 150
Trd, 2591400.779, 150
Trd, 2591400.979, 150
Trd, 2591401.113, 150
Trd, 2591401.679, 124
Trd, 2591401.729, 148
Trd, 2591401.913, 125
Trd, 2591402.463, 148
Trd, 2591402.629, 150
Trd, 2591403.463, 150
Trd, 2591403.513, 150
Trd, 2591403.646, 150
Trd, 2591403.979, 150
Trd, 2591404.263, 149
Trd, 2591404.846, 150
Trd, 2591405.329, 150
Trd, 2591405.446, 150
Trd, 2591405.729, 150
Trd, 2591405.763, 150
Trd, 2591406.096, 150
Trd, 2591406.479, 140
Trd, 2591406.713, 108
Trd, 2591407.529, 101
Trd, 2591407.663, 102
Trd, 2591407.679, 103
Trd, 2591407.846, 101
Trd, 2591408.679, 102
Trd, 2591408.746, 101
Trd, 2591408.979, 102
Trd, 2591409.013, 103
Trd, 2591409.613, 100
Trd, 2591410.246, 100
Trd, 2591410.379, 100
Trd, 2591410.846, 100
Trd, 2591410.863, 101
Trd, 2591411.013, 104
Trd, 2591411.413, 100
Trd, 2591411.946, 101
Trd, 2591412.079, 128
Trd, 2591413.396, 100
Trd, 2591413.963, 100
Trd, 2591414.129, 100
Trd, 2591414.496, 100
Trd, 2591414.613, 100
Trd, 2591414.663, 100
Trd, 2591414.729, 100
Trd, 2591415.279, 102
Trd, 2591415.296, 110
Trd, 2591416.296, 150
Trd, 2591416.446, 150
Trd, 2591416.546, 137
Trd, 2591416.796, 100
Trd, 2591416.863, 100
Trd, 2591417.596, 106
Trd, 2591418.313, 105
Trd, 2591419.529, 100
Trd, 2591419.679, 100
Trd, 2591419.713, 101
Trd, 2591420.096, 102
Trd, 2591420.413, 103
Trd, 2591420.529, 104
Trd, 2591420.629, 106
Trd, 2591421.013, 102
Trd, 2591421.796, 132
Trd, 2591421.846, 144
Trd, 2591422.113, 150
Trd, 2591422.529, 150
Trd, 2591424.246, 150
Trd, 2591424.379, 150
Trd, 2591425.713, 150
Trd, 2591425.729, 150
Trd, 2591425.813, 150
Trd, 2591426.479, 150
Trd, 2591426.729, 150
Trd, 2591427.046, 149
Trd, 2591427.163, 150
Trd, 2591427.296, 148
Trd, 2591428.263, 149
Trd, 2591429.113, 149
Trd, 2591429.179, 148
Trd, 2591429.313, 147
Trd, 2591429.379, 147
Trd, 2591429.663, 148
Trd, 2591429.763, 135
Trd, 2591429.829, 149
Trd, 2591430.229, 131
Trd, 2591430.546, 150
Trd, 2591430.696, 150
Trd, 2591430.829, 126
Trd, 2591431.279, 147
Trd, 2591431.629, 146
Trd, 2591431.929, 115
Trd, 2591432.563, 114
Trd, 2591432.646, 117
Trd, 2591433.379, 119
Trd, 2591434.229, 123
Trd, 2591434.296, 143
Trd, 2591434.729, 142
Trd, 2591434.879, 143
Trd, 2591434.979, 132
Trd, 2591435.013, 124
Trd, 2591435.546, 140
Trd, 2591435.679, 143
Trd, 2591435.779, 135
Trd, 2591436.079, 149
Trd, 2591436.729, 150
Trd, 2591437.079, 150
Trd, 2591437.596, 150
Trd, 2591437.713, 150
Trd, 2591437.829, 150
Trd, 2591438.113, 150
Trd, 2591438.213, 150
Trd, 2591438.513, 150
Trd, 2591438.729, 149
Trd, 2591439.396, 149
Trd, 2591439.579, 148
Trd, 2591440.279, 134
Trd, 2591440.563, 148
Trd, 2591441.079, 132
Trd, 2591441.379, 147
Trd, 2591441.413, 118
Trd, 2591442.463, 128
Trd, 2591442.896, 100
Trd, 2591443.313, 100
Trd, 2591443.846, 100
Trd, 2591445.013, 100
Trd, 2591445.213, 100
Trd, 2591445.379, 100
Trd, 2591445.529, 101
Trd, 2591445.663, 100
Trd, 2591448.446, 100
Trd, 2591448.879, 100
Trd, 2591449.546, 100
Trd, 2591449.579, 100
Trd, 2591449.596, 100
Trd, 2591449.913, 100
Trd, 2591450.063, 101
Trd, 2591451.196, 100
Trd, 2591451.279, 101
Trd, 2591451.346, 101
Trd, 2591451.379, 102
Trd, 2591451.479, 103
Trd, 2591451.529, 104
Trd, 2591451.679, 104
Trd, 2591452.013, 101
Trd, 2591452.096, 104
Trd, 2591452.246, 113
Trd, 2591452.663, 106
Trd, 2591452.779, 101
Trd, 2591453.279, 150
Trd, 2591453.379, 150
Trd, 2591454.413, 150
Trd, 2591454.546, 150
Trd, 2591454.813, 150
Trd, 2591455.246, 150
Trd, 2591455.813, 150
Trd, 2591456.196, 150
Trd, 2591456.629, 150
Trd, 2591456.913, 150
Trd, 2591456.996, 150
Trd, 2591457.079, 149
Trd, 2591457.113, 145
Trd, 2591457.346, 135
Trd, 2591457.846, 149
Trd, 2591458.713, 149
Trd, 2591460.113, 127
Trd, 2591460.163, 123
Trd, 2591460.529, 119
Trd, 2591460.629, 118
Trd, 2591462.029, 150
Trd, 2591462.763, 149
Trd, 2591462.813, 149
Trd, 2591463.263, 150
Trd, 2591464.363, 150
Trd, 2591464.579, 150
Trd, 2591464.763, 150
Trd, 2591465.229, 150
Trd, 2591466.429, 150
Trd, 2591466.496, 150
Trd, 2591466.613, 150
Trd, 2591466.746, 150
Trd, 2591466.846, 148
Trd, 2591467.163, 150
Trd, 2591467.479, 148
Trd, 2591467.763, 134
Trd, 2591467.813, 133
Trd, 2591468.129, 141
Trd, 2591468.379, 139
Trd, 2591469.079, 139
Trd, 2591469.246, 140
Trd, 2591469.346, 125
Trd, 2591469.396, 143
Trd, 2591470.246, 149
Trd, 2591470.663, 150
Trd, 2591470.713, 147
Trd, 2591471.296, 138
Trd, 2591472.579, 149
Trd, 2591473.646, 149
Trd, 2591473.696, 148
Trd, 2591474.446, 140
Trd, 2591474.579, 146
Trd, 2591474.863, 140
Trd, 2591474.896, 139
Trd, 2591475.463, 141
Trd, 2591475.579, 139
Trd, 2591476.163, 139
Trd, 2591476.929, 141
Trd, 2591477.046, 128
Trd, 2591477.079, 122
Trd, 2591477.729, 101
Trd, 2591477.779, 107
Trd, 2591478.696, 101
Trd, 2591478.746, 102
Trd, 2591479.096, 104
Trd, 2591479.329, 100
Trd, 2591479.729, 100
Trd, 2591479.929, 100
Trd, 2591480.113, 100
Trd, 2591480.529, 100
Trd, 2591480.613, 104
Trd, 2591480.896, 107
Trd, 2591481.129, 107
Trd, 2591481.179, 127
Trd, 2591481.496, 106
Trd, 2591481.963, 147
Trd, 2591483.046, 150
Trd, 2591484.079, 150
Trd, 2591485.613, 150
Trd, 2591485.963, 150
Trd, 2591486.079, 150
Trd, 2591486.896, 150
Trd, 2591486.963, 150
Trd, 2591487.179, 150
Trd, 2591487.329, 150
Trd, 2591487.563, 150
Trd, 2591487.763, 150
Trd, 2591487.829, 150
Trd, 2591488.746, 150
Trd, 2591488.979, 150
Trd, 2591489.079, 150
Trd, 2591489.613, 150
Trd, 2591490.296, 150
Trd, 2591490.496, 150
Trd, 2591490.813, 150
Trd, 2591490.996, 150
Trd, 2591491.179, 150
Trd, 2591491.396, 149
Trd, 2591492.079, 148
Trd, 2591492.296, 147
Trd, 2591492.513, 142
Trd, 2591492.863, 144
Trd, 2591492.946, 136
Trd, 2591493.029, 130
Trd, 2591493.279, 125
Trd, 2591493.296, 119
Trd, 2591493.663, 146
Trd, 2591495.446, 102
Trd, 2591495.613, 103
Trd, 2591495.796, 100
Trd, 2591496.196, 100
Trd, 2591496.646, 102
Trd, 2591497.646, 103
Trd, 2591497.763, 104
Trd, 2591497.896, 100
Trd, 2591497.946, 105
Trd, 2591498.296, 100
Trd, 2591498.329, 100
Trd, 2591498.429, 101
Trd, 2591498.446, 103
Trd, 2591498.663, 104
Trd, 2591500.179, 150
Trd, 2591500.196, 150
Trd, 2591500.429, 150
Trd, 2591500.863, 150
Trd, 2591501.596, 150
Trd, 2591502.446, 150
Trd, 2591502.663, 150
Trd, 2591502.713, 149
Trd, 2591503.296, 150
Trd, 2591503.779, 150
Trd, 2591504.346, 150
Trd, 2591504.363, 150
Trd, 2591504.546, 149
Trd, 2591505.513, 150
Trd, 2591505.829, 149
Trd, 2591506.563, 146
Trd, 2591506.696, 146
Trd, 2591506.796, 147
Trd, 2591507.079, 130
Trd, 2591507.296, 118
Trd, 2591507.413, 143
Trd, 2591507.629, 141
Trd, 2591507.946, 144
Trd, 2591508.513, 142
Trd, 2591509.046, 100
Trd, 2591509.796, 100
Trd, 2591510.079, 100
Trd, 2591510.279, 100
Trd, 2591510.879, 100
Trd, 2591511.246, 100
Trd, 2591511.613, 101
Trd, 2591511.929, 101
Trd, 2591512.179, 103
Trd, 2591512.846, 106
Trd, 2591512.963, 105
Trd, 2591512.979, 104
Trd, 2591513.596, 104
Trd, 2591513.629, 107
Trd, 2591513.863, 119
Trd, 2591514.446, 150
Trd, 2591514.613, 150
Trd, 2591515.413, 150
Trd, 2591515.479, 150
Trd, 2591515.696, 145
Trd, 2591515.746, 149
Trd, 2591516.129, 149
Trd, 2591516.546, 149
Trd, 2591516.813, 149
Trd, 2591516.863, 148
Trd, 2591517.063, 139
Trd, 2591517.479, 148
Trd, 2591518.613, 105
Trd, 2591518.896, 118
Trd, 2591519.013, 147
Trd, 2591519.779, 100
Trd, 2591519.946, 103
Trd, 2591520.113, 100
Trd, 2591520.413, 100
Trd, 2591520.613, 101
Trd, 2591520.946, 103
Trd, 2591521.296, 110
Trd, 2591522.329, 106
Trd, 2591522.429, 107
Trd, 2591523.079, 100
Trd, 2591523.579, 103
Trd, 2591523.713, 106
Trd, 2591524.196, 143
Trd, 2591525.413, 150
Trd, 2591525.813, 150
Trd, 2591527.229, 150
Trd, 2591527.479, 150
Trd, 2591528.213, 150
Trd, 2591528.763, 150
Trd, 2591529.046, 150
Trd, 2591529.496, 150
Trd, 2591529.579, 150
Trd, 2591529.729, 150
Trd, 2591529.779, 150
Trd, 2591529.913, 150
Trd, 2591530.229, 150
Trd, 2591530.296, 150
Trd, 2591530.363, 150
Trd, 2591530.513, 150
Trd, 2591530.529, 149
Trd, 2591530.663, 150
Trd, 2591531.013, 149
Trd, 2591531.379, 149
Trd, 2591531.446, 145
Trd, 2591531.613, 131
Trd, 2591532.746, 142
Trd, 2591532.896, 138
Trd, 2591533.913, 100
Trd, 2591534.279, 100
Trd, 2591535.629, 100
Trd, 2591535.646, 100
Trd, 2591535.779, 100
Trd, 2591535.929, 100
Trd, 2591536.096, 101
Trd, 2591536.129, 103
Trd, 2591536.179, 105
Trd, 2591536.196, 119
Trd, 2591536.796, 102
Trd, 2591538.163, 100
Trd, 2591538.213, 100
Trd, 2591538.696, 100
Trd, 2591538.763, 100
Trd, 2591538.946, 105
Trd, 2591540.829, 150
Trd, 2591541.296, 150
Trd, 2591541.346, 150
Trd, 2591541.629, 150
Trd, 2591541.663, 150
Trd, 2591542.513, 150
Trd, 2591542.629, 150
Trd, 2591543.429, 150
Trd, 2591544.596, 150
Trd, 2591544.663, 150
Trd, 2591544.813, 150
Trd, 2591544.863, 150
Trd, 2591544.929, 149
Trd, 2591544.963, 135
Trd, 2591545.829, 146
Trd, 2591546.796, 139
Trd, 2591547.579, 117
Trd, 2591547.879, 125
Trd, 2591548.029, 125
Trd, 2591548.063, 126
Trd, 2591548.163, 124
Trd, 2591548.213, 127
Trd, 2591548.329, 117
Trd, 2591548.629, 128
Trd, 2591549.296, 102
Trd, 2591549.546, 101
Trd, 2591549.663, 102
Trd, 2591550.213, 132
Trd, 2591552.013, 149
Trd, 2591552.396, 150
Trd, 2591552.479, 150
Trd, 2591552.596, 150
Trd, 2591552.813, 150
Trd, 2591553.196, 148
Trd, 2591553.646, 148
Trd, 2591554.496, 146
Trd, 2591554.813, 146
Trd, 2591555.479, 142
Trd, 2591556.146, 131
Trd, 2591556.329, 145
Trd, 2591556.379, 147
Trd, 2591557.113, 150
Trd, 2591557.446, 150
Trd, 2591557.979, 150
Trd, 2591558.113, 150
Trd, 2591558.929, 129
Trd, 2591559.113, 129
Trd, 2591559.313, 148
Trd, 2591559.546, 150
Trd, 2591559.813, 129
Trd, 2591559.829, 128
Trd, 2591559.879, 120
Trd, 2591559.963, 120
Trd, 2591561.479, 150
Trd, 2591561.513, 150
Trd, 2591561.563, 150
Trd, 2591563.046, 150
Trd, 2591563.413, 149
Trd, 2591563.496, 150
Trd, 2591563.729, 148
Trd, 2591563.813, 144
Trd, 2591563.963, 150
Trd, 2591564.446, 112
Trd, 2591564.696, 150
Trd, 2591564.796, 111
Trd, 2591565.029, 108
Trd, 2591565.563, 103
Trd, 2591565.646, 102
Trd, 2591566.913, 100
Trd, 2591567.096, 101
Trd, 2591567.346, 102
Trd, 2591567.996, 100
Trd, 2591568.129, 102
Trd, 2591568.629, 110
Trd, 2591568.713, 111
Trd, 2591569.229, 130
Trd, 2591569.879, 105
Trd, 2591570.346, 100
Trd, 2591570.463, 100
Trd, 2591570.529, 101
Trd, 2591570.796, 107
Trd, 2591572.196, 150
Trd, 2591572.446, 150
Trd, 2591572.896, 150
Trd, 2591574.013, 150
Trd, 2591574.063, 150
Trd, 2591574.129, 150
Trd, 2591574.329, 150
Trd, 2591574.479, 142
Trd, 2591574.613, 150
Trd, 2591574.929, 124
Trd, 2591575.329, 150
Trd, 2591576.313, 111
Trd, 2591576.829, 150
Trd, 2591577.063, 150
Trd, 2591577.263, 150
Trd, 2591577.646, 149
Trd, 2591578.329, 150
Trd, 2591578.479, 150
Trd, 2591578.529, 149
Trd, 2591578.946, 144
Trd, 2591580.863, 150
Trd, 2591581.513, 150
Trd, 2591582.229, 150
Trd, 2591582.363, 150
Trd, 2591582.379, 150
Trd, 2591582.479, 150
Trd, 2591582.529, 149
Trd, 2591583.079, 136
Trd, 2591583.296, 147
Trd, 2591583.396, 133
Trd, 2591583.479, 128
Trd, 2591583.496, 127
Trd, 2591583.563, 143
Trd, 2591584.196, 142
Trd, 2591584.529, 143
Trd, 2591585.163, 145
Trd, 2591585.479, 123
Trd, 2591585.929, 144
Trd, 2591586.729, 130
Trd, 2591587.146, 116
Trd, 2591587.479, 125
Trd, 2591588.046, 101
Trd, 2591588.479, 101
Trd, 2591589.246, 102
Trd, 2591589.429, 103
Trd, 2591589.563, 103
Trd, 2591589.963, 123
Trd, 2591590.596, 101
Trd, 2591590.746, 101
Trd, 2591590.863, 107
Trd, 2591591.179, 100
Trd, 2591591.313, 100
Trd, 2591591.346, 113
Trd, 2591591.846, 102
Trd, 2591591.913, 104
Trd, 2591592.063, 111
Trd, 2591592.829, 106
Trd, 2591592.979, 105
Trd, 2591594.063, 150
Trd, 2591595.096, 150
Trd, 2591596.329, 150
Trd, 2591596.479, 150
Trd, 2591596.779, 149
Trd, 2591597.129, 149
Trd, 2591597.213, 149
Trd, 2591597.229, 148
Trd, 2591597.396, 149
Trd, 2591597.479, 138
Trd, 2591598.063, 147
Trd, 2591599.046, 145
Trd, 2591599.296, 101
Trd, 2591599.546, 102
Trd, 2591599.563, 103
Trd, 2591599.946, 104
Trd, 2591600.746, 107
Trd, 2591601.046, 107
Trd, 2591601.379, 106
Trd, 2591601.679, 104
Trd, 2591602.079, 100
Trd, 2591602.263, 100
Trd, 2591602.529, 100
Trd, 2591602.729, 104
Trd, 2591603.146, 100
Trd, 2591603.463, 100
Trd, 2591603.796, 101
Trd, 2591604.263, 101
Trd, 2591604.479, 100
Trd, 2591604.979, 100
Trd, 2591605.446, 104
Trd, 2591606.529, 102
Trd, 2591606.879, 100
Trd, 2591607.429, 101
Trd, 2591607.663, 100
Trd, 2591607.863, 101
Trd, 2591607.963, 101
Trd, 2591608.379, 100
Trd, 2591608.663, 100
Trd, 2591608.729, 100
Trd, 2591608.763, 101
Trd, 2591608.879, 102
Trd, 2591608.896, 110
Trd, 2591609.313, 131
Trd, 2591609.479, 133
Trd, 2591609.529, 148
Trd, 2591611.346, 100
Trd, 2591611.446, 100
Trd, 2591611.563, 100
Trd, 2591611.913, 104
Trd, 2591612.163, 103
Trd, 2591612.863, 102
Trd, 2591613.479, 100
Trd, 2591613.896, 101
Trd, 2591614.046, 102
Trd, 2591614.329, 105
Trd, 2591614.463, 105
Trd, 2591614.679, 105
Trd, 2591615.096, 104
Trd, 2591615.213, 104
Trd, 2591615.546, 109
Trd, 2591615.713, 110
Trd, 2591615.796, 102
Trd, 2591617.663, 100
Trd, 2591617.896, 100
Trd, 2591618.663, 100
Trd, 2591620.096, 100
Trd, 2591620.313, 100
Trd, 2591620.863, 100
Trd, 2591621.329, 100
Trd, 2591621.429, 100
Trd, 2591622.313, 100
Trd, 2591622.563, 100
Trd, 2591622.596, 100
Trd, 2591622.796, 100
Trd, 2591623.146, 101
Trd, 2591623.629, 101
Trd, 2591623.913, 100
Trd, 2591624.029, 101
Trd, 2591624.479, 102
Trd, 2591624.529, 101
Trd, 2591624.863, 108
Trd, 2591624.929, 107
Trd, 2591625.196, 107
Trd, 2591625.229, 108
Trd, 2591625.279, 106
Trd, 2591625.746, 108
Trd, 2591626.763, 103
Trd, 2591627.079, 104
Trd, 2591627.463, 104
Trd, 2591627.513, 108
Trd, 2591627.629, 109
Trd, 2591629.529, 100
Trd, 2591629.696, 100
Trd, 2591629.713, 101
Trd, 2591630.379, 109
Trd, 2591630.613, 110
Trd, 2591631.013, 109
Trd, 2591631.246, 136
Trd, 2591631.596, 113
Trd, 2591631.746, 147
Trd, 2591632.229, 106
Trd, 2591632.546, 104
Trd, 2591633.763, 150
Trd, 2591633.979, 148
Trd, 2591634.613, 150
Trd, 2591634.846, 150
Trd, 2591634.863, 150
Trd, 2591635.163, 150
Trd, 2591635.696, 150
Trd, 2591636.246, 150
Trd, 2591636.563, 150
Trd, 2591636.613, 149
Trd, 2591637.329, 150
Trd, 2591638.079, 150
Trd, 2591638.179, 149
Trd, 2591638.196, 149
Trd, 2591638.463, 149
Trd, 2591638.613, 148
Trd, 2591638.979, 148
Trd, 2591639.329, 134
Trd, 2591639.579, 134
Trd, 2591640.479, 143
Trd, 2591641.029, 141
Trd, 2591642.329, 133
Trd, 2591642.846, 128
Trd, 2591643.013, 121
Trd, 2591643.129, 121
Trd, 2591643.213, 120
Trd, 2591643.296, 129
Trd, 2591643.479, 117
Trd, 2591643.963, 121
Trd, 2591644.713, 122
Trd, 2591644.913, 123
Trd, 2591645.196, 125
Trd, 2591645.263, 126
Trd, 2591645.563, 128
Trd, 2591645.663, 121
Trd, 2591646.346, 139
Trd, 2591646.879, 120
Trd, 2591647.263, 129
Trd, 2591647.313, 113
Trd, 2591647.596, 116
Trd, 2591648.263, 150
Trd, 2591648.529, 148
Trd, 2591648.946, 144
Trd, 2591649.996, 150
Trd, 2591650.096, 150
Trd, 2591651.163, 150
Trd, 2591651.963, 150
Trd, 2591652.729, 150
Trd, 2591652.946, 149
Trd, 2591653.079, 149
Trd, 2591653.213, 149
Trd, 2591653.279, 149
Trd, 2591653.496, 149
Trd, 2591653.763, 126
Trd, 2591654.013, 145
Trd, 2591654.279, 126
Trd, 2591654.513, 143
Trd, 2591654.529, 145
Trd, 2591655.346, 133
Trd, 2591655.379, 132
Trd, 2591655.413, 141
Trd, 2591655.629, 142
Trd, 2591655.763, 144
Trd, 2591656.513, 147
Trd, 2591656.779, 146
Trd, 2591657.163, 150
Trd, 2591657.796, 150
Trd, 2591657.996, 149
Trd, 2591658.113, 139
Trd, 2591659.696, 141
Trd, 2591659.763, 140
Trd, 2591660.163, 133
Trd, 2591660.296, 136
Trd, 2591660.379, 132
Trd, 2591660.396, 121
Trd, 2591660.629, 141
Trd, 2591661.663, 141
Trd, 2591661.846, 136
Trd, 2591661.863, 136
Trd, 2591662.613, 149
Trd, 2591663.463, 148
Trd, 2591663.563, 143
Trd, 2591666.246, 150
Trd, 2591666.396, 150
Trd, 2591666.513, 150
Trd, 2591666.713, 150
Trd, 2591666.763, 150
Trd, 2591667.263, 150
Trd, 2591667.379, 150
Trd, 2591667.413, 150
Trd, 2591667.846, 150
Trd, 2591667.946, 150
Trd, 2591667.996, 150
Trd, 2591668.296, 150
Trd, 2591668.679, 150
Trd, 2591668.946, 150
Trd, 2591669.046, 149
Trd, 2591669.279, 149
Trd, 2591669.463, 138
Trd, 2591669.729, 130
Trd, 2591670.263, 129
Trd, 2591670.279, 103
Trd, 2591670.979, 150
Trd, 2591671.496, 101
Trd, 2591671.829, 106
Trd, 2591672.746, 137
Trd, 2591672.863, 132
Trd, 2591673.929, 107
Trd, 2591674.113, 105
Trd, 2591674.363, 100
Trd, 2591675.029, 101
Trd, 2591675.329, 107
Trd, 2591675.963, 105
Trd, 2591675.996, 106
Trd, 2591676.163, 111
Trd, 2591676.596, 111
Trd, 2591677.079, 100
Trd, 2591677.863, 100
Trd, 2591677.929, 101
Trd, 2591679.579, 100
Trd, 2591679.679, 100
Trd, 2591680.029, 100
Trd, 2591680.246, 100
Trd, 2591680.346, 100
Trd, 2591680.479, 100
Trd, 2591680.963, 100
Trd, 2591681.346, 100
Trd, 2591681.379, 101
Trd, 2591681.429, 101
Trd, 2591682.013, 102
Trd, 2591682.279, 103
Trd, 2591682.629, 100
Trd, 2591682.813, 103
Trd, 2591683.146, 105
Trd, 2591683.163, 114
Trd, 2591683.413, 106
Trd, 2591683.763, 132
Trd, 2591684.813, 150
Trd, 2591685.046, 150
Trd, 2591685.163, 150
Trd, 2591686.379, 150
Trd, 2591686.946, 150
Trd, 2591687.413, 150
Trd, 2591687.463, 150
Trd, 2591687.613, 150
Trd, 2591687.829, 150
Trd, 2591688.346, 150
Trd, 2591688.879, 150
Trd, 2591690.329, 150
Trd, 2591690.596, 150
Trd, 2591691.663, 150
Trd, 2591691.679, 150
Trd, 2591692.446, 150
Trd, 2591692.579, 150
Trd, 2591692.696, 150
Trd, 2591693.529, 150
Trd, 2591693.563, 150
Trd, 2591693.863, 150
Trd, 2591693.979, 150
Trd, 2591694.046, 150
Trd, 2591694.146, 148
Trd, 2591694.313, 147
Trd, 2591694.579, 147
Trd, 2591695.679, 137
Trd, 2591695.763, 136
Trd, 2591695.913, 136
Trd, 2591696.996, 128
Trd, 2591697.013, 129
Trd, 2591697.346, 128
Trd, 2591697.513, 128
Trd, 2591697.579, 117
Trd, 2591697.829, 128
Trd, 2591697.963, 130
Trd, 2591698.479, 112
Trd, 2591699.413, 100
Trd, 2591699.646, 100
Trd, 2591699.829, 100
Trd, 2591700.146, 100
Trd, 2591701.079, 100
Trd, 2591701.163, 101
Trd, 2591701.596, 100
Trd, 2591702.346, 100
Trd, 2591702.729, 100
Trd, 2591703.063, 100
Trd, 2591703.629, 100
Trd, 2591703.829, 100
Trd, 2591704.029, 100
Trd, 2591704.213, 100
Trd, 2591704.329, 100
Trd, 2591704.946, 101
Trd, 2591704.979, 102
Trd, 2591705.096, 102
Trd, 2591705.179, 101
Trd, 2591705.229, 103
Trd, 2591705.629, 101
Trd, 2591705.979, 102
Trd, 2591706.163, 100
Trd, 2591706.729, 102
Trd, 2591708.246, 100
Trd, 2591708.546, 103
Trd, 2591709.113, 100
Trd, 2591709.513, 100
Trd, 2591709.713, 101
Trd, 2591710.296, 100
Trd, 2591710.396, 100
Trd, 2591710.546, 100
Trd, 2591710.596, 100
Trd, 2591711.263, 100
Trd, 2591711.396, 100
Trd, 2591711.463, 100
Trd, 2591711.713, 100
Trd, 2591713.063, 105
Trd, 2591713.246, 105
Trd, 2591713.396, 106
Trd, 2591713.446, 107
Trd, 2591713.529, 107
Trd, 2591713.546, 108
Trd, 2591714.513, 112
Trd, 2591715.096, 111
Trd, 2591715.579, 112
Trd, 2591715.646, 116
Trd, 2591716.013, 109
Trd, 2591716.363, 114
Trd, 2591717.029, 112
Trd, 2591717.529, 109
Trd, 2591717.963, 111
Trd, 2591718.479, 112
Trd, 2591718.546, 111
Trd, 2591718.563, 112
Trd, 2591718.746, 111
Trd, 2591719.596, 150
Trd, 2591719.996, 149
Trd, 2591720.379, 149
Trd, 2591720.663, 149
Trd, 2591720.913, 149
Trd, 2591720.929, 150
Trd, 2591721.096, 150
Trd, 2591721.179, 149
Trd, 2591721.313, 148
Trd, 2591722.113, 127
Trd, 2591722.346, 125
Trd, 2591723.029, 124
Trd, 2591723.129, 117
Trd, 2591723.196, 108
Trd, 2591723.713, 143
Trd, 2591723.879, 143
Trd, 2591724.296, 107
Trd, 2591724.613, 105
Trd, 2591725.446, 150
Trd, 2591725.729, 150
Trd, 2591725.746, 148
Trd, 2591726.446, 150
Trd, 2591726.696, 149
Trd, 2591727.479, 149
Trd, 2591727.546, 124
Trd, 2591728.029, 147
Trd, 2591728.179, 120
Trd, 2591728.613, 145
Trd, 2591728.896, 112
Trd, 2591729.296, 111
Trd, 2591729.413, 102
Trd, 2591729.779, 100
Trd, 2591730.163, 100
Trd, 2591731.213, 100
Trd, 2591731.313, 100
Trd, 2591731.346, 100
Trd, 2591731.463, 108
Trd, 2591731.496, 109
Trd, 2591731.696, 123
Trd, 2591732.013, 100
Trd, 2591732.346, 100
Trd, 2591733.579, 150
Trd, 2591734.046, 150
Trd, 2591734.129, 149
Trd, 2591734.163, 149
Trd, 2591734.229, 150
Trd, 2591734.463, 149
Trd, 2591734.579, 148
Trd, 2591734.829, 149
Trd, 2591735.046, 143
Trd, 2591735.113, 121
Trd, 2591737.096, 100
Trd, 2591737.263, 100
Trd, 2591737.363, 100
Trd, 2591737.929, 100
Trd, 2591739.313, 100
Trd, 2591739.513, 100
Trd, 2591739.896, 100
Trd, 2591740.763, 103
Trd, 2591741.113, 102
Trd, 2591741.229, 103
Trd, 2591741.813, 102
Trd, 2591742.013, 103
Trd, 2591742.513, 100
Trd, 2591742.813, 101
Trd, 2591742.829, 104
Trd, 2591742.963, 103
Trd, 2591743.113, 100
Trd, 2591743.213, 104
Trd, 2591743.363, 105
Trd, 2591743.646, 102
Trd, 2591743.813, 136
Trd, 2591744.096, 109
Trd, 2591744.579, 149
Trd, 2591745.363, 114
Trd, 2591745.563, 150
Trd, 2591745.979, 124
Trd, 2591748.213, 150
Trd, 2591748.679, 150
Trd, 2591749.479, 150
Trd, 2591749.513, 150
Trd, 2591749.563, 150
Trd, 2591749.596, 150
Trd, 2591749.813, 150
Trd, 2591749.846, 149
Trd, 2591749.913, 147
Trd, 2591750.046, 150
Trd, 2591750.679, 149
Trd, 2591751.229, 148
Trd, 2591751.363, 138
Trd, 2591751.396, 149
Trd, 2591751.913, 149
Trd, 2591751.963, 126
Trd, 2591752.113, 149
Trd, 2591753.013, 146
Trd, 2591753.163, 146
Trd, 2591753.863, 143
Trd, 2591754.213, 140
Trd, 2591754.429, 135
Trd, 2591754.446, 128
Trd, 2591754.513, 128
Trd, 2591754.913, 104
Trd, 2591755.463, 136
Trd, 2591756.579, 133
Trd, 2591756.646, 134
Trd, 2591757.813, 100
Trd, 2591758.546, 100
Trd, 2591758.596, 101
Trd, 2591759.546, 100
Trd, 2591759.963, 100
Trd, 2591760.179, 100
Trd, 2591760.413, 100
Trd, 2591760.946, 100
Trd, 2591760.963, 100
Trd, 2591761.063, 100
Trd, 2591761.929, 100
Trd, 2591761.996, 100
Trd, 2591762.179, 100
Trd, 2591762.696, 100
Trd, 2591762.846, 100
Trd, 2591762.963, 101
Trd, 2591763.196, 100
Trd, 2591763.496, 101
Trd, 2591764.146, 101
Trd, 2591764.279, 102
Trd, 2591764.746, 101
Trd, 2591764.813, 104
Trd, 2591764.996, 102
Trd, 2591765.596, 105
Trd, 2591765.763, 102
Trd, 2591765.779, 106
Trd, 2591765.929, 147
Trd, 2591766.079, 147
Trd, 2591766.546, 107
Trd, 2591766.613, 104
Trd, 2591766.796, 102
Trd, 2591766.829, 109
Trd, 2591767.279, 146
Trd, 2591767.463, 147
Trd, 2591768.129, 150
Trd, 2591768.729, 148
Trd, 2591768.813, 145
Trd, 2591769.129, 134
Trd, 2591769.563, 103
Trd, 2591769.963, 104
Trd, 2591771.163, 100
Trd, 2591771.246, 100
Trd, 2591772.563, 100
Trd, 2591772.613, 100
Trd, 2591773.079, 100
Trd, 2591773.363, 100
Trd, 2591773.946, 100
Trd, 2591774.163, 101
Trd, 2591774.179, 101
Trd, 2591774.229, 104
Trd, 2591774.479, 118
Trd, 2591775.379, 143
Trd, 2591776.063, 150
Trd, 2591776.646, 150
Trd, 2591777.879, 150
Trd, 2591778.229, 150
Trd, 2591778.729, 150
Trd, 2591778.813, 150
Trd, 2591779.129, 150
Trd, 2591779.146, 150
Trd, 2591779.179, 150
Trd, 2591779.196, 147
Trd, 2591780.213, 150
Trd, 2591781.163, 150
Trd, 2591781.529, 150
Trd, 2591781.846, 150
Trd, 2591782.213, 150
Trd, 2591782.313, 150
Trd, 2591782.496, 150
Trd, 2591782.546, 149
Trd, 2591782.763, 148
Trd, 2591782.779, 149
Trd, 2591782.929, 116
Trd, 2591783.329, 149
Trd, 2591783.479, 109
Trd, 2591783.746, 144
Trd, 2591784.013, 146
Trd, 2591784.146, 146
Trd, 2591784.263, 104
Trd, 2591784.679, 144
Trd, 2591784.879, 134
Trd, 2591784.896, 132
Trd, 2591785.463, 104
Trd, 2591785.529, 102
Trd, 2591787.429, 100
Trd, 2591787.729, 100
Trd, 2591787.829, 100
Trd, 2591788.113, 100
Trd, 2591788.296, 102
Trd, 2591788.463, 101
Trd, 2591788.579, 102
Trd, 2591788.596, 103
Trd, 2591789.279, 102
Trd, 2591789.363, 127
Trd, 2591790.479, 135
Trd, 2591790.846, 135
Trd, 2591791.063, 133
Trd, 2591791.146, 131
Trd, 2591791.346, 136
Trd, 2591791.513, 108
Trd, 2591791.979, 109
Trd, 2591792.279, 101
Trd, 2591792.779, 100
Trd, 2591793.363, 100
Trd, 2591793.546, 100
Trd, 2591793.596, 101
Trd, 2591794.529, 100
Trd, 2591795.129, 100
Trd, 2591795.596, 100
Trd, 2591795.946, 100
Trd, 2591796.063, 100
Trd, 2591796.196, 100
Trd, 2591796.946, 100
Trd, 2591797.663, 100
Trd, 2591798.196, 100
Trd, 2591798.379, 100
Trd, 2591798.696, 100
Trd, 2591799.146, 100
Trd, 2591799.996, 100
Trd, 2591800.179, 100
Trd, 2591800.829, 100
Trd, 2591801.346, 100
Trd, 2591801.479, 100
Trd, 2591801.563, 100
Trd, 2591801.629, 100
Trd, 2591801.946, 103
Trd, 2591802.313, 106
Trd, 2591802.779, 100
Trd, 2591802.796, 103
Trd, 2591802.879, 108
Trd, 2591803.613, 100
Trd, 2591804.046, 117
Trd, 2591804.429, 149
Trd, 2591804.529, 148
Trd, 2591804.929, 148
Trd, 2591805.413, 147
Trd, 2591806.713, 150
Trd, 2591806.779, 147
Trd, 2591807.246, 150
Trd, 2591807.829, 120
Trd, 2591808.246, 126
Trd, 2591808.729, 145
Trd, 2591808.963, 148
Trd, 2591809.546, 139
Trd, 2591809.863, 141
Trd, 2591809.929, 140
Trd, 2591810.263, 128
Trd, 2591811.313, 131
Trd, 2591811.379, 130
Trd, 2591811.796, 127
Trd, 2591811.963, 126
Trd, 2591812.246, 127
Trd, 2591812.279, 128
Trd, 2591812.829, 100
Trd, 2591813.179, 100
Trd, 2591813.263, 100
Trd, 2591813.346, 100
Trd, 2591813.379, 100
Trd, 2591814.846, 100
Trd, 2591815.246, 100
Trd, 2591815.946, 100
Trd, 2591816.379, 100
Trd, 2591816.496, 100
Trd, 2591816.579, 100
Trd, 2591816.613, 103
Trd, 2591816.646, 103
Trd, 2591816.813, 108
Trd, 2591817.396, 107
Trd, 2591817.846, 104
Trd, 2591818.246, 100
Trd, 2591818.396, 104
Trd, 2591819.279, 100
Trd, 2591819.679, 100
Trd, 2591820.179, 100
Trd, 2591820.679, 100
Trd, 2591820.929, 100
Trd, 2591821.096, 100
Trd, 2591821.513, 100
Trd, 2591821.529, 100
Trd, 2591822.079, 108
Trd, 2591822.229, 101
Trd, 2591822.446, 139
Trd, 2591822.679, 149
Trd, 2591823.063, 135
Trd, 2591823.946, 136
Trd, 2591824.063, 107
Trd, 2591825.113, 150
Trd, 2591826.129, 150
Trd, 2591826.263, 150
Trd, 2591827.146, 150
Trd, 2591827.746, 150
Trd, 2591828.513, 150
Trd, 2591829.346, 150
Trd, 2591830.163, 150
Trd, 2591830.179, 150
Trd, 2591830.196, 150
Trd, 2591830.479, 150
Trd, 2591830.546, 150
Trd, 2591830.579, 150
Trd, 2591830.896, 150
Trd, 2591831.063, 150
Trd, 2591831.229, 150
Trd, 2591831.246, 150
Trd, 2591831.329, 150
Trd, 2591831.346, 150
Trd, 2591831.913, 148
Trd, 2591832.496, 141
Trd, 2591832.646, 137
Trd, 2591833.029, 136
Trd, 2591833.329, 134
Trd, 2591833.396, 133
Trd, 2591833.463, 147
Trd, 2591833.563, 147
Trd, 2591834.279, 118
Trd, 2591834.479, 105
Trd, 2591834.796, 110
Trd, 2591834.879, 111
Trd, 2591836.096, 100
Trd, 2591836.346, 100
Trd, 2591837.046, 100
Trd, 2591837.346, 100
Trd, 2591837.429, 100
Trd, 2591837.796, 102
Trd, 2591838.313, 110
Trd, 2591839.546, 100
Trd, 2591839.796, 100
Trd, 2591839.913, 100
Trd, 2591840.279, 101
Trd, 2591840.429, 101
Trd, 2591840.829, 101
Trd, 2591840.846, 102
Trd, 2591841.713, 100
Trd, 2591842.063, 103
Trd, 2591842.446, 148
Trd, 2591842.713, 101
Trd, 2591842.963, 102
Trd, 2591843.429, 116
Trd, 2591843.496, 105
Trd, 2591843.579, 149
Trd, 2591844.613, 150
Trd, 2591845.046, 150
Trd, 2591845.063, 150
Trd, 2591845.696, 150
Trd, 2591846.046, 150
Trd, 2591846.296, 150
Trd, 2591846.513, 150
Trd, 2591846.546, 150
Trd, 2591846.579, 150
Trd, 2591846.963, 150
Trd, 2591847.329, 148
Trd, 2591847.463, 146
Trd, 2591847.946, 104
Trd, 2591847.996, 148
Trd, 2591848.096, 103
Trd, 2591848.363, 146
Trd, 2591848.929, 149
Trd, 2591849.663, 118
Trd, 2591850.213, 133
Trd, 2591850.879, 137
Trd, 2591852.396, 150
Trd, 2591852.479, 150
Trd, 2591853.096, 150
Trd, 2591853.213, 150
Trd, 2591853.229, 150
Trd, 2591853.746, 150
Trd, 2591854.113, 149
Trd, 2591855.013, 148
Trd, 2591855.246, 150
Trd, 2591855.329, 147
Trd, 2591855.479, 134
Trd, 2591855.713, 147
Trd, 2591855.963, 125
Trd, 2591856.163, 126
Trd, 2591856.713, 139
Trd, 2591856.796, 121
Trd, 2591856.929, 139
Trd, 2591857.096, 141
Trd, 2591857.329, 121
Trd, 2591857.929, 117
Trd, 2591858.379, 105
Trd, 2591858.979, 105
Trd, 2591860.246, 100
Trd, 2591860.379, 100
Trd, 2591860.679, 100
Trd, 2591861.429, 100
Trd, 2591861.713, 100
Trd, 2591862.463, 100
Trd, 2591862.663, 100
Trd, 2591862.696, 100
Trd, 2591863.013, 100
Trd, 2591863.063, 101
Trd, 2591863.129, 107
Trd, 2591863.579, 115
Trd, 2591863.629, 103
Trd, 2591864.463, 110
Trd, 2591864.513, 109
Trd, 2591865.063, 114
Trd, 2591865.379, 118
Trd, 2591865.446, 119
Trd, 2591865.563, 120
Trd, 2591865.946, 120
Trd, 2591865.979, 121
Trd, 2591866.629, 150
Trd, 2591867.329, 150
Trd, 2591867.796, 150
Trd, 2591867.846, 150
Trd, 2591868.279, 150
Trd, 2591868.846, 150
Trd, 2591870.263, 150
Trd, 2591870.429, 150
Trd, 2591871.496, 150
Trd, 2591871.779, 150
Trd, 2591871.929, 149
Trd, 2591873.663, 150
Trd, 2591873.829, 150
Trd, 2591873.996, 150
Trd, 2591874.013, 150
Trd, 2591874.379, 150
Trd, 2591874.729, 149
Trd, 2591875.029, 150
Trd, 2591875.429, 149
Trd, 2591875.829, 148
Trd, 2591876.096, 135
Trd, 2591876.196, 114
Trd, 2591877.129, 145
Trd, 2591877.213, 145
Trd, 2591877.246, 146
Trd, 2591877.346, 106
Trd, 2591877.879, 146
Trd, 2591877.963, 147
Trd, 2591878.179, 146
Trd, 2591878.363, 119
Trd, 2591878.863, 114
Trd, 2591879.496, 136
Trd, 2591879.563, 137
Trd, 2591879.613, 131
Trd, 2591880.163, 131
Trd, 2591880.546, 132
Trd, 2591880.613, 133
Trd, 2591880.963, 132
Trd, 2591881.363, 109
Trd, 2591881.779, 107
Trd, 2591881.929, 106
Trd, 2591881.963, 109
Trd, 2591881.979, 111
Trd, 2591882.863, 100
Trd, 2591883.613, 100
Trd, 2591883.746, 100
Trd, 2591884.713, 100
Trd, 2591885.063, 100
Trd, 2591886.396, 100
Trd, 2591886.713, 100
Trd, 2591887.046, 100
Trd, 2591887.513, 100
Trd, 2591887.846, 100
Trd, 2591888.179, 100
Trd, 2591888.313, 100
Trd, 2591888.746, 100
Trd, 2591888.796, 100
Trd, 2591889.013, 100
Trd, 2591889.346, 100
Trd, 2591889.963, 101
Trd, 2591890.329, 102
Trd, 2591890.646, 102
Trd, 2591890.996, 100
Trd, 2591891.213, 102
Trd, 2591891.313, 102
Trd, 2591891.596, 101
Trd, 2591891.946, 101
Trd, 2591893.329, 100
Trd, 2591893.679, 100
Trd, 2591893.896, 100
Trd, 2591894.079, 100
Trd, 2591894.413, 100
Trd, 2591894.579, 102
Trd, 2591895.079, 100
Trd, 2591895.446, 100
Trd, 2591895.513, 105
Trd, 2591896.313, 100
Trd, 2591896.396, 100
Trd, 2591896.879, 102
Trd, 2591897.163, 102
Trd, 2591897.246, 109
Trd, 2591897.496, 110
Trd, 2591897.979, 100
Trd, 2591898.746, 100
Trd, 2591898.863, 102
Trd, 2591899.463, 117
Trd, 2591900.046, 103
Trd, 2591900.479, 103
Trd, 2591901.146, 117
Trd, 2591902.079, 100
Trd, 2591902.363, 101
Trd, 2591902.763, 103
Trd, 2591902.846, 102
Trd, 2591903.079, 103
Trd, 2591903.129, 104
Trd, 2591903.163, 109
Trd, 2591903.563, 112
Trd, 2591903.996, 102
Trd, 2591904.029, 109
Trd, 2591904.046, 101
Trd, 2591904.296, 114
Trd, 2591905.079, 100
Trd, 2591905.346, 100
Trd, 2591905.979, 100
Trd, 2591906.079, 100
Trd, 2591906.179, 100
Trd, 2591906.396, 100
Trd, 2591906.629, 108
Trd, 2591906.646, 109
Trd, 2591907.263, 108
Trd, 2591907.629, 110
Trd, 2591907.979, 104
Trd, 2591908.379, 118
Trd, 2591908.496, 147
Trd, 2591909.413, 149
Trd, 2591909.663, 148
Trd, 2591911.113, 150
Trd, 2591911.779, 150
Trd, 2591911.963, 150
Trd, 2591911.979, 150
Trd, 2591912.046, 150
Trd, 2591912.163, 150
Trd, 2591912.613, 150
Trd, 2591913.079, 146
Trd, 2591913.113, 147
Trd, 2591913.763, 143
Trd, 2591914.346, 132
Trd, 2591914.429, 132
Trd, 2591914.563, 139
Trd, 2591914.813, 132
Trd, 2591915.029, 130
Trd, 2591915.213, 138
Trd, 2591915.613, 135
Trd, 2591915.646, 136
Trd, 2591915.813, 100
Trd, 2591917.163, 100
Trd, 2591917.313, 100
Trd, 2591917.446, 100
Trd, 2591918.596, 100
Trd, 2591919.446, 100
Trd, 2591919.729, 100
Trd, 2591919.946, 100
Trd, 2591920.063, 100
Trd, 2591920.096, 100
Trd, 2591920.179, 100
Trd, 2591921.146, 101
Trd, 2591921.163, 104
Trd, 2591921.563, 108
Trd, 2591921.846, 112
Trd, 2591922.313, 146
Trd, 2591922.679, 149
Trd, 2591922.813, 145
Trd, 2591923.063, 133
Trd, 2591923.829, 150
Trd, 2591924.713, 150
Trd, 2591925.229, 150
Trd, 2591925.263, 150
Trd, 2591926.396, 150
Trd, 2591926.746, 150
Trd, 2591926.929, 150
Trd, 2591927.063, 150
Trd, 2591927.179, 150
Trd, 2591927.213, 150
Trd, 2591927.846, 150
Trd, 2591928.346, 148
Trd, 2591928.529, 106
Trd, 2591929.246, 149
Trd, 2591929.646, 148
Trd, 2591931.163, 115
Trd, 2591931.413, 129
Trd, 2591931.679, 128
Trd, 2591932.079, 127
Trd, 2591932.146, 126
Trd, 2591932.546, 127
Trd, 2591932.746, 120
Trd, 2591933.029, 112
Trd, 2591933.246, 127
Trd, 2591933.563, 108
Trd, 2591933.796, 129
Trd, 2591934.629, 102
Trd, 2591934.663, 103
Trd, 2591934.696, 129
Trd, 2591934.996, 129
Trd, 2591935.013, 130
Trd, 2591935.313, 119
Trd, 2591935.813, 138
Trd, 2591936.246, 131
Trd, 2591937.229, 101
Trd, 2591937.679, 100
Trd, 2591937.813, 101
Trd, 2591938.046, 104
Trd, 2591938.313, 106
Trd, 2591938.696, 106
Trd, 2591938.746, 107
Trd, 2591940.663, 150
Trd, 2591940.913, 150
Trd, 2591940.946, 150
Trd, 2591941.746, 150
Trd, 2591941.763, 150
Trd, 2591942.179, 150
Trd, 2591942.413, 150
Trd, 2591942.713, 150
Trd, 2591942.846, 150
Trd, 2591943.413, 150
Trd, 2591943.713, 148
Trd, 2591943.946, 149
Trd, 2591944.163, 149
Trd, 2591945.196, 150
Trd, 2591945.329, 150
Trd, 2591945.629, 150
Trd, 2591945.729, 150
Trd, 2591945.979, 150
Trd, 2591946.229, 150
Trd, 2591946.263, 135
Trd, 2591946.329, 149
Trd, 2591946.979, 149
Trd, 2591947.029, 104
Trd, 2591947.913, 104
Trd, 2591949.246, 138
Trd, 2591949.396, 109
Trd, 2591949.429, 139
Trd, 2591949.596, 143
Trd, 2591951.063, 110
Trd, 2591951.296, 113
Trd, 2591952.046, 103
Trd, 2591952.613, 105
Trd, 2591952.763, 104
Trd, 2591953.913, 150
Trd, 2591954.446, 150
Trd, 2591954.563, 150
Trd, 2591954.763, 150
Trd, 2591955.396, 150
Trd, 2591956.013, 150
Trd, 2591956.229, 150
Trd, 2591956.579, 150
Trd, 2591957.629, 150
Trd, 2591957.896, 150
Trd, 2591958.063, 150
Trd, 2591958.313, 150
Trd, 2591958.379, 149
Trd, 2591958.563, 148
Trd, 2591958.663, 146
Trd, 2591958.679, 135
Trd, 2591959.163, 142
Trd, 2591959.213, 121
Trd, 2591959.313, 143
Trd, 2591959.346, 116
Trd, 2591959.413, 110
Trd, 2591959.546, 144
Trd, 2591959.746, 146
Trd, 2591960.013, 146
Trd, 2591960.313, 105
Trd, 2591962.613, 150
Trd, 2591965.213, 150
Trd, 2591965.229, 150
Trd, 2591965.379, 150
Trd, 2591965.529, 150
Trd, 2591965.563, 150
Trd, 2591965.663, 150
Trd, 2591966.146, 149
Trd, 2591966.279, 150
Trd, 2591966.396, 149
Trd, 2591966.813, 150
Trd, 2591966.929, 113
Trd, 2591967.096, 149
Trd, 2591967.113, 112
Trd, 2591967.863, 134
Trd, 2591968.729, 100
Trd, 2591968.996, 100
Trd, 2591969.479, 100
Trd, 2591970.463, 100
Trd, 2591971.379, 100
Trd, 2591972.396, 100
Trd, 2591972.413, 100
Trd, 2591973.096, 100
Trd, 2591973.163, 100
Trd, 2591973.396, 100
Trd, 2591973.446, 100
Trd, 2591973.629, 101
Trd, 2591973.779, 100
Trd, 2591974.013, 103
Trd, 2591974.196, 113
Trd, 2591974.579, 103
Trd, 2591974.596, 114
Trd, 2591974.729, 150
Trd, 2591975.113, 104
Trd, 2591975.296, 105
Trd, 2591975.913, 106
Trd, 2591976.479, 106
Trd, 2591976.946, 118
Trd, 2591977.263, 109
Trd, 2591978.729, 112
Trd, 2591979.413, 136
Trd, 2591979.479, 140
Trd, 2591979.663, 115
Trd, 2591981.096, 150
Trd, 2591981.229, 150
Trd, 2591981.513, 150
Trd, 2591982.013, 150
Trd, 2591982.346, 149
Trd, 2591983.413, 150
Trd, 2591984.713, 150
Trd, 2591984.763, 150
Trd, 2591985.046, 150
Trd, 2591985.946, 150
Trd, 2591986.679, 150
Trd, 2591986.779, 150
Trd, 2591987.896, 150
Trd, 2591988.179, 150
Trd, 2591988.313, 150
Trd, 2591988.363, 150
Trd, 2591988.946, 150
Trd, 2591989.013, 150
Trd, 2591989.129, 149
Trd, 2591989.263, 148
Trd, 2591989.879, 143
Trd, 2591990.429, 141
Trd, 2591990.579, 142
Trd, 2591990.713, 142
Trd, 2591990.746, 141
Trd, 2591990.946, 141
Trd, 2591990.996, 143
Trd, 2591991.046, 145
Trd, 2591991.113, 146
Trd, 2591991.246, 138
Trd, 2591991.479, 129
Trd, 2591991.779, 144
Trd, 2591992.279, 113
Trd, 2591992.346, 107
Trd, 2591994.263, 150
Trd, 2591994.346, 150
Trd, 2591995.146, 149
Trd, 2591995.946, 150
Trd, 2591996.296, 149
Trd, 2591996.329, 149
Trd, 2591996.346, 147
Trd, 2591996.646, 150
Trd, 2591996.896, 135
Trd, 2591997.113, 150
Trd, 2591997.313, 150
Trd, 2591998.029, 149
Trd, 2591998.113, 114
Trd, 2591998.913, 147
Trd, 2591999.046, 118
