Trd, 2590834.646, 100
Trd, 2590834.779, 100
Trd, 2590835.213, 100
Trd, 2590835.246, 100
Trd, 2590835.563, 102
Trd, 2590836.163, 100
Trd, 2590836.229, 102
Trd, 2590836.463, 101
Trd, 2590836.829, 101
Trd, 2590836.929, 102
Trd, 2590837.029, 102
Trd, 2590837.063, 101
Trd, 2590837.129, 114
Trd, 2590837.329, 102
Trd, 2590837.663, 106
Trd, 2590839.813, 117
Trd, 2590840.179, 149
Trd, 2590841.196, 150
Trd, 2590842.029, 150
Trd, 2590842.046, 150
Trd, 2590842.196, 150
Trd, 2590842.629, 150
Trd, 2590842.979, 150
Trd, 2590843.129, 150
Trd, 2590843.213, 150
Trd, 2590843.696, 150
Trd, 2590844.046, 150
Trd, 2590844.346, 150
Trd, 2590845.879, 150
Trd, 2590847.429, 150
Trd, 2590848.146, 150
Trd, 2590848.246, 150
Trd, 2590848.379, 150
Trd, 2590848.846, 150
Trd, 2590849.363, 150
Trd, 2590849.563, 150
Trd, 2590849.763, 150
Trd, 2590849.863, 150
Trd, 2590849.979, 150
Trd, 2590850.079, 150
Trd, 2590850.313, 149
Trd, 2590850.713, 136
Trd, 2590850.779, 129
Trd, 2590851.713, 119
Trd, 2590852.646, 127
Trd, 2590853.029, 124
Trd, 2590853.146, 127
Trd, 2590853.729, 124
Trd, 2590853.779, 122
Trd, 2590853.846, 126
Trd, 2590853.979, 120
Trd, 2590854.446, 126
Trd, 2590854.613, 110
Trd, 2590854.779, 129
Trd, 2590856.363, 125
Trd, 2590856.563, 127
Trd, 2590856.579, 129
Trd, 2590857.046, 149
Trd, 2590857.529, 150
Trd, 2590858.246, 150
Trd, 2590859.696, 150
Trd, 2590859.979, 150
Trd, 2590860.063, 150
Trd, 2590860.913, 150
Trd, 2590861.196, 150
Trd, 2590861.596, 150
Trd, 2590861.963, 149
Trd, 2590862.079, 149
Trd, 2590863.146, 148
Trd, 2590863.546, 150
Trd, 2590863.613, 147
Trd, 2590863.929, 149
Trd, 2590864.196, 137
Trd, 2590864.929, 146
Trd, 2590865.179, 145
Trd, 2590865.263, 149
Trd, 2590865.279, 142
Trd, 2590866.029, 143
Trd, 2590866.046, 144
Trd, 2590866.179, 125
Trd, 2590867.746, 150
Trd, 2590868.479, 150
Trd, 2590868.779, 150
Trd, 2590869.646, 150
Trd, 2590869.813, 150
Trd, 2590870.296, 150
Trd, 2590871.646, 150
Trd, 2590871.913, 150
Trd, 2590872.146, 150
Trd, 2590872.263, 150
Trd, 2590872.529, 150
Trd, 2590872.646, 150
Trd, 2590873.146, 150
Trd, 2590873.446, 150
Trd, 2590873.496, 150
Trd, 2590873.763, 150
Trd, 2590873.946, 150
Trd, 2590874.163, 149
Trd, 2590874.496, 148
Trd, 2590874.879, 144
Trd, 2590875.329, 135
Trd, 2590875.529, 134
Trd, 2590875.579, 131
Trd, 2590875.746, 142
Trd, 2590875.813, 128
Trd, 2590875.946, 123
Trd, 2590876.163, 119
Trd, 2590876.696, 139
Trd, 2590878.146, 118
Trd, 2590878.329, 137
Trd, 2590878.363, 115
Trd, 2590878.429, 137
Trd, 2590878.446, 124
Trd, 2590879.463, 108
Trd, 2590879.613, 106
Trd, 2590879.763, 132
Trd, 2590881.213, 128
Trd, 2590881.396, 104
Trd, 2590881.746, 101
Trd, 2590881.763, 130
Trd, 2590881.863, 119
Trd, 2590882.246, 105
Trd, 2590882.546, 130
Trd, 2590884.163, 149
Trd, 2590884.696, 150
Trd, 2590885.146, 150
Trd, 2590885.363, 150
Trd, 2590885.446, 149
Trd, 2590885.496, 148
Trd, 2590886.729, 150
Trd, 2590886.813, 150
Trd, 2590886.846, 150
Trd, 2590886.863, 150
Trd, 2590887.079, 149
Trd, 2590887.863, 104
Trd, 2590888.196, 102
Trd, 2590888.246, 103
Trd, 2590888.496, 100
Trd, 2590889.896, 100
Trd, 2590890.129, 100
Trd, 2590890.729, 100
Trd, 2590890.846, 100
Trd, 2590890.879, 100
Trd, 2590891.013, 103
Trd, 2590891.346, 101
Trd, 2590891.579, 104
Trd, 2590891.863, 104
Trd, 2590892.363, 150
Trd, 2590893.046, 150
Trd, 2590893.146, 150
Trd, 2590893.429, 150
Trd, 2590894.629, 150
Trd, 2590894.679, 150
Trd, 2590894.696, 149
Trd, 2590896.413, 107
Trd, 2590896.663, 101
Trd, 2590896.963, 103
Trd, 2590897.913, 147
Trd, 2590898.179, 148
Trd, 2590898.246, 144
Trd, 2590898.646, 143
Trd, 2590899.113, 139
Trd, 2590899.196, 148
Trd, 2590899.746, 129
Trd, 2590900.079, 129
Trd, 2590900.096, 128
Trd, 2590900.229, 145
Trd, 2590900.446, 128
Trd, 2590900.613, 117
Trd, 2590900.629, 142
Trd, 2590900.979, 112
Trd, 2590901.229, 113
Trd, 2590902.096, 100
Trd, 2590902.163, 102
Trd, 2590902.546, 150
Trd, 2590903.529, 150
Trd, 2590903.696, 150
Trd, 2590903.779, 150
Trd, 2590904.363, 150
Trd, 2590905.029, 150
Trd, 2590905.213, 150
Trd, 2590905.279, 150
Trd, 2590906.829, 150
Trd, 2590907.013, 150
Trd, 2590907.263, 150
Trd, 2590907.713, 150
Trd, 2590907.863, 149
Trd, 2590908.246, 149
Trd, 2590908.446, 147
Trd, 2590908.513, 148
Trd, 2590908.646, 138
Trd, 2590908.946, 148
Trd, 2590909.413, 138
Trd, 2590909.529, 137
Trd, 2590910.179, 146
Trd, 2590910.263, 125
Trd, 2590911.013, 131
Trd, 2590911.096, 139
Trd, 2590911.363, 150
Trd, 2590911.429, 122
Trd, 2590912.179, 100
Trd, 2590912.596, 105
Trd, 2590913.979, 104
Trd, 2590914.146, 105
Trd, 2590914.679, 100
Trd, 2590916.629, 100
Trd, 2590916.663, 100
Trd, 2590916.763, 100
Trd, 2590917.013, 100
Trd, 2590917.479, 100
Trd, 2590917.863, 100
Trd, 2590917.979, 101
Trd, 2590918.029, 101
Trd, 2590918.229, 100
Trd, 2590918.896, 100
Trd, 2590919.463, 100
Trd, 2590919.796, 100
Trd, 2590919.846, 100
Trd, 2590920.213, 100
Trd, 2590920.446, 100
Trd, 2590920.646, 100
Trd, 2590920.996, 100
Trd, 2590921.013, 103
Trd, 2590921.413, 104
Trd, 2590921.663, 105
Trd, 2590921.846, 105
Trd, 2590921.946, 105
Trd, 2590921.979, 106
Trd, 2590921.996, 105
Trd, 2590922.063, 114
Trd, 2590923.396, 150
Trd, 2590923.713, 150
Trd, 2590923.896, 148
Trd, 2590924.146, 149
Trd, 2590924.463, 130
Trd, 2590925.179, 148
Trd, 2590925.396, 150
Trd, 2590925.479, 149
Trd, 2590925.663, 143
Trd, 2590926.546, 150
Trd, 2590928.513, 150
Trd, 2590928.579, 150
Trd, 2590928.663, 150
Trd, 2590928.696, 150
Trd, 2590929.779, 149
Trd, 2590929.979, 150
Trd, 2590930.829, 109
Trd, 2590930.879, 110
Trd, 2590931.779, 141
Trd, 2590931.913, 138
Trd, 2590931.929, 136
Trd, 2590932.179, 122
Trd, 2590932.396, 148
Trd, 2590932.496, 108
Trd, 2590934.563, 150
Trd, 2590934.829, 150
Trd, 2590934.863, 150
Trd, 2590934.963, 150
Trd, 2590934.996, 148
Trd, 2590935.946, 150
Trd, 2590936.313, 139
Trd, 2590937.146, 129
Trd, 2590937.463, 112
Trd, 2590937.913, 146
Trd, 2590937.929, 139
Trd, 2590937.946, 147
Trd, 2590938.329, 134
Trd, 2590938.529, 134
Trd, 2590938.996, 148
Trd, 2590939.546, 117
Trd, 2590939.763, 100
Trd, 2590939.879, 100
Trd, 2590940.579, 100
Trd, 2590940.829, 100
Trd, 2590942.029, 100
Trd, 2590942.996, 100
Trd, 2590943.146, 100
Trd, 2590943.629, 100
Trd, 2590943.713, 100
Trd, 2590943.779, 100
Trd, 2590944.063, 111
Trd, 2590944.279, 111
Trd, 2590944.529, 105
Trd, 2590944.746, 105
Trd, 2590945.246, 150
Trd, 2590945.529, 150
Trd, 2590945.546, 147
Trd, 2590945.629, 145
Trd, 2590945.713, 138
Trd, 2590946.696, 150
Trd, 2590947.279, 150
Trd, 2590947.629, 150
Trd, 2590947.913, 150
Trd, 2590948.129, 150
Trd, 2590948.229, 150
Trd, 2590948.963, 150
Trd, 2590950.079, 150
Trd, 2590950.363, 150
Trd, 2590950.663, 150
Trd, 2590950.913, 150
Trd, 2590953.346, 150
Trd, 2590953.979, 150
Trd, 2590954.313, 150
Trd, 2590954.996, 150
Trd, 2590955.229, 150
Trd, 2590955.279, 150
Trd, 2590955.513, 150
Trd, 2590955.579, 150
Trd, 2590955.629, 150
Trd, 2590956.079, 150
Trd, 2590956.129, 150
Trd, 2590956.779, 150
Trd, 2590957.129, 150
Trd, 2590957.313, 150
Trd, 2590957.379, 150
Trd, 2590957.496, 150
Trd, 2590957.779, 149
Trd, 2590957.879, 146
Trd, 2590958.613, 150
Trd, 2590958.646, 150
Trd, 2590958.679, 148
Trd, 2590958.963, 143
Trd, 2590959.779, 134
Trd, 2590959.896, 148
Trd, 2590960.529, 126
Trd, 2590961.079, 146
Trd, 2590961.129, 136
Trd, 2590961.996, 126
Trd, 2590962.229, 127
Trd, 2590962.396, 118
Trd, 2590962.679, 117
Trd, 2590962.696, 112
Trd, 2590962.963, 100
Trd, 2590963.213, 141
Trd, 2590963.329, 141
Trd, 2590963.429, 130
Trd, 2590963.529, 107
Trd, 2590965.263, 101
Trd, 2590966.063, 100
Trd, 2590966.313, 100
Trd, 2590966.513, 100
Trd, 2590966.679, 100
Trd, 2590966.879, 100
Trd, 2590967.129, 101
Trd, 2590967.413, 100
Trd, 2590967.496, 100
Trd, 2590967.529, 102
Trd, 2590967.613, 108
Trd, 2590968.363, 100
Trd, 2590968.713, 149
Trd, 2590969.829, 150
Trd, 2590970.213, 150
Trd, 2590970.663, 150
Trd, 2590970.813, 150
Trd, 2590971.196, 150
Trd, 2590971.479, 150
Trd, 2590971.546, 150
Trd, 2590971.596, 150
Trd, 2590971.779, 145
Trd, 2590972.096, 131
Trd, 2590973.579, 143
Trd, 2590973.746, 125
Trd, 2590973.946, 124
Trd, 2590974.179, 123
Trd, 2590974.379, 132
Trd, 2590975.329, 131
Trd, 2590976.546, 100
Trd, 2590976.613, 101
Trd, 2590977.213, 100
Trd, 2590978.079, 100
Trd, 2590978.246, 100
Trd, 2590978.429, 100
Trd, 2590978.563, 100
Trd, 2590978.796, 102
Trd, 2590978.829, 100
Trd, 2590978.879, 102
Trd, 2590979.029, 101
Trd, 2590979.229, 102
Trd, 2590979.813, 107
Trd, 2590980.763, 149
Trd, 2590981.063, 150
Trd, 2590981.329, 147
Trd, 2590981.496, 143
Trd, 2590982.046, 112
Trd, 2590984.813, 117
Trd, 2590984.846, 128
Trd, 2590984.879, 129
Trd, 2590986.096, 150
Trd, 2590986.196, 150
Trd, 2590986.713, 150
Trd, 2590986.929, 149
Trd, 2590987.146, 150
Trd, 2590987.263, 150
Trd, 2590987.446, 150
Trd, 2590987.513, 149
Trd, 2590988.529, 145
Trd, 2590988.546, 144
Trd, 2590989.296, 140
Trd, 2590989.613, 136
Trd, 2590989.996, 140
Trd, 2590990.079, 145
Trd, 2590990.163, 127
Trd, 2590990.363, 126
Trd, 2590991.179, 150
Trd, 2590991.679, 150
Trd, 2590991.713, 150
Trd, 2590991.779, 149
Trd, 2590992.429, 150
Trd, 2590993.163, 150
Trd, 2590994.263, 150
Trd, 2590994.996, 150
Trd, 2590996.013, 150
Trd, 2590996.329, 150
Trd, 2590996.579, 150
Trd, 2590996.746, 150
Trd, 2590996.779, 150
Trd, 2590997.379, 139
Trd, 2590997.429, 144
Trd, 2590997.479, 138
Trd, 2590997.613, 145
Trd, 2590997.646, 146
Trd, 2590999.146, 150
Trd, 2590999.163, 147
Trd, 2591000.596, 150
Trd, 2591000.929, 150
Trd, 2591001.679, 150
Trd, 2591001.763, 150
Trd, 2591001.929, 150
Trd, 2591002.513, 150
Trd, 2591002.763, 150
Trd, 2591002.996, 150
Trd, 2591003.579, 140
Trd, 2591003.713, 138
Trd, 2591003.846, 139
Trd, 2591004.346, 138
Trd, 2591004.396, 139
Trd, 2591004.629, 135
Trd, 2591005.179, 150
Trd, 2591005.213, 145
Trd, 2591005.396, 136
Trd, 2591005.729, 136
Trd, 2591005.996, 134
Trd, 2591006.929, 146
Trd, 2591007.329, 101
Trd, 2591007.663, 100
Trd, 2591008.029, 100
Trd, 2591008.546, 100
Trd, 2591008.629, 101
Trd, 2591008.829, 100
Trd, 2591009.146, 101
Trd, 2591009.946, 150
Trd, 2591010.463, 150
Trd, 2591010.496, 150
Trd, 2591012.029, 150
Trd, 2591012.046, 150
Trd, 2591012.096, 149
Trd, 2591012.163, 148
Trd, 2591012.863, 100
Trd, 2591013.496, 100
Trd, 2591013.563, 100
Trd, 2591014.029, 100
Trd, 2591014.513, 100
Trd, 2591014.563, 100
Trd, 2591015.529, 101
Trd, 2591015.646, 102
Trd, 2591015.746, 100
Trd, 2591016.013, 101
Trd, 2591016.846, 100
Trd, 2591017.529, 100
Trd, 2591017.679, 100
Trd, 2591017.929, 101
Trd, 2591018.246, 100
Trd, 2591018.396, 100
Trd, 2591019.163, 101
Trd, 2591019.679, 101
Trd, 2591019.946, 104
Trd, 2591020.196, 106
Trd, 2591020.479, 147
Trd, 2591020.496, 146
Trd, 2591021.213, 150
Trd, 2591021.229, 150
Trd, 2591021.329, 138
Trd, 2591022.079, 112
Trd, 2591023.746, 150
Trd, 2591023.879, 150
Trd, 2591024.179, 150
Trd, 2591024.563, 150
Trd, 2591024.646, 150
Trd, 2591025.129, 145
Trd, 2591025.579, 150
Trd, 2591026.146, 146
Trd, 2591026.663, 143
Trd, 2591026.696, 145
Trd, 2591026.963, 150
Trd, 2591027.046, 150
Trd, 2591027.463, 150
Trd, 2591027.496, 143
Trd, 2591027.596, 144
Trd, 2591027.913, 150
Trd, 2591028.129, 150
Trd, 2591028.496, 150
Trd, 2591028.913, 150
Trd, 2591029.629, 150
Trd, 2591029.929, 149
Trd, 2591030.363, 150
Trd, 2591030.929, 150
Trd, 2591031.146, 139
Trd, 2591031.246, 138
Trd, 2591031.279, 132
Trd, 2591032.396, 150
Trd, 2591032.963, 150
Trd, 2591033.796, 150
Trd, 2591033.846, 150
Trd, 2591034.763, 150
Trd, 2591034.779, 150
Trd, 2591035.529, 150
Trd, 2591035.896, 150
Trd, 2591036.046, 150
Trd, 2591037.746, 150
Trd, 2591038.363, 150
Trd, 2591038.479, 150
Trd, 2591038.629, 150
Trd, 2591038.729, 150
Trd, 2591038.929, 138
Trd, 2591039.329, 137
Trd, 2591039.346, 133
Trd, 2591039.446, 127
Trd, 2591040.013, 106
Trd, 2591040.079, 107
Trd, 2591040.613, 102
Trd, 2591041.013, 100
Trd, 2591041.396, 100
Trd, 2591041.913, 100
Trd, 2591041.996, 100
Trd, 2591042.013, 100
Trd, 2591042.163, 103
Trd, 2591042.646, 105
Trd, 2591042.979, 104
Trd, 2591043.779, 102
Trd, 2591043.846, 103
Trd, 2591043.946, 102
Trd, 2591043.963, 101
Trd, 2591044.729, 100
Trd, 2591045.179, 100
Trd, 2591045.663, 100
Trd, 2591045.863, 100
Trd, 2591046.429, 100
Trd, 2591046.879, 100
Trd, 2591047.579, 101
Trd, 2591047.779, 101
Trd, 2591047.996, 102
Trd, 2591048.229, 100
Trd, 2591048.596, 102
Trd, 2591049.029, 101
Trd, 2591049.179, 103
Trd, 2591049.529, 102
Trd, 2591049.746, 100
Trd, 2591049.996, 113
Trd, 2591050.696, 105
Trd, 2591051.096, 113
Trd, 2591051.563, 116
Trd, 2591051.979, 101
Trd, 2591052.379, 101
Trd, 2591052.613, 101
Trd, 2591053.163, 106
Trd, 2591054.863, 100
Trd, 2591054.879, 100
Trd, 2591055.046, 101
Trd, 2591055.079, 102
Trd, 2591055.563, 104
Trd, 2591056.079, 101
Trd, 2591056.363, 103
Trd, 2591056.713, 100
Trd, 2591057.096, 100
Trd, 2591057.129, 101
Trd, 2591057.179, 104
Trd, 2591057.529, 105
Trd, 2591058.163, 101
Trd, 2591058.463, 101
Trd, 2591058.863, 112
Trd, 2591058.913, 103
Trd, 2591059.513, 104
Trd, 2591059.563, 103
Trd, 2591060.013, 107
Trd, 2591060.546, 107
Trd, 2591060.679, 104
Trd, 2591060.829, 109
Trd, 2591061.146, 109
Trd, 2591061.729, 105
Trd, 2591061.779, 110
Trd, 2591061.863, 106
Trd, 2591062.596, 129
Trd, 2591062.629, 133
Trd, 2591062.813, 137
Trd, 2591064.146, 116
Trd, 2591064.829, 150
Trd, 2591064.896, 147
Trd, 2591064.979, 111
Trd, 2591065.246, 111
Trd, 2591065.846, 115
Trd, 2591065.929, 148
Trd, 2591065.996, 149
Trd, 2591066.013, 148
Trd, 2591066.246, 149
Trd, 2591066.846, 148
Trd, 2591066.996, 130
Trd, 2591068.313, 147
Trd, 2591068.563, 147
Trd, 2591068.996, 137
Trd, 2591070.963, 150
Trd, 2591071.163, 149
Trd, 2591071.329, 150
Trd, 2591071.729, 147
Trd, 2591072.096, 146
Trd, 2591072.446, 123
Trd, 2591073.046, 118
Trd, 2591073.413, 115
Trd, 2591073.663, 122
Trd, 2591073.679, 123
Trd, 2591073.696, 124
Trd, 2591073.929, 125
Trd, 2591074.296, 118
Trd, 2591074.546, 127
Trd, 2591074.679, 128
Trd, 2591074.879, 117
Trd, 2591074.929, 129
Trd, 2591075.829, 122
Trd, 2591076.263, 150
Trd, 2591077.546, 150
Trd, 2591078.079, 149
Trd, 2591078.379, 149
Trd, 2591079.879, 136
Trd, 2591079.913, 136
Trd, 2591080.113, 137
Trd, 2591080.263, 136
Trd, 2591080.313, 134
Trd, 2591080.463, 133
Trd, 2591080.563, 135
Trd, 2591080.846, 130
Trd, 2591080.863, 136
Trd, 2591081.029, 138
Trd, 2591081.279, 150
Trd, 2591081.329, 144
Trd, 2591081.446, 128
Trd, 2591081.896, 139
Trd, 2591083.346, 150
Trd, 2591083.629, 149
Trd, 2591083.646, 136
Trd, 2591085.746, 150
Trd, 2591087.079, 150
Trd, 2591087.796, 150
Trd, 2591088.013, 150
Trd, 2591088.563, 150
Trd, 2591089.046, 150
Trd, 2591089.329, 150
Trd, 2591090.063, 150
Trd, 2591090.296, 150
Trd, 2591090.613, 150
Trd, 2591090.979, 150
Trd, 2591090.996, 150
Trd, 2591091.013, 150
Trd, 2591091.279, 150
Trd, 2591091.346, 150
Trd, 2591091.379, 150
Trd, 2591091.446, 150
Trd, 2591091.563, 149
Trd, 2591092.146, 130
Trd, 2591092.229, 117
Trd, 2591092.546, 142
Trd, 2591092.663, 125
Trd, 2591092.679, 141
Trd, 2591093.246, 120
Trd, 2591093.729, 136
Trd, 2591095.279, 124
Trd, 2591095.296, 120
Trd, 2591095.363, 124
Trd, 2591095.496, 117
Trd, 2591095.846, 124
Trd, 2591095.946, 118
Trd, 2591096.129, 127
Trd, 2591096.396, 126
Trd, 2591097.013, 121
Trd, 2591097.063, 124
Trd, 2591097.813, 130
Trd, 2591098.679, 115
Trd, 2591098.779, 135
Trd, 2591098.863, 114
Trd, 2591098.946, 107
Trd, 2591099.996, 130
Trd, 2591100.429, 150
Trd, 2591100.879, 150
Trd, 2591101.163, 150
Trd, 2591101.213, 150
Trd, 2591102.096, 150
Trd, 2591102.296, 150
Trd, 2591102.413, 150
Trd, 2591102.463, 150
Trd, 2591102.546, 150
Trd, 2591102.763, 141
Trd, 2591103.429, 150
Trd, 2591103.846, 150
Trd, 2591104.246, 150
Trd, 2591104.846, 150
Trd, 2591105.063, 150
Trd, 2591105.196, 150
Trd, 2591105.296, 150
Trd, 2591106.013, 150
Trd, 2591106.279, 149
Trd, 2591106.429, 128
Trd, 2591107.313, 150
Trd, 2591108.379, 150
Trd, 2591108.846, 150
Trd, 2591110.846, 150
Trd, 2591111.229, 150
Trd, 2591111.313, 150
Trd, 2591111.796, 150
Trd, 2591111.813, 150
Trd, 2591111.979, 149
Trd, 2591112.029, 149
Trd, 2591112.263, 150
Trd, 2591112.763, 145
Trd, 2591113.379, 139
Trd, 2591113.429, 137
Trd, 2591113.629, 126
Trd, 2591113.663, 138
Trd, 2591114.446, 132
Trd, 2591115.196, 127
Trd, 2591115.429, 129
Trd, 2591115.663, 129
Trd, 2591115.763, 130
Trd, 2591115.846, 129
Trd, 2591115.946, 131
Trd, 2591116.063, 129
Trd, 2591116.646, 150
Trd, 2591117.279, 145
Trd, 2591117.396, 144
Trd, 2591117.713, 144
Trd, 2591117.779, 145
Trd, 2591118.046, 145
Trd, 2591118.096, 146
Trd, 2591120.579, 150
Trd, 2591120.696, 150
Trd, 2591121.129, 149
Trd, 2591121.379, 136
Trd, 2591121.813, 150
Trd, 2591122.596, 150
Trd, 2591123.413, 150
Trd, 2591123.846, 150
Trd, 2591125.263, 150
Trd, 2591125.463, 150
Trd, 2591125.529, 150
Trd, 2591125.546, 150
Trd, 2591125.629, 150
Trd, 2591126.179, 150
Trd, 2591126.463, 150
Trd, 2591126.629, 150
Trd, 2591126.813, 150
Trd, 2591126.863, 150
Trd, 2591127.213, 148
Trd, 2591127.546, 150
Trd, 2591127.979, 148
Trd, 2591128.013, 147
Trd, 2591128.513, 147
Trd, 2591129.046, 148
Trd, 2591129.479, 142
Trd, 2591129.629, 149
Trd, 2591130.579, 150
Trd, 2591130.646, 143
Trd, 2591131.379, 138
Trd, 2591132.596, 150
Trd, 2591132.896, 150
Trd, 2591133.046, 150
Trd, 2591134.813, 150
Trd, 2591135.046, 150
Trd, 2591135.229, 150
Trd, 2591135.363, 150
Trd, 2591136.229, 150
Trd, 2591137.963, 150
Trd, 2591137.996, 150
Trd, 2591138.113, 150
Trd, 2591138.246, 150
Trd, 2591138.513, 150
Trd, 2591138.679, 150
Trd, 2591138.763, 150
Trd, 2591139.213, 150
Trd, 2591139.296, 150
Trd, 2591139.946, 150
Trd, 2591140.213, 142
Trd, 2591140.579, 147
Trd, 2591140.613, 109
Trd, 2591141.363, 144
Trd, 2591141.563, 144
Trd, 2591141.579, 145
Trd, 2591142.029, 141
Trd, 2591142.046, 124
Trd, 2591142.679, 104
Trd, 2591143.363, 117
Trd, 2591144.113, 130
Trd, 2591144.446, 136
Trd, 2591144.463, 138
Trd, 2591145.146, 137
Trd, 2591145.279, 138
Trd, 2591145.329, 139
Trd, 2591145.629, 135
Trd, 2591145.763, 141
Trd, 2591146.029, 135
Trd, 2591146.579, 150
Trd, 2591146.829, 150
Trd, 2591146.896, 149
Trd, 2591147.713, 136
Trd, 2591147.846, 130
Trd, 2591148.329, 130
Trd, 2591148.729, 128
Trd, 2591149.096, 130
Trd, 2591149.246, 126
Trd, 2591149.613, 130
Trd, 2591149.979, 132
Trd, 2591150.329, 148
Trd, 2591150.579, 147
Trd, 2591151.046, 150
Trd, 2591151.263, 117
Trd, 2591151.896, 105
Trd, 2591152.163, 104
Trd, 2591153.163, 150
Trd, 2591153.429, 102
Trd, 2591154.463, 144
Trd, 2591155.363, 100
Trd, 2591155.663, 100
Trd, 2591155.963, 100
Trd, 2591157.246, 100
Trd, 2591157.463, 100
Trd, 2591157.479, 100
Trd, 2591157.629, 100
Trd, 2591158.313, 101
Trd, 2591158.563, 102
Trd, 2591158.613, 100
Trd, 2591158.846, 102
Trd, 2591159.263, 106
Trd, 2591159.329, 109
Trd, 2591159.363, 112
Trd, 2591160.096, 116
Trd, 2591160.213, 107
Trd, 2591160.246, 105
Trd, 2591160.296, 117
Trd, 2591160.313, 119
Trd, 2591160.463, 118
Trd, 2591160.696, 104
Trd, 2591160.946, 105
Trd, 2591161.863, 128
Trd, 2591162.429, 141
Trd, 2591162.513, 142
Trd, 2591162.579, 107
Trd, 2591162.713, 144
Trd, 2591163.129, 104
Trd, 2591163.363, 105
Trd, 2591163.629, 103
Trd, 2591163.646, 125
Trd, 2591164.846, 111
Trd, 2591165.029, 111
Trd, 2591165.646, 110
Trd, 2591166.279, 131
Trd, 2591167.813, 150
Trd, 2591167.946, 150
Trd, 2591168.513, 150
Trd, 2591168.629, 150
Trd, 2591168.846, 150
Trd, 2591170.079, 150
Trd, 2591170.563, 149
Trd, 2591170.646, 149
Trd, 2591170.929, 149
Trd, 2591172.696, 150
Trd, 2591173.229, 150
Trd, 2591173.279, 150
Trd, 2591173.479, 149
Trd, 2591173.546, 149
Trd, 2591173.896, 149
Trd, 2591173.929, 147
Trd, 2591174.229, 147
Trd, 2591175.013, 137
Trd, 2591175.113, 104
Trd, 2591175.563, 132
Trd, 2591176.279, 107
Trd, 2591176.679, 102
Trd, 2591177.096, 100
Trd, 2591177.296, 100
Trd, 2591177.546, 100
Trd, 2591178.246, 100
Trd, 2591178.463, 101
Trd, 2591178.746, 101
Trd, 2591179.146, 100
Trd, 2591179.563, 100
Trd, 2591179.829, 101
Trd, 2591180.029, 101
Trd, 2591180.446, 102
Trd, 2591180.463, 102
Trd, 2591180.729, 100
Trd, 2591180.846, 101
Trd, 2591181.063, 103
Trd, 2591181.146, 101
Trd, 2591181.246, 101
Trd, 2591181.579, 101
Trd, 2591181.596, 102
Trd, 2591183.129, 107
Trd, 2591183.379, 150
Trd, 2591183.596, 149
Trd, 2591183.729, 115
Trd, 2591184.646, 145
Trd, 2591185.396, 148
Trd, 2591185.679, 110
Trd, 2591185.863, 150
Trd, 2591186.529, 150
Trd, 2591186.879, 134
Trd, 2591187.196, 135
Trd, 2591187.629, 150
Trd, 2591187.763, 136
Trd, 2591188.163, 144
Trd, 2591188.529, 143
Trd, 2591189.013, 148
Trd, 2591189.563, 149
Trd, 2591189.663, 150
Trd, 2591190.063, 150
Trd, 2591190.179, 150
Trd, 2591190.546, 148
Trd, 2591191.279, 150
Trd, 2591191.496, 148
Trd, 2591191.529, 149
Trd, 2591191.596, 147
Trd, 2591192.046, 150
Trd, 2591192.213, 149
Trd, 2591193.079, 145
Trd, 2591193.679, 145
Trd, 2591194.179, 137
Trd, 2591194.313, 137
Trd, 2591194.696, 136
Trd, 2591195.096, 140
Trd, 2591195.129, 142
Trd, 2591195.613, 148
Trd, 2591195.679, 137
Trd, 2591196.479, 150
Trd, 2591196.829, 150
Trd, 2591197.213, 150
Trd, 2591198.313, 150
Trd, 2591198.546, 149
Trd, 2591198.829, 148
Trd, 2591199.263, 149
Trd, 2591200.813, 150
Trd, 2591200.829, 149
Trd, 2591201.213, 148
Trd, 2591201.463, 148
Trd, 2591201.629, 147
Trd, 2591201.729, 137
Trd, 2591203.213, 149
Trd, 2591203.279, 147
Trd, 2591203.513, 150
Trd, 2591204.363, 148
Trd, 2591205.379, 147
Trd, 2591205.579, 147
Trd, 2591206.013, 148
Trd, 2591206.079, 147
Trd, 2591206.279, 146
Trd, 2591206.513, 147
Trd, 2591206.563, 148
Trd, 2591206.796, 149
Trd, 2591207.379, 138
Trd, 2591207.496, 131
Trd, 2591207.846, 145
Trd, 2591208.446, 142
Trd, 2591208.513, 120
Trd, 2591208.546, 113
Trd, 2591208.729, 142
Trd, 2591208.979, 105
Trd, 2591209.246, 144
Trd, 2591210.246, 150
Trd, 2591210.429, 150
Trd, 2591210.929, 150
Trd, 2591211.113, 150
Trd, 2591211.163, 150
Trd, 2591211.746, 150
Trd, 2591211.913, 150
Trd, 2591212.513, 150
Trd, 2591212.829, 150
Trd, 2591214.496, 150
Trd, 2591214.529, 150
Trd, 2591214.596, 149
Trd, 2591214.863, 144
Trd, 2591215.646, 134
Trd, 2591215.979, 124
Trd, 2591216.763, 150
Trd, 2591216.779, 150
Trd, 2591216.979, 149
Trd, 2591217.713, 150
Trd, 2591217.946, 150
Trd, 2591218.646, 149
Trd, 2591219.396, 150
Trd, 2591220.513, 150
Trd, 2591220.963, 150
Trd, 2591221.463, 150
Trd, 2591221.579, 150
Trd, 2591221.613, 150
Trd, 2591221.763, 150
Trd, 2591221.963, 150
Trd, 2591221.979, 150
Trd, 2591222.413, 149
Trd, 2591222.829, 144
Trd, 2591222.846, 132
Trd, 2591223.113, 148
Trd, 2591223.929, 122
Trd, 2591224.513, 143
Trd, 2591224.846, 144
Trd, 2591224.979, 146
Trd, 2591225.479, 136
Trd, 2591225.629, 121
Trd, 2591226.113, 149
Trd, 2591226.446, 150
Trd, 2591227.029, 150
Trd, 2591227.529, 150
Trd, 2591228.246, 150
Trd, 2591228.363, 150
Trd, 2591228.629, 150
Trd, 2591228.713, 150
Trd, 2591228.729, 149
Trd, 2591229.079, 150
Trd, 2591230.496, 150
Trd, 2591230.763, 150
Trd, 2591231.346, 150
Trd, 2591231.429, 150
Trd, 2591231.879, 150
Trd, 2591232.363, 150
Trd, 2591233.396, 150
Trd, 2591233.696, 148
Trd, 2591233.796, 147
Trd, 2591234.513, 125
Trd, 2591235.413, 150
Trd, 2591235.763, 148
Trd, 2591235.896, 145
Trd, 2591236.179, 146
Trd, 2591236.513, 133
Trd, 2591237.329, 135
Trd, 2591237.513, 134
Trd, 2591237.563, 133
Trd, 2591237.613, 132
Trd, 2591237.929, 134
Trd, 2591237.946, 135
Trd, 2591238.146, 133
Trd, 2591238.479, 134
Trd, 2591238.929, 134
Trd, 2591239.113, 133
Trd, 2591239.363, 134
Trd, 2591239.379, 135
Trd, 2591239.779, 136
Trd, 2591240.379, 135
Trd, 2591240.513, 118
Trd, 2591241.013, 131
Trd, 2591241.796, 135
Trd, 2591242.046, 116
Trd, 2591242.946, 150
Trd, 2591243.663, 150
Trd, 2591243.929, 150
Trd, 2591244.213, 150
Trd, 2591244.813, 150
Trd, 2591244.879, 150
Trd, 2591245.029, 150
Trd, 2591245.246, 150
Trd, 2591245.896, 150
Trd, 2591246.196, 150
Trd, 2591246.363, 150
Trd, 2591247.213, 150
Trd, 2591247.396, 150
Trd, 2591247.863, 150
Trd, 2591248.913, 150
Trd, 2591249.313, 150
Trd, 2591249.629, 150
Trd, 2591249.663, 149
Trd, 2591250.346, 150
Trd, 2591251.229, 150
Trd, 2591251.346, 150
Trd, 2591251.696, 130
Trd, 2591252.613, 135
Trd, 2591253.863, 150
Trd, 2591254.329, 150
Trd, 2591254.963, 150
Trd, 2591255.196, 150
Trd, 2591255.296, 150
Trd, 2591255.696, 150
Trd, 2591255.713, 150
Trd, 2591255.763, 150
Trd, 2591256.079, 150
Trd, 2591256.329, 150
Trd, 2591256.513, 148
Trd, 2591256.613, 148
Trd, 2591256.863, 133
Trd, 2591257.196, 149
Trd, 2591257.296, 147
Trd, 2591257.613, 132
Trd, 2591257.829, 149
Trd, 2591258.363, 141
Trd, 2591258.429, 122
Trd, 2591259.579, 122
Trd, 2591259.646, 140
Trd, 2591260.163, 140
Trd, 2591260.246, 141
Trd, 2591260.596, 124
Trd, 2591261.579, 135
Trd, 2591261.813, 125
Trd, 2591261.979, 125
Trd, 2591262.346, 135
Trd, 2591263.013, 134
Trd, 2591263.146, 135
Trd, 2591263.213, 124
Trd, 2591263.313, 135
Trd, 2591264.929, 150
Trd, 2591264.963, 149
Trd, 2591265.046, 139
Trd, 2591265.396, 136
Trd, 2591265.979, 150
Trd, 2591266.129, 124
Trd, 2591266.513, 149
Trd, 2591267.346, 149
Trd, 2591268.379, 150
Trd, 2591268.446, 150
Trd, 2591269.746, 150
Trd, 2591269.879, 150
Trd, 2591270.546, 150
Trd, 2591271.096, 150
Trd, 2591271.113, 150
Trd, 2591271.279, 150
Trd, 2591271.496, 150
Trd, 2591271.996, 150
Trd, 2591272.313, 150
Trd, 2591273.429, 150
Trd, 2591273.529, 150
Trd, 2591274.079, 150
Trd, 2591274.296, 150
Trd, 2591274.346, 150
Trd, 2591274.913, 150
Trd, 2591274.929, 150
Trd, 2591275.429, 150
Trd, 2591275.496, 149
Trd, 2591275.696, 149
Trd, 2591275.763, 131
Trd, 2591276.029, 117
Trd, 2591276.279, 115
Trd, 2591276.813, 100
Trd, 2591276.929, 100
Trd, 2591277.179, 100
Trd, 2591277.196, 100
Trd, 2591277.713, 100
Trd, 2591277.879, 100
Trd, 2591278.013, 100
Trd, 2591278.029, 101
Trd, 2591279.363, 150
Trd, 2591280.963, 150
Trd, 2591281.363, 150
Trd, 2591283.346, 150
Trd, 2591284.296, 150
Trd, 2591284.713, 150
Trd, 2591285.346, 150
Trd, 2591286.429, 150
Trd, 2591287.029, 150
Trd, 2591287.346, 150
Trd, 2591287.479, 150
Trd, 2591287.563, 150
Trd, 2591287.646, 150
Trd, 2591287.796, 150
Trd, 2591287.829, 150
Trd, 2591287.846, 149
Trd, 2591288.329, 148
Trd, 2591288.346, 148
Trd, 2591288.429, 149
Trd, 2591288.813, 147
Trd, 2591289.796, 147
Trd, 2591289.896, 141
Trd, 2591290.046, 128
Trd, 2591290.596, 148
Trd, 2591290.979, 148
Trd, 2591291.029, 149
Trd, 2591291.129, 147
Trd, 2591291.346, 129
Trd, 2591291.513, 149
Trd, 2591291.563, 130
Trd, 2591291.913, 150
Trd, 2591292.229, 149
Trd, 2591293.246, 150
Trd, 2591294.329, 150
Trd, 2591294.579, 150
Trd, 2591294.829, 150
Trd, 2591295.696, 150
Trd, 2591296.346, 150
Trd, 2591296.746, 150
Trd, 2591297.363, 150
Trd, 2591297.963, 150
Trd, 2591298.729, 150
Trd, 2591299.146, 150
Trd, 2591299.613, 150
Trd, 2591299.963, 150
Trd, 2591300.179, 150
Trd, 2591300.213, 150
Trd, 2591300.579, 131
Trd, 2591301.463, 141
Trd, 2591302.029, 140
Trd, 2591302.346, 138
Trd, 2591302.729, 137
Trd, 2591303.129, 132
Trd, 2591303.146, 135
Trd, 2591303.229, 136
Trd, 2591303.263, 124
Trd, 2591303.413, 131
Trd, 2591303.446, 122
Trd, 2591304.029, 109
Trd, 2591304.413, 134
Trd, 2591305.029, 120
Trd, 2591305.913, 117
Trd, 2591306.129, 131
Trd, 2591306.363, 131
Trd, 2591306.429, 120
Trd, 2591306.446, 119
Trd, 2591306.479, 132
Trd, 2591307.563, 122
Trd, 2591308.063, 120
Trd, 2591308.863, 115
Trd, 2591309.063, 124
Trd, 2591309.513, 123
Trd, 2591309.596, 123
Trd, 2591309.846, 117
Trd, 2591310.179, 124
Trd, 2591310.363, 128
Trd, 2591310.413, 116
Trd, 2591310.846, 115
Trd, 2591311.379, 150
Trd, 2591311.913, 150
Trd, 2591312.063, 150
Trd, 2591312.346, 148
Trd, 2591312.629, 144
Trd, 2591313.396, 133
Trd, 2591313.663, 130
Trd, 2591313.796, 118
Trd, 2591315.079, 150
Trd, 2591315.296, 150
Trd, 2591315.346, 149
Trd, 2591315.463, 128
Trd, 2591316.996, 147
Trd, 2591317.079, 147
Trd, 2591317.163, 146
Trd, 2591317.379, 145
Trd, 2591317.779, 145
Trd, 2591317.846, 132
Trd, 2591318.329, 150
Trd, 2591318.679, 148
Trd, 2591318.913, 146
Trd, 2591319.296, 105
Trd, 2591319.946, 133
Trd, 2591320.213, 132
Trd, 2591320.863, 100
Trd, 2591320.979, 100
Trd, 2591321.096, 102
Trd, 2591321.196, 103
Trd, 2591321.996, 101
Trd, 2591322.113, 100
Trd, 2591322.146, 102
Trd, 2591322.696, 100
Trd, 2591323.196, 101
Trd, 2591323.729, 104
Trd, 2591323.829, 103
Trd, 2591324.629, 104
Trd, 2591324.763, 109
Trd, 2591325.446, 105
Trd, 2591325.963, 103
Trd, 2591326.546, 100
Trd, 2591327.096, 100
Trd, 2591327.196, 101
Trd, 2591328.479, 100
Trd, 2591328.696, 100
Trd, 2591329.313, 101
Trd, 2591329.396, 103
Trd, 2591329.796, 100
Trd, 2591329.896, 105
Trd, 2591330.013, 105
Trd, 2591330.146, 103
Trd, 2591330.913, 102
Trd, 2591331.379, 104
Trd, 2591331.463, 104
Trd, 2591331.563, 103
Trd, 2591332.013, 100
Trd, 2591332.096, 102
Trd, 2591333.096, 100
Trd, 2591333.163, 100
Trd, 2591333.329, 102
Trd, 2591334.579, 107
Trd, 2591334.813, 110
Trd, 2591335.063, 111
Trd, 2591335.529, 108
Trd, 2591335.629, 105
Trd, 2591335.729, 104
Trd, 2591336.063, 106
Trd, 2591336.713, 101
Trd, 2591337.613, 102
Trd, 2591337.779, 104
Trd, 2591338.096, 100
Trd, 2591338.313, 101
Trd, 2591338.396, 102
Trd, 2591338.446, 102
Trd, 2591339.413, 104
Trd, 2591340.313, 103
Trd, 2591340.663, 103
Trd, 2591340.846, 104
Trd, 2591341.463, 100
Trd, 2591341.779, 100
Trd, 2591342.046, 105
Trd, 2591342.913, 106
Trd, 2591343.229, 122
Trd, 2591343.446, 107
Trd, 2591343.779, 150
Trd, 2591343.863, 150
Trd, 2591344.779, 150
Trd, 2591346.263, 150
Trd, 2591346.463, 150
Trd, 2591346.563, 150
Trd, 2591346.629, 150
Trd, 2591346.663, 149
Trd, 2591347.146, 150
Trd, 2591347.263, 150
Trd, 2591347.813, 150
Trd, 2591348.413, 150
Trd, 2591348.596, 150
Trd, 2591348.929, 150
Trd, 2591349.696, 150
Trd, 2591349.813, 150
Trd, 2591349.963, 150
Trd, 2591349.996, 150
Trd, 2591350.446, 150
Trd, 2591350.496, 150
Trd, 2591350.663, 150
Trd, 2591351.213, 149
Trd, 2591351.696, 150
Trd, 2591351.929, 136
Trd, 2591352.246, 136
Trd, 2591352.396, 124
Trd, 2591352.513, 149
Trd, 2591352.813, 117
Trd, 2591352.879, 113
Trd, 2591353.429, 149
Trd, 2591354.179, 103
Trd, 2591354.596, 106
Trd, 2591355.013, 147
Trd, 2591355.096, 142
Trd, 2591356.329, 143
Trd, 2591356.996, 146
Trd, 2591357.496, 150
Trd, 2591357.613, 150
Trd, 2591358.029, 150
Trd, 2591359.229, 150
Trd, 2591360.296, 150
Trd, 2591360.413, 150
Trd, 2591360.663, 150
Trd, 2591360.679, 150
Trd, 2591360.713, 149
Trd, 2591361.529, 150
Trd, 2591361.729, 150
Trd, 2591361.779, 146
Trd, 2591361.813, 146
Trd, 2591361.929, 150
Trd, 2591362.196, 150
Trd, 2591362.879, 150
Trd, 2591362.946, 150
Trd, 2591363.279, 150
Trd, 2591363.596, 150
Trd, 2591364.029, 150
Trd, 2591364.196, 150
Trd, 2591364.679, 139
Trd, 2591364.963, 150
Trd, 2591364.996, 150
Trd, 2591365.629, 134
Trd, 2591366.096, 124
Trd, 2591366.279, 123
Trd, 2591366.529, 146
Trd, 2591366.546, 148
Trd, 2591367.229, 148
Trd, 2591368.396, 150
Trd, 2591368.913, 149
Trd, 2591369.013, 150
Trd, 2591369.096, 142
Trd, 2591369.379, 138
Trd, 2591369.963, 150
Trd, 2591371.579, 150
Trd, 2591371.679, 150
Trd, 2591372.779, 137
Trd, 2591372.846, 136
Trd, 2591373.013, 132
Trd, 2591373.113, 142
Trd, 2591373.613, 123
Trd, 2591374.079, 140
Trd, 2591374.163, 117
Trd, 2591374.279, 141
Trd, 2591374.346, 116
Trd, 2591375.013, 143
Trd, 2591376.596, 150
Trd, 2591377.346, 150
Trd, 2591377.646, 150
Trd, 2591378.479, 150
Trd, 2591378.613, 150
Trd, 2591378.696, 150
Trd, 2591378.879, 150
Trd, 2591380.529, 150
Trd, 2591380.696, 150
Trd, 2591380.946, 150
Trd, 2591381.479, 150
Trd, 2591381.763, 150
Trd, 2591381.796, 150
Trd, 2591381.829, 150
Trd, 2591381.929, 149
Trd, 2591382.913, 139
Trd, 2591383.579, 142
Trd, 2591383.663, 139
Trd, 2591383.696, 138
Trd, 2591383.946, 133
Trd, 2591384.029, 132
Trd, 2591384.263, 139
Trd, 2591384.429, 129
Trd, 2591384.463, 127
Trd, 2591384.496, 139
Trd, 2591384.513, 140
Trd, 2591384.979, 116
Trd, 2591386.146, 100
Trd, 2591386.179, 100
Trd, 2591386.496, 100
Trd, 2591387.046, 101
Trd, 2591387.329, 101
Trd, 2591388.046, 101
Trd, 2591388.113, 102
Trd, 2591388.129, 103
Trd, 2591388.229, 106
Trd, 2591388.563, 106
Trd, 2591389.929, 150
Trd, 2591390.163, 150
Trd, 2591390.179, 149
Trd, 2591390.579, 150
Trd, 2591391.913, 150
Trd, 2591392.246, 150
Trd, 2591393.113, 150
Trd, 2591393.246, 150
Trd, 2591393.729, 150
Trd, 2591393.979, 150
Trd, 2591394.296, 148
Trd, 2591394.363, 148
Trd, 2591395.013, 150
Trd, 2591395.113, 149
Trd, 2591395.213, 149
Trd, 2591395.413, 150
Trd, 2591396.913, 150
Trd, 2591397.029, 137
Trd, 2591397.179, 137
Trd, 2591397.196, 132
Trd, 2591397.646, 116
Trd, 2591397.729, 150
Trd, 2591397.763, 114
Trd, 2591398.079, 144
Trd, 2591399.396, 150
Trd, 2591400.429, 150
Trd, 2591401.646, 150
Trd, 2591401.946, 150
Trd, 2591402.079, 150
Trd, 2591402.263, 150
Trd, 2591403.463, 149
Trd, 2591403.546, 149
Trd, 2591403.596, 149
Trd, 2591403.796, 149
Trd, 2591404.279, 148
Trd, 2591404.479, 146
Trd, 2591404.596, 148
Trd, 2591404.879, 148
Trd, 2591404.996, 147
Trd, 2591405.729, 150
Trd, 2591406.296, 150
Trd, 2591407.063, 146
Trd, 2591407.579, 137
Trd, 2591407.663, 148
Trd, 2591408.079, 137
Trd, 2591408.296, 147
Trd, 2591408.679, 118
Trd, 2591409.679, 140
Trd, 2591409.696, 119
Trd, 2591409.796, 118
Trd, 2591410.929, 136
Trd, 2591411.013, 137
Trd, 2591411.329, 135
Trd, 2591411.429, 134
Trd, 2591411.646, 134
Trd, 2591411.746, 126
Trd, 2591411.763, 117
Trd, 2591411.929, 134
Trd, 2591412.229, 135
Trd, 2591412.463, 117
Trd, 2591413.929, 150
Trd, 2591414.013, 150
Trd, 2591415.179, 150
Trd, 2591415.213, 149
Trd, 2591415.563, 150
Trd, 2591416.163, 150
Trd, 2591416.296, 147
Trd, 2591417.429, 150
Trd, 2591417.479, 148
Trd, 2591418.329, 146
Trd, 2591418.563, 150
Trd, 2591419.146, 140
Trd, 2591419.346, 131
Trd, 2591420.629, 129
Trd, 2591420.929, 136
Trd, 2591421.346, 138
Trd, 2591421.579, 134
Trd, 2591421.663, 133
Trd, 2591421.713, 131
Trd, 2591421.996, 133
Trd, 2591422.013, 130
Trd, 2591422.146, 134
Trd, 2591422.413, 130
Trd, 2591422.713, 128
Trd, 2591422.929, 127
Trd, 2591422.996, 128
Trd, 2591423.013, 129
Trd, 2591423.479, 129
Trd, 2591423.596, 120
Trd, 2591423.629, 119
Trd, 2591423.763, 130
Trd, 2591423.896, 125
Trd, 2591424.346, 138
Trd, 2591425.363, 145
Trd, 2591426.079, 150
Trd, 2591426.663, 150
Trd, 2591426.679, 150
Trd, 2591427.013, 150
Trd, 2591427.596, 150
Trd, 2591427.846, 150
Trd, 2591427.913, 150
Trd, 2591428.129, 150
Trd, 2591428.196, 150
Trd, 2591428.846, 140
Trd, 2591429.279, 133
Trd, 2591429.596, 125
Trd, 2591429.829, 150
Trd, 2591430.646, 125
Trd, 2591432.013, 150
Trd, 2591432.263, 150
Trd, 2591432.496, 150
Trd, 2591433.079, 150
Trd, 2591433.346, 145
Trd, 2591433.629, 144
Trd, 2591433.763, 143
Trd, 2591433.829, 144
Trd, 2591434.113, 132
Trd, 2591434.779, 129
Trd, 2591435.563, 127
Trd, 2591436.263, 123
Trd, 2591436.346, 124
Trd, 2591436.829, 122
Trd, 2591437.029, 122
Trd, 2591437.063, 122
Trd, 2591438.246, 118
Trd, 2591438.379, 119
Trd, 2591438.879, 109
Trd, 2591439.113, 119
Trd, 2591439.596, 150
Trd, 2591440.196, 147
Trd, 2591440.213, 140
Trd, 2591440.346, 138
Trd, 2591440.463, 138
Trd, 2591440.863, 138
Trd, 2591441.563, 150
Trd, 2591441.929, 150
Trd, 2591441.996, 150
Trd, 2591442.546, 148
Trd, 2591442.879, 132
Trd, 2591442.896, 130
Trd, 2591443.029, 118
Trd, 2591443.196, 147
Trd, 2591443.796, 107
Trd, 2591445.096, 124
Trd, 2591445.396, 145
Trd, 2591445.779, 145
Trd, 2591445.846, 146
Trd, 2591445.879, 140
Trd, 2591446.513, 125
Trd, 2591447.429, 150
Trd, 2591448.046, 150
Trd, 2591448.213, 150
Trd, 2591449.263, 149
Trd, 2591449.429, 150
Trd, 2591449.513, 149
Trd, 2591449.763, 143
Trd, 2591450.646, 150
Trd, 2591450.829, 150
Trd, 2591450.846, 150
Trd, 2591451.713, 150
Trd, 2591451.746, 150
Trd, 2591451.896, 150
Trd, 2591451.996, 150
Trd, 2591452.146, 150
Trd, 2591452.296, 149
Trd, 2591452.663, 146
Trd, 2591452.846, 145
Trd, 2591453.279, 148
Trd, 2591453.563, 147
Trd, 2591454.446, 146
Trd, 2591454.563, 140
Trd, 2591454.646, 139
Trd, 2591455.079, 144
Trd, 2591455.379, 143
Trd, 2591455.979, 130
Trd, 2591457.029, 117
Trd, 2591457.829, 150
Trd, 2591458.213, 150
Trd, 2591458.496, 131
Trd, 2591459.179, 150
Trd, 2591459.329, 149
Trd, 2591459.346, 130
Trd, 2591459.729, 115
Trd, 2591459.813, 123
Trd, 2591461.579, 100
Trd, 2591461.746, 100
Trd, 2591461.846, 100
Trd, 2591462.479, 100
Trd, 2591462.613, 100
Trd, 2591462.679, 100
Trd, 2591463.079, 101
Trd, 2591463.463, 102
Trd, 2591464.046, 117
Trd, 2591464.679, 108
Trd, 2591465.196, 100
Trd, 2591465.313, 105
Trd, 2591465.329, 116
Trd, 2591466.163, 100
Trd, 2591466.429, 101
Trd, 2591466.529, 100
Trd, 2591467.196, 101
Trd, 2591467.263, 100
Trd, 2591467.279, 101
Trd, 2591467.379, 100
Trd, 2591467.496, 101
Trd, 2591467.796, 115
Trd, 2591468.063, 102
Trd, 2591468.613, 105
Trd, 2591468.846, 103
Trd, 2591469.679, 108
Trd, 2591470.213, 150
Trd, 2591471.063, 150
Trd, 2591472.129, 150
Trd, 2591472.146, 149
Trd, 2591472.513, 148
Trd, 2591472.763, 143
Trd, 2591473.013, 131
Trd, 2591473.329, 150
Trd, 2591474.396, 150
Trd, 2591474.496, 150
Trd, 2591474.713, 150
Trd, 2591475.996, 150
Trd, 2591476.529, 150
Trd, 2591477.896, 150
Trd, 2591477.929, 150
Trd, 2591477.946, 150
Trd, 2591478.329, 150
Trd, 2591478.563, 150
Trd, 2591478.696, 149
Trd, 2591479.029, 147
Trd, 2591479.063, 138
Trd, 2591479.463, 145
Trd, 2591479.913, 140
Trd, 2591479.946, 142
Trd, 2591480.529, 139
Trd, 2591480.663, 140
Trd, 2591481.046, 142
Trd, 2591481.113, 114
Trd, 2591481.579, 143
Trd, 2591481.613, 124
Trd, 2591482.079, 129
Trd, 2591482.479, 148
Trd, 2591482.796, 143
Trd, 2591482.896, 109
Trd, 2591483.146, 107
Trd, 2591483.196, 106
Trd, 2591483.429, 147
Trd, 2591483.813, 100
Trd, 2591484.146, 101
Trd, 2591484.846, 135
Trd, 2591485.496, 101
Trd, 2591485.646, 111
Trd, 2591486.079, 105
Trd, 2591486.763, 101
Trd, 2591487.629, 100
Trd, 2591488.063, 100
Trd, 2591488.463, 100
Trd, 2591488.729, 100
Trd, 2591489.296, 100
Trd, 2591490.179, 101
Trd, 2591490.829, 101
Trd, 2591491.179, 100
Trd, 2591491.213, 101
Trd, 2591491.546, 105
Trd, 2591492.579, 107
Trd, 2591492.863, 107
Trd, 2591493.196, 122
Trd, 2591493.296, 124
Trd, 2591493.446, 108
Trd, 2591493.546, 125
Trd, 2591493.979, 124
Trd, 2591494.813, 125
Trd, 2591494.979, 120
Trd, 2591495.146, 116
Trd, 2591495.546, 115
Trd, 2591497.679, 150
Trd, 2591498.063, 150
Trd, 2591498.713, 150
Trd, 2591499.496, 150
Trd, 2591499.679, 150
Trd, 2591499.713, 150
Trd, 2591499.896, 150
Trd, 2591500.413, 150
Trd, 2591500.463, 150
Trd, 2591500.596, 150
Trd, 2591500.629, 149
Trd, 2591500.996, 148
Trd, 2591501.113, 147
Trd, 2591501.563, 150
Trd, 2591501.813, 150
Trd, 2591501.863, 149
Trd, 2591502.079, 148
Trd, 2591502.096, 136
Trd, 2591502.246, 131
Trd, 2591502.279, 131
Trd, 2591502.796, 120
Trd, 2591504.563, 149
Trd, 2591505.096, 149
Trd, 2591505.613, 143
Trd, 2591505.713, 140
Trd, 2591505.846, 139
Trd, 2591505.879, 132
Trd, 2591506.429, 150
Trd, 2591507.413, 130
Trd, 2591507.696, 150
Trd, 2591508.496, 150
Trd, 2591508.663, 150
Trd, 2591509.696, 150
Trd, 2591509.879, 150
Trd, 2591510.979, 150
Trd, 2591511.113, 150
Trd, 2591511.496, 150
Trd, 2591511.529, 150
Trd, 2591511.763, 150
Trd, 2591511.813, 150
Trd, 2591511.996, 150
Trd, 2591512.113, 150
Trd, 2591512.446, 149
Trd, 2591512.763, 144
Trd, 2591512.863, 147
Trd, 2591512.896, 148
Trd, 2591513.363, 138
Trd, 2591514.379, 139
Trd, 2591514.479, 133
Trd, 2591515.263, 121
Trd, 2591515.396, 118
Trd, 2591515.696, 137
Trd, 2591516.329, 107
Trd, 2591516.963, 132
Trd, 2591517.163, 131
Trd, 2591517.179, 108
Trd, 2591517.829, 109
Trd, 2591518.829, 100
Trd, 2591518.863, 100
Trd, 2591519.513, 100
Trd, 2591519.629, 100
Trd, 2591519.779, 101
Trd, 2591520.246, 100
Trd, 2591520.296, 101
Trd, 2591520.413, 102
Trd, 2591520.879, 101
Trd, 2591521.263, 102
Trd, 2591521.413, 102
Trd, 2591521.713, 102
Trd, 2591521.913, 103
Trd, 2591522.296, 107
Trd, 2591522.596, 108
Trd, 2591522.713, 106
Trd, 2591523.146, 104
Trd, 2591523.246, 109
Trd, 2591523.496, 104
Trd, 2591523.579, 105
Trd, 2591524.146, 146
Trd, 2591524.663, 141
Trd, 2591526.113, 150
Trd, 2591526.729, 150
Trd, 2591527.179, 150
Trd, 2591527.413, 150
Trd, 2591529.113, 150
Trd, 2591529.146, 150
Trd, 2591529.413, 150
Trd, 2591530.013, 150
Trd, 2591530.463, 150
Trd, 2591530.629, 149
Trd, 2591530.846, 148
Trd, 2591531.046, 149
Trd, 2591531.063, 138
Trd, 2591531.079, 131
Trd, 2591531.729, 103
Trd, 2591532.296, 128
Trd, 2591532.413, 129
Trd, 2591532.813, 108
Trd, 2591532.863, 130
Trd, 2591532.896, 105
Trd, 2591533.529, 105
Trd, 2591534.413, 126
Trd, 2591534.929, 123
Trd, 2591535.013, 127
Trd, 2591535.046, 114
Trd, 2591535.629, 111
Trd, 2591535.796, 112
Trd, 2591536.029, 127
Trd, 2591536.246, 108
Trd, 2591536.513, 127
Trd, 2591536.913, 127
Trd, 2591537.196, 123
Trd, 2591537.429, 127
Trd, 2591537.779, 109
Trd, 2591537.863, 107
Trd, 2591538.229, 105
Trd, 2591539.379, 150
Trd, 2591539.763, 147
Trd, 2591540.896, 150
Trd, 2591540.929, 150
Trd, 2591541.379, 150
Trd, 2591541.479, 150
Trd, 2591541.646, 150
Trd, 2591542.013, 149
Trd, 2591542.046, 147
Trd, 2591542.346, 150
Trd, 2591542.713, 138
Trd, 2591542.763, 137
Trd, 2591542.813, 135
Trd, 2591542.929, 150
Trd, 2591543.279, 122
Trd, 2591543.596, 144
Trd, 2591544.713, 138
Trd, 2591545.179, 116
Trd, 2591545.563, 115
Trd, 2591545.679, 142
Trd, 2591546.363, 115
Trd, 2591546.463, 116
Trd, 2591546.563, 110
Trd, 2591546.763, 140
Trd, 2591547.229, 143
Trd, 2591548.113, 122
Trd, 2591548.146, 111
Trd, 2591548.413, 109
Trd, 2591548.929, 131
Trd, 2591549.529, 120
Trd, 2591549.679, 132
Trd, 2591549.829, 119
Trd, 2591550.163, 135
Trd, 2591551.696, 139
Trd, 2591553.196, 150
Trd, 2591553.246, 150
Trd, 2591553.329, 150
Trd, 2591554.046, 150
Trd, 2591554.079, 150
Trd, 2591554.613, 150
Trd, 2591554.713, 150
Trd, 2591554.829, 150
Trd, 2591555.296, 150
Trd, 2591555.463, 150
Trd, 2591555.613, 150
Trd, 2591555.913, 150
Trd, 2591556.979, 150
Trd, 2591558.163, 150
Trd, 2591558.246, 150
Trd, 2591558.279, 149
Trd, 2591558.463, 138
Trd, 2591560.046, 150
Trd, 2591560.713, 150
Trd, 2591560.896, 150
Trd, 2591561.179, 150
Trd, 2591562.146, 150
Trd, 2591562.496, 150
Trd, 2591562.579, 150
Trd, 2591563.146, 150
Trd, 2591563.313, 150
Trd, 2591563.546, 150
Trd, 2591563.563, 150
Trd, 2591564.113, 149
Trd, 2591564.179, 148
Trd, 2591564.413, 141
Trd, 2591564.563, 130
Trd, 2591564.879, 147
Trd, 2591564.979, 140
Trd, 2591565.246, 118
Trd, 2591565.529, 148
Trd, 2591565.696, 113
Trd, 2591565.929, 112
Trd, 2591566.479, 129
Trd, 2591566.513, 127
Trd, 2591566.746, 139
Trd, 2591567.163, 102
Trd, 2591567.446, 136
Trd, 2591567.846, 136
Trd, 2591569.079, 113
Trd, 2591570.313, 103
Trd, 2591570.446, 109
Trd, 2591570.813, 107
Trd, 2591570.879, 108
Trd, 2591571.063, 110
Trd, 2591571.413, 112
Trd, 2591571.663, 134
Trd, 2591572.463, 136
Trd, 2591572.679, 150
Trd, 2591573.296, 150
Trd, 2591573.329, 150
Trd, 2591573.929, 150
Trd, 2591574.079, 150
Trd, 2591574.463, 150
Trd, 2591574.629, 150
Trd, 2591574.946, 150
Trd, 2591575.129, 146
Trd, 2591575.246, 138
Trd, 2591576.196, 134
Trd, 2591576.279, 134
Trd, 2591577.446, 134
Trd, 2591577.863, 149
Trd, 2591578.729, 149
Trd, 2591579.013, 150
Trd, 2591579.496, 149
Trd, 2591579.829, 143
Trd, 2591580.146, 121
Trd, 2591580.663, 123
Trd, 2591581.029, 122
Trd, 2591581.213, 122
Trd, 2591581.379, 112
Trd, 2591581.429, 122
Trd, 2591581.446, 109
Trd, 2591581.513, 124
Trd, 2591582.696, 150
Trd, 2591582.946, 150
Trd, 2591582.996, 150
Trd, 2591583.529, 150
Trd, 2591584.279, 150
Trd, 2591585.346, 150
Trd, 2591585.879, 150
Trd, 2591585.946, 150
Trd, 2591586.029, 150
Trd, 2591586.463, 149
Trd, 2591587.146, 150
Trd, 2591588.046, 150
Trd, 2591588.463, 150
Trd, 2591588.546, 150
Trd, 2591588.563, 150
Trd, 2591589.013, 150
Trd, 2591589.229, 149
Trd, 2591589.446, 130
Trd, 2591589.913, 147
Trd, 2591590.513, 140
Trd, 2591590.829, 147
Trd, 2591590.913, 148
Trd, 2591591.913, 149
Trd, 2591592.013, 143
Trd, 2591592.196, 147
Trd, 2591592.363, 146
Trd, 2591592.496, 143
Trd, 2591592.613, 145
Trd, 2591592.729, 146
Trd, 2591592.929, 144
Trd, 2591592.963, 142
Trd, 2591593.563, 143
Trd, 2591593.979, 144
Trd, 2591594.029, 147
Trd, 2591594.246, 142
Trd, 2591595.196, 150
Trd, 2591596.563, 150
Trd, 2591597.013, 150
Trd, 2591597.313, 140
Trd, 2591597.996, 150
Trd, 2591598.013, 140
Trd, 2591598.796, 150
Trd, 2591598.996, 149
Trd, 2591599.013, 149
Trd, 2591599.396, 139
Trd, 2591599.946, 148
Trd, 2591600.413, 149
Trd, 2591600.679, 147
Trd, 2591600.846, 138
Trd, 2591601.196, 131
Trd, 2591601.546, 132
Trd, 2591601.929, 131
Trd, 2591602.163, 141
Trd, 2591603.113, 130
Trd, 2591603.513, 131
Trd, 2591603.796, 141
Trd, 2591604.929, 121
Trd, 2591605.079, 118
Trd, 2591605.146, 112
Trd, 2591606.396, 132
Trd, 2591606.496, 133
Trd, 2591606.546, 135
Trd, 2591606.729, 132
Trd, 2591606.879, 136
Trd, 2591606.979, 130
Trd, 2591607.579, 136
Trd, 2591607.946, 135
Trd, 2591608.063, 132
Trd, 2591608.179, 130
Trd, 2591608.663, 115
Trd, 2591608.896, 110
Trd, 2591609.413, 133
Trd, 2591609.613, 135
Trd, 2591609.963, 150
Trd, 2591610.196, 131
Trd, 2591610.979, 146
Trd, 2591611.246, 150
Trd, 2591612.046, 150
Trd, 2591612.213, 150
Trd, 2591612.913, 150
Trd, 2591613.046, 150
Trd, 2591613.079, 150
Trd, 2591613.213, 150
Trd, 2591613.263, 148
Trd, 2591614.413, 150
Trd, 2591615.396, 150
Trd, 2591615.596, 150
Trd, 2591615.796, 150
Trd, 2591616.079, 150
Trd, 2591616.329, 150
Trd, 2591616.346, 150
Trd, 2591616.896, 150
Trd, 2591619.929, 150
Trd, 2591620.196, 150
Trd, 2591620.263, 150
Trd, 2591620.363, 150
Trd, 2591620.479, 150
Trd, 2591620.579, 147
Trd, 2591620.629, 147
Trd, 2591620.729, 146
Trd, 2591621.529, 133
Trd, 2591622.396, 121
Trd, 2591622.429, 144
Trd, 2591623.379, 101
Trd, 2591623.529, 104
Trd, 2591623.696, 137
Trd, 2591623.879, 108
Trd, 2591624.196, 107
Trd, 2591624.279, 105
Trd, 2591624.363, 107
Trd, 2591624.579, 108
Trd, 2591624.679, 107
Trd, 2591625.279, 107
Trd, 2591625.396, 114
Trd, 2591625.429, 107
Trd, 2591625.596, 121
Trd, 2591625.696, 104
Trd, 2591626.813, 147
Trd, 2591626.946, 137
Trd, 2591627.196, 148
Trd, 2591627.296, 137
Trd, 2591627.813, 136
Trd, 2591628.679, 148
Trd, 2591631.079, 150
Trd, 2591631.096, 150
Trd, 2591632.346, 150
Trd, 2591633.079, 150
Trd, 2591633.096, 150
Trd, 2591633.163, 150
Trd, 2591633.229, 150
Trd, 2591633.413, 149
Trd, 2591633.646, 147
Trd, 2591633.946, 145
Trd, 2591634.263, 144
Trd, 2591634.413, 143
Trd, 2591634.429, 132
Trd, 2591634.679, 129
Trd, 2591634.979, 143
Trd, 2591635.563, 122
Trd, 2591635.729, 142
Trd, 2591636.313, 142
Trd, 2591637.229, 150
Trd, 2591637.379, 150
Trd, 2591638.196, 150
Trd, 2591638.463, 150
Trd, 2591639.079, 150
Trd, 2591639.746, 150
Trd, 2591640.096, 150
Trd, 2591642.446, 150
Trd, 2591642.629, 150
Trd, 2591642.879, 150
Trd, 2591643.213, 150
Trd, 2591643.296, 150
Trd, 2591643.529, 150
Trd, 2591643.596, 150
Trd, 2591644.546, 150
Trd, 2591644.663, 150
Trd, 2591645.113, 150
Trd, 2591645.379, 149
Trd, 2591645.579, 148
Trd, 2591645.796, 147
Trd, 2591646.596, 129
Trd, 2591647.013, 126
Trd, 2591647.029, 142
Trd, 2591647.146, 119
Trd, 2591647.213, 124
Trd, 2591647.229, 118
Trd, 2591647.313, 145
Trd, 2591647.329, 111
Trd, 2591647.863, 144
Trd, 2591648.346, 146
Trd, 2591648.379, 113
Trd, 2591648.496, 146
Trd, 2591649.729, 104
Trd, 2591650.146, 101
Trd, 2591650.529, 110
Trd, 2591650.779, 101
Trd, 2591651.829, 150
Trd, 2591651.863, 150
Trd, 2591652.063, 150
Trd, 2591652.829, 136
Trd, 2591653.113, 150
Trd, 2591653.979, 147
Trd, 2591654.746, 146
Trd, 2591654.813, 145
Trd, 2591655.313, 144
Trd, 2591655.346, 144
Trd, 2591655.496, 148
Trd, 2591656.346, 142
Trd, 2591656.613, 141
Trd, 2591656.696, 136
Trd, 2591656.813, 120
Trd, 2591656.896, 142
Trd, 2591657.229, 117
Trd, 2591658.146, 100
Trd, 2591658.229, 100
Trd, 2591658.529, 101
Trd, 2591658.829, 101
Trd, 2591658.963, 102
Trd, 2591659.413, 102
Trd, 2591659.746, 102
Trd, 2591659.829, 103
Trd, 2591660.196, 104
Trd, 2591660.379, 141
Trd, 2591660.629, 106
Trd, 2591662.579, 150
Trd, 2591662.696, 150
Trd, 2591663.263, 150
Trd, 2591664.829, 150
Trd, 2591665.229, 150
Trd, 2591665.513, 150
Trd, 2591665.946, 150
Trd, 2591667.063, 150
Trd, 2591667.713, 150
Trd, 2591668.213, 150
Trd, 2591668.496, 150
Trd, 2591668.546, 150
Trd, 2591668.813, 150
Trd, 2591668.863, 150
Trd, 2591669.263, 150
Trd, 2591669.396, 150
Trd, 2591669.496, 150
Trd, 2591669.929, 150
Trd, 2591670.563, 150
Trd, 2591671.063, 150
Trd, 2591671.179, 150
Trd, 2591671.213, 150
Trd, 2591673.313, 150
Trd, 2591673.346, 150
Trd, 2591673.363, 150
Trd, 2591673.879, 150
Trd, 2591674.079, 150
Trd, 2591674.296, 150
Trd, 2591674.396, 150
Trd, 2591674.479, 149
Trd, 2591674.546, 138
Trd, 2591675.513, 150
Trd, 2591675.779, 145
Trd, 2591675.996, 132
Trd, 2591676.146, 130
Trd, 2591676.446, 149
Trd, 2591676.696, 148
Trd, 2591677.079, 146
Trd, 2591677.096, 148
Trd, 2591677.913, 150
Trd, 2591677.929, 130
Trd, 2591679.596, 150
Trd, 2591679.646, 150
Trd, 2591681.979, 150
Trd, 2591682.179, 150
Trd, 2591682.263, 150
Trd, 2591682.663, 150
Trd, 2591682.763, 150
Trd, 2591682.896, 150
Trd, 2591682.996, 150
Trd, 2591683.179, 150
Trd, 2591683.196, 124
Trd, 2591683.363, 123
Trd, 2591683.596, 149
Trd, 2591684.246, 106
Trd, 2591684.329, 148
Trd, 2591684.529, 150
Trd, 2591684.696, 150
Trd, 2591684.946, 150
Trd, 2591686.179, 150
Trd, 2591686.729, 150
Trd, 2591689.079, 150
Trd, 2591689.429, 150
Trd, 2591689.563, 150
Trd, 2591690.029, 150
Trd, 2591690.613, 150
Trd, 2591691.013, 150
Trd, 2591691.063, 150
Trd, 2591691.196, 149
Trd, 2591691.329, 146
Trd, 2591691.513, 150
Trd, 2591691.863, 138
Trd, 2591692.513, 150
Trd, 2591693.346, 143
Trd, 2591693.413, 138
Trd, 2591693.563, 140
Trd, 2591693.596, 137
Trd, 2591693.846, 135
Trd, 2591693.879, 134
Trd, 2591694.179, 137
Trd, 2591694.496, 137
Trd, 2591694.913, 109
Trd, 2591696.446, 104
Trd, 2591696.579, 103
Trd, 2591696.629, 105
Trd, 2591697.763, 100
Trd, 2591698.079, 100
Trd, 2591699.313, 100
Trd, 2591699.346, 100
Trd, 2591699.429, 101
Trd, 2591699.796, 100
Trd, 2591699.996, 101
Trd, 2591700.413, 102
Trd, 2591700.696, 102
Trd, 2591700.863, 101
Trd, 2591701.213, 102
Trd, 2591701.263, 103
Trd, 2591701.446, 100
Trd, 2591701.696, 100
Trd, 2591702.113, 100
Trd, 2591702.479, 100
Trd, 2591703.113, 102
Trd, 2591703.463, 109
Trd, 2591703.529, 110
Trd, 2591703.913, 120
Trd, 2591705.429, 101
Trd, 2591705.513, 102
Trd, 2591705.713, 102
Trd, 2591705.863, 103
Trd, 2591705.946, 116
Trd, 2591706.996, 105
Trd, 2591707.663, 130
Trd, 2591707.796, 106
Trd, 2591708.879, 150
Trd, 2591708.946, 150
Trd, 2591709.296, 150
Trd, 2591709.363, 138
Trd, 2591709.429, 110
Trd, 2591710.879, 150
Trd, 2591711.213, 149
Trd, 2591712.129, 150
Trd, 2591712.146, 149
Trd, 2591712.496, 150
Trd, 2591712.829, 149
Trd, 2591713.346, 147
Trd, 2591713.463, 147
Trd, 2591713.763, 144
Trd, 2591713.896, 144
Trd, 2591713.946, 143
Trd, 2591714.546, 128
Trd, 2591714.613, 124
Trd, 2591714.896, 128
Trd, 2591715.196, 114
Trd, 2591715.246, 108
Trd, 2591715.813, 136
Trd, 2591716.113, 138
Trd, 2591716.746, 137
Trd, 2591716.813, 115
Trd, 2591717.329, 116
Trd, 2591717.446, 115
Trd, 2591717.846, 138
Trd, 2591717.929, 139
Trd, 2591718.696, 105
Trd, 2591720.346, 150
Trd, 2591720.596, 150
Trd, 2591720.746, 150
Trd, 2591720.946, 144
Trd, 2591721.679, 150
Trd, 2591722.296, 148
Trd, 2591722.829, 150
Trd, 2591722.846, 146
Trd, 2591723.196, 150
Trd, 2591723.596, 150
Trd, 2591724.779, 150
Trd, 2591725.096, 150
Trd, 2591725.279, 150
Trd, 2591725.729, 150
Trd, 2591725.996, 150
Trd, 2591726.813, 149
Trd, 2591727.613, 150
Trd, 2591728.013, 150
Trd, 2591728.296, 150
Trd, 2591728.479, 150
Trd, 2591728.513, 150
Trd, 2591728.646, 150
Trd, 2591728.846, 150
Trd, 2591728.863, 150
Trd, 2591729.196, 121
Trd, 2591729.479, 120
Trd, 2591729.546, 108
Trd, 2591729.779, 101
Trd, 2591730.229, 100
Trd, 2591730.279, 100
Trd, 2591730.946, 100
Trd, 2591731.163, 100
Trd, 2591733.146, 100
Trd, 2591733.496, 100
Trd, 2591733.946, 100
Trd, 2591734.146, 100
Trd, 2591734.363, 100
Trd, 2591735.213, 100
Trd, 2591735.446, 101
Trd, 2591735.596, 101
Trd, 2591735.729, 100
Trd, 2591736.396, 102
Trd, 2591736.779, 102
Trd, 2591736.813, 103
Trd, 2591736.829, 103
Trd, 2591736.846, 102
Trd, 2591737.029, 105
Trd, 2591737.113, 105
Trd, 2591737.213, 105
Trd, 2591737.796, 150
Trd, 2591737.846, 103
Trd, 2591737.913, 103
Trd, 2591738.746, 149
Trd, 2591738.863, 139
Trd, 2591739.379, 137
Trd, 2591740.279, 102
Trd, 2591740.879, 111
Trd, 2591741.696, 106
Trd, 2591742.079, 103
Trd, 2591742.346, 112
Trd, 2591742.463, 112
Trd, 2591742.646, 112
Trd, 2591743.229, 103
Trd, 2591743.463, 102
Trd, 2591744.346, 100
Trd, 2591744.446, 101
Trd, 2591746.313, 100
Trd, 2591746.529, 100
Trd, 2591746.563, 100
Trd, 2591746.963, 100
Trd, 2591747.413, 100
Trd, 2591747.446, 100
Trd, 2591747.663, 100
Trd, 2591748.113, 100
Trd, 2591748.246, 100
Trd, 2591748.796, 100
Trd, 2591749.463, 100
Trd, 2591749.546, 101
Trd, 2591749.763, 102
Trd, 2591750.129, 100
Trd, 2591750.546, 101
Trd, 2591751.413, 100
Trd, 2591752.096, 100
Trd, 2591752.163, 100
Trd, 2591752.496, 100
Trd, 2591752.996, 100
Trd, 2591753.046, 101
Trd, 2591753.129, 102
Trd, 2591753.163, 102
Trd, 2591753.296, 103
Trd, 2591753.463, 150
Trd, 2591754.313, 104
Trd, 2591754.863, 103
Trd, 2591755.229, 102
Trd, 2591755.863, 102
Trd, 2591756.313, 102
Trd, 2591756.529, 103
Trd, 2591756.729, 101
Trd, 2591756.879, 103
Trd, 2591757.213, 104
Trd, 2591757.496, 108
Trd, 2591758.129, 102
Trd, 2591758.946, 100
Trd, 2591760.046, 100
Trd, 2591760.263, 100
Trd, 2591760.679, 100
Trd, 2591760.879, 102
Trd, 2591761.429, 103
Trd, 2591761.529, 107
Trd, 2591761.763, 107
Trd, 2591761.879, 108
Trd, 2591762.063, 109
Trd, 2591762.279, 108
Trd, 2591762.529, 110
Trd, 2591762.613, 110
Trd, 2591763.179, 111
Trd, 2591763.296, 108
Trd, 2591764.096, 128
Trd, 2591764.513, 107
Trd, 2591764.629, 106
Trd, 2591765.096, 100
Trd, 2591765.663, 103
Trd, 2591765.829, 100
Trd, 2591766.079, 100
Trd, 2591766.446, 100
Trd, 2591766.613, 102
Trd, 2591766.679, 107
Trd, 2591766.763, 111
Trd, 2591767.196, 114
Trd, 2591767.263, 126
Trd, 2591767.763, 131
Trd, 2591768.663, 150
Trd, 2591768.896, 149
Trd, 2591769.429, 147
Trd, 2591770.513, 150
Trd, 2591770.613, 150
Trd, 2591770.929, 150
Trd, 2591771.663, 150
Trd, 2591772.029, 150
Trd, 2591772.046, 146
Trd, 2591772.879, 148
Trd, 2591773.196, 149
Trd, 2591773.446, 144
Trd, 2591773.496, 144
Trd, 2591773.713, 149
Trd, 2591775.129, 147
Trd, 2591775.429, 145
Trd, 2591775.613, 144
Trd, 2591776.063, 137
Trd, 2591777.313, 150
Trd, 2591777.746, 137
Trd, 2591777.846, 136
Trd, 2591778.213, 146
Trd, 2591778.729, 143
Trd, 2591778.796, 124
Trd, 2591779.113, 117
Trd, 2591779.429, 143
Trd, 2591780.329, 133
Trd, 2591780.613, 133
Trd, 2591780.846, 129
Trd, 2591780.913, 131
Trd, 2591780.946, 132
Trd, 2591781.163, 133
Trd, 2591781.229, 114
Trd, 2591781.346, 112
Trd, 2591782.046, 147
Trd, 2591782.713, 147
Trd, 2591783.679, 150
Trd, 2591784.013, 150
Trd, 2591784.596, 150
Trd, 2591784.729, 149
Trd, 2591784.829, 148
Trd, 2591785.196, 148
Trd, 2591786.463, 148
Trd, 2591786.679, 147
Trd, 2591786.779, 150
Trd, 2591786.879, 144
Trd, 2591787.613, 150
Trd, 2591787.979, 143
Trd, 2591788.196, 147
Trd, 2591790.763, 150
Trd, 2591790.779, 150
Trd, 2591791.113, 150
Trd, 2591791.263, 150
Trd, 2591791.329, 150
Trd, 2591791.846, 150
Trd, 2591791.913, 150
Trd, 2591792.313, 150
Trd, 2591792.363, 150
Trd, 2591792.546, 150
Trd, 2591792.929, 150
Trd, 2591794.213, 150
Trd, 2591794.313, 150
Trd, 2591794.363, 149
Trd, 2591794.496, 149
Trd, 2591795.496, 148
Trd, 2591795.596, 150
Trd, 2591796.579, 150
Trd, 2591796.846, 149
Trd, 2591797.013, 150
Trd, 2591798.229, 150
Trd, 2591798.579, 150
Trd, 2591799.163, 150
Trd, 2591800.029, 150
Trd, 2591800.113, 149
Trd, 2591800.413, 141
Trd, 2591800.546, 149
Trd, 2591800.663, 140
Trd, 2591800.946, 138
Trd, 2591800.996, 130
Trd, 2591801.196, 147
Trd, 2591801.346, 148
Trd, 2591801.396, 125
Trd, 2591801.663, 149
Trd, 2591802.463, 149
Trd, 2591802.579, 149
Trd, 2591803.196, 149
Trd, 2591803.263, 149
Trd, 2591803.446, 138
Trd, 2591803.863, 137
Trd, 2591804.213, 131
Trd, 2591804.346, 123
Trd, 2591804.779, 145
Trd, 2591804.979, 146
Trd, 2591805.163, 114
Trd, 2591805.996, 126
Trd, 2591807.313, 130
Trd, 2591807.529, 145
Trd, 2591807.946, 134
Trd, 2591808.063, 150
Trd, 2591808.546, 150
Trd, 2591808.696, 147
Trd, 2591808.996, 146
Trd, 2591809.579, 149
Trd, 2591809.763, 150
Trd, 2591809.846, 150
Trd, 2591810.196, 150
Trd, 2591810.696, 150
Trd, 2591810.829, 150
Trd, 2591811.063, 150
Trd, 2591811.213, 148
Trd, 2591812.746, 149
Trd, 2591812.779, 139
Trd, 2591813.063, 129
Trd, 2591813.163, 130
Trd, 2591814.263, 150
Trd, 2591814.496, 150
Trd, 2591815.279, 150
Trd, 2591815.696, 150
Trd, 2591816.279, 150
Trd, 2591817.079, 150
Trd, 2591817.113, 149
Trd, 2591817.796, 150
Trd, 2591817.813, 149
Trd, 2591817.963, 148
Trd, 2591818.013, 146
Trd, 2591818.379, 131
Trd, 2591818.796, 147
Trd, 2591818.946, 128
Trd, 2591819.646, 128
Trd, 2591819.979, 128
Trd, 2591819.996, 144
Trd, 2591820.046, 145
Trd, 2591820.263, 146
Trd, 2591820.629, 123
Trd, 2591821.263, 122
Trd, 2591821.663, 123
Trd, 2591822.063, 145
Trd, 2591822.446, 144
Trd, 2591822.463, 126
Trd, 2591822.613, 145
Trd, 2591823.013, 125
Trd, 2591824.413, 136
Trd, 2591824.746, 136
Trd, 2591825.413, 137
Trd, 2591825.429, 136
Trd, 2591825.529, 134
Trd, 2591825.579, 121
Trd, 2591825.729, 138
Trd, 2591825.913, 139
Trd, 2591825.946, 133
Trd, 2591826.513, 120
Trd, 2591826.579, 116
Trd, 2591826.979, 100
Trd, 2591827.846, 100
Trd, 2591829.396, 100
Trd, 2591829.779, 102
Trd, 2591829.913, 100
Trd, 2591831.113, 100
Trd, 2591831.946, 100
Trd, 2591832.013, 100
Trd, 2591832.963, 100
Trd, 2591833.429, 100
Trd, 2591833.496, 100
Trd, 2591833.579, 100
Trd, 2591833.596, 100
Trd, 2591833.629, 100
Trd, 2591833.729, 100
Trd, 2591833.879, 100
Trd, 2591834.246, 100
Trd, 2591835.029, 101
Trd, 2591835.179, 110
Trd, 2591835.629, 100
Trd, 2591836.029, 101
Trd, 2591836.296, 100
Trd, 2591836.613, 100
Trd, 2591836.779, 102
Trd, 2591836.863, 105
Trd, 2591837.213, 108
Trd, 2591837.646, 150
Trd, 2591837.946, 105
Trd, 2591838.529, 100
Trd, 2591838.629, 102
Trd, 2591838.863, 103
Trd, 2591839.146, 104
Trd, 2591839.796, 110
Trd, 2591840.013, 109
Trd, 2591840.063, 111
Trd, 2591841.429, 150
Trd, 2591841.746, 150
Trd, 2591842.029, 149
Trd, 2591842.313, 129
Trd, 2591842.363, 121
Trd, 2591842.379, 109
Trd, 2591842.763, 100
Trd, 2591843.029, 100
Trd, 2591843.313, 150
Trd, 2591843.746, 149
Trd, 2591843.796, 124
Trd, 2591844.013, 149
Trd, 2591845.013, 128
Trd, 2591845.163, 127
Trd, 2591845.879, 149
Trd, 2591845.896, 148
Trd, 2591846.613, 149
Trd, 2591846.946, 133
Trd, 2591847.496, 150
Trd, 2591848.129, 143
Trd, 2591848.196, 142
Trd, 2591848.763, 150
Trd, 2591850.296, 150
Trd, 2591851.796, 150
Trd, 2591851.996, 150
Trd, 2591852.029, 150
Trd, 2591852.346, 150
Trd, 2591852.446, 150
Trd, 2591852.979, 150
Trd, 2591853.363, 150
Trd, 2591853.579, 150
Trd, 2591853.796, 150
Trd, 2591854.363, 150
Trd, 2591854.729, 150
Trd, 2591854.779, 150
Trd, 2591854.879, 150
Trd, 2591854.963, 150
Trd, 2591855.063, 150
Trd, 2591855.196, 150
Trd, 2591855.313, 148
Trd, 2591855.513, 149
Trd, 2591855.729, 145
Trd, 2591856.096, 141
Trd, 2591856.479, 149
Trd, 2591857.213, 141
Trd, 2591857.963, 130
Trd, 2591858.429, 136
Trd, 2591858.529, 137
Trd, 2591858.713, 138
Trd, 2591859.413, 145
Trd, 2591860.063, 147
Trd, 2591860.296, 137
Trd, 2591860.913, 140
Trd, 2591860.963, 139
Trd, 2591861.096, 137
Trd, 2591861.163, 135
Trd, 2591861.996, 133
Trd, 2591862.413, 128
Trd, 2591863.696, 132
Trd, 2591863.713, 133
Trd, 2591863.729, 136
Trd, 2591863.863, 138
Trd, 2591863.896, 141
Trd, 2591864.396, 135
Trd, 2591864.546, 125
Trd, 2591865.196, 124
Trd, 2591865.396, 123
Trd, 2591865.929, 112
Trd, 2591866.879, 100
Trd, 2591867.279, 111
Trd, 2591867.779, 124
Trd, 2591869.279, 100
Trd, 2591869.296, 100
Trd, 2591869.346, 100
Trd, 2591869.446, 100
Trd, 2591869.546, 101
Trd, 2591869.563, 100
Trd, 2591869.913, 102
Trd, 2591870.013, 141
Trd, 2591870.246, 104
Trd, 2591871.063, 103
Trd, 2591872.063, 100
Trd, 2591872.079, 100
Trd, 2591872.579, 100
Trd, 2591872.746, 100
Trd, 2591872.763, 100
Trd, 2591873.163, 100
Trd, 2591873.963, 100
Trd, 2591874.329, 100
Trd, 2591874.346, 100
Trd, 2591874.363, 100
Trd, 2591874.379, 101
Trd, 2591874.846, 100
Trd, 2591875.213, 100
Trd, 2591875.246, 100
Trd, 2591875.713, 101
Trd, 2591876.079, 103
Trd, 2591876.213, 101
Trd, 2591876.613, 105
Trd, 2591876.646, 106
Trd, 2591877.596, 101
Trd, 2591877.979, 100
Trd, 2591878.296, 101
Trd, 2591878.679, 102
Trd, 2591878.929, 102
Trd, 2591879.846, 102
Trd, 2591879.896, 112
Trd, 2591880.146, 101
Trd, 2591880.579, 100
Trd, 2591881.729, 102
Trd, 2591881.846, 104
Trd, 2591882.029, 106
Trd, 2591882.563, 101
Trd, 2591882.663, 102
Trd, 2591883.313, 104
Trd, 2591883.613, 150
Trd, 2591884.696, 150
Trd, 2591885.796, 150
Trd, 2591886.646, 150
Trd, 2591887.079, 150
Trd, 2591887.529, 150
Trd, 2591887.563, 150
Trd, 2591888.529, 150
Trd, 2591888.629, 150
Trd, 2591889.246, 150
Trd, 2591889.613, 150
Trd, 2591889.629, 150
Trd, 2591890.646, 150
Trd, 2591891.363, 150
Trd, 2591891.529, 150
Trd, 2591891.596, 150
Trd, 2591891.713, 150
Trd, 2591891.863, 150
Trd, 2591891.946, 150
Trd, 2591892.129, 149
Trd, 2591892.279, 149
Trd, 2591892.429, 149
Trd, 2591892.613, 138
Trd, 2591893.446, 136
Trd, 2591893.463, 129
Trd, 2591894.579, 140
Trd, 2591894.613, 131
Trd, 2591894.729, 127
Trd, 2591895.046, 114
Trd, 2591895.263, 114
Trd, 2591895.663, 113
Trd, 2591896.079, 134
Trd, 2591896.113, 114
Trd, 2591896.196, 134
Trd, 2591896.863, 123
Trd, 2591897.046, 101
Trd, 2591897.679, 100
Trd, 2591897.996, 100
Trd, 2591898.796, 100
Trd, 2591898.963, 100
Trd, 2591899.163, 100
Trd, 2591899.663, 100
Trd, 2591899.763, 100
Trd, 2591899.829, 101
Trd, 2591899.913, 103
Trd, 2591900.063, 104
Trd, 2591900.246, 101
Trd, 2591900.613, 103
Trd, 2591900.963, 106
Trd, 2591901.063, 106
Trd, 2591901.529, 149
Trd, 2591901.713, 149
Trd, 2591903.596, 150
Trd, 2591903.763, 150
Trd, 2591903.996, 150
Trd, 2591904.096, 150
Trd, 2591904.446, 150
Trd, 2591905.229, 150
Trd, 2591906.046, 150
Trd, 2591906.629, 150
Trd, 2591908.063, 150
Trd, 2591908.346, 150
Trd, 2591908.896, 150
Trd, 2591909.229, 150
Trd, 2591909.513, 150
Trd, 2591909.696, 150
Trd, 2591910.029, 150
Trd, 2591910.313, 149
Trd, 2591911.596, 150
Trd, 2591912.063, 150
Trd, 2591912.679, 150
Trd, 2591913.696, 150
Trd, 2591914.896, 150
Trd, 2591914.979, 150
Trd, 2591914.996, 150
Trd, 2591915.046, 150
Trd, 2591915.096, 148
Trd, 2591915.613, 149
Trd, 2591915.663, 140
Trd, 2591915.746, 148
Trd, 2591916.463, 142
Trd, 2591917.129, 124
Trd, 2591917.413, 140
Trd, 2591918.263, 133
Trd, 2591918.379, 138
Trd, 2591918.579, 115
Trd, 2591918.613, 139
Trd, 2591918.629, 140
Trd, 2591918.646, 114
Trd, 2591919.129, 132
Trd, 2591919.463, 130
Trd, 2591919.763, 140
Trd, 2591919.996, 139
Trd, 2591920.046, 141
Trd, 2591920.379, 136
Trd, 2591920.696, 136
Trd, 2591920.846, 135
Trd, 2591921.813, 149
Trd, 2591922.679, 150
Trd, 2591922.896, 150
Trd, 2591923.029, 150
Trd, 2591925.363, 150
Trd, 2591925.763, 150
Trd, 2591926.779, 150
Trd, 2591927.029, 150
Trd, 2591927.629, 150
Trd, 2591927.829, 150
Trd, 2591928.729, 150
Trd, 2591928.746, 150
Trd, 2591929.046, 149
Trd, 2591929.063, 149
Trd, 2591929.746, 146
Trd, 2591930.196, 143
Trd, 2591930.213, 141
Trd, 2591930.429, 140
Trd, 2591930.529, 131
Trd, 2591931.079, 140
Trd, 2591931.096, 128
Trd, 2591931.529, 137
Trd, 2591931.779, 129
Trd, 2591931.996, 138
Trd, 2591932.696, 128
Trd, 2591932.796, 129
Trd, 2591933.213, 128
Trd, 2591933.379, 119
Trd, 2591933.946, 136
Trd, 2591934.196, 137
Trd, 2591934.229, 131
Trd, 2591934.396, 139
Trd, 2591934.646, 146
Trd, 2591934.696, 135
Trd, 2591934.913, 131
Trd, 2591936.279, 150
Trd, 2591936.746, 150
Trd, 2591936.979, 150
Trd, 2591938.346, 150
Trd, 2591938.646, 150
Trd, 2591939.713, 150
Trd, 2591940.079, 150
Trd, 2591940.279, 150
Trd, 2591940.663, 150
Trd, 2591940.746, 150
Trd, 2591940.813, 150
Trd, 2591941.179, 150
Trd, 2591941.246, 150
Trd, 2591941.746, 150
Trd, 2591942.346, 134
Trd, 2591942.696, 118
Trd, 2591942.996, 146
Trd, 2591943.313, 131
Trd, 2591943.446, 130
Trd, 2591943.813, 117
Trd, 2591944.296, 150
Trd, 2591944.763, 150
Trd, 2591944.963, 150
Trd, 2591945.996, 150
Trd, 2591946.046, 150
Trd, 2591946.129, 150
Trd, 2591946.196, 150
Trd, 2591946.263, 150
Trd, 2591947.429, 150
Trd, 2591948.329, 150
Trd, 2591948.563, 150
Trd, 2591948.813, 150
Trd, 2591949.613, 150
Trd, 2591950.329, 150
Trd, 2591951.029, 150
Trd, 2591951.046, 150
Trd, 2591951.213, 150
Trd, 2591951.263, 150
Trd, 2591951.513, 150
Trd, 2591951.696, 146
Trd, 2591951.729, 139
Trd, 2591951.946, 142
Trd, 2591952.213, 146
Trd, 2591953.696, 133
Trd, 2591953.729, 132
Trd, 2591954.113, 144
Trd, 2591954.363, 119
Trd, 2591954.379, 142
Trd, 2591954.429, 115
Trd, 2591954.613, 141
Trd, 2591955.163, 115
Trd, 2591955.579, 119
Trd, 2591956.363, 121
Trd, 2591956.446, 138
Trd, 2591957.646, 124
Trd, 2591957.979, 130
Trd, 2591958.129, 132
Trd, 2591959.363, 129
Trd, 2591960.046, 128
Trd, 2591960.063, 127
Trd, 2591960.246, 127
Trd, 2591960.596, 127
Trd, 2591960.646, 128
Trd, 2591960.779, 125
Trd, 2591960.829, 129
Trd, 2591960.963, 119
Trd, 2591961.163, 129
Trd, 2591961.729, 137
Trd, 2591961.846, 104
Trd, 2591961.979, 137
Trd, 2591962.313, 139
Trd, 2591962.546, 101
Trd, 2591963.296, 100
Trd, 2591963.363, 102
Trd, 2591963.829, 101
Trd, 2591963.979, 102
Trd, 2591964.346, 102
Trd, 2591966.579, 150
Trd, 2591966.613, 150
Trd, 2591967.096, 150
Trd, 2591967.713, 150
Trd, 2591967.946, 150
Trd, 2591968.746, 150
Trd, 2591968.946, 149
Trd, 2591969.179, 149
Trd, 2591969.763, 150
Trd, 2591970.396, 150
Trd, 2591970.829, 150
Trd, 2591971.013, 149
Trd, 2591971.946, 144
Trd, 2591972.779, 150
Trd, 2591973.196, 150
Trd, 2591973.346, 150
Trd, 2591973.379, 150
Trd, 2591973.646, 150
Trd, 2591973.713, 150
Trd, 2591974.029, 149
Trd, 2591974.313, 149
Trd, 2591974.379, 148
Trd, 2591974.413, 147
Trd, 2591974.479, 143
Trd, 2591974.996, 139
Trd, 2591975.196, 123
Trd, 2591975.229, 141
Trd, 2591975.346, 142
Trd, 2591975.413, 143
Trd, 2591976.063, 142
Trd, 2591976.079, 144
Trd, 2591976.246, 115
Trd, 2591977.163, 118
Trd, 2591978.363, 150
Trd, 2591978.413, 150
Trd, 2591978.879, 150
Trd, 2591979.279, 150
Trd, 2591980.279, 150
Trd, 2591980.596, 150
Trd, 2591980.763, 135
Trd, 2591981.546, 121
Trd, 2591982.363, 150
Trd, 2591982.996, 150
Trd, 2591983.163, 149
Trd, 2591983.513, 150
Trd, 2591983.629, 150
Trd, 2591983.813, 148
Trd, 2591983.946, 148
Trd, 2591983.979, 149
Trd, 2591984.346, 147
Trd, 2591984.463, 137
Trd, 2591984.513, 104
Trd, 2591984.646, 129
Trd, 2591984.813, 147
Trd, 2591985.696, 143
Trd, 2591986.729, 102
Trd, 2591987.063, 101
Trd, 2591987.463, 101
Trd, 2591988.079, 100
Trd, 2591988.129, 100
Trd, 2591988.463, 101
Trd, 2591988.596, 100
Trd, 2591988.629, 102
Trd, 2591989.529, 100
Trd, 2591989.796, 101
Trd, 2591989.996, 102
Trd, 2591990.429, 102
Trd, 2591990.479, 111
Trd, 2591991.196, 101
Trd, 2591991.713, 102
Trd, 2591992.963, 101
Trd, 2591993.146, 101
Trd, 2591993.363, 102
Trd, 2591993.429, 103
Trd, 2591993.946, 103
Trd, 2591994.013, 103
Trd, 2591994.113, 104
Trd, 2591994.279, 149
Trd, 2591994.296, 101
Trd, 2591995.029, 103
Trd, 2591996.563, 150
Trd, 2591997.096, 150
Trd, 2591997.579, 150
Trd, 2591997.979, 150
Trd, 2591998.646, 150
Trd, 2591999.096, 150
Trd, 2591999.296, 150
Trd, 2591999.446, 150
Trd, 2591999.463, 150
Trd, 2591999.563, 150
Trd, 2591999.613, 150
Trd, 2591999.663, 150
Trd, 2591999.696, 150
Trd, 2591999.746, 148
Trd, 2591999.929, 149
