Trd, 2590813.196, 150
Trd, 2590813.763, 150
Trd, 2590814.379, 150
Trd, 2590814.913, 150
Trd, 2590815.179, 149
Trd, 2590815.196, 148
Trd, 2590815.646, 146
Trd, 2590815.929, 142
Trd, 2590816.729, 137
Trd, 2590816.746, 138
Trd, 2590816.796, 140
Trd, 2590816.946, 120
Trd, 2590817.063, 142
Trd, 2590817.746, 150
Trd, 2590818.146, 150
Trd, 2590818.429, 150
Trd, 2590818.696, 149
Trd, 2590819.329, 150
Trd, 2590819.746, 150
Trd, 2590819.846, 143
Trd, 2590820.146, 142
Trd, 2590820.429, 138
Trd, 2590820.513, 150
Trd, 2590821.113, 149
Trd, 2590821.146, 148
Trd, 2590821.363, 113
Trd, 2590821.996, 150
Trd, 2590822.429, 150
Trd, 2590823.079, 150
Trd, 2590824.913, 150
Trd, 2590825.329, 150
Trd, 2590825.763, 150
Trd, 2590825.863, 150
Trd, 2590825.979, 150
Trd, 2590826.079, 150
Trd, 2590826.979, 150
Trd, 2590827.013, 150
Trd, 2590827.596, 150
Trd, 2590827.946, 149
Trd, 2590828.196, 147
Trd, 2590828.696, 148
Trd, 2590828.846, 147
Trd, 2590829.429, 147
Trd, 2590829.679, 139
Trd, 2590829.746, 129
Trd, 2590830.863, 143
Trd, 2590831.279, 140
Trd, 2590831.496, 129
Trd, 2590831.746, 128
Trd, 2590831.863, 141
Trd, 2590831.996, 104
Trd, 2590832.629, 138
Trd, 2590832.913, 115
Trd, 2590833.929, 113
Trd, 2590833.946, 103
Trd, 2590834.413, 100
Trd, 2590834.629, 100
Trd, 2590835.163, 114
Trd, 2590835.463, 104
Trd, 2590836.013, 103
Trd, 2590836.513, 102
Trd, 2590836.813, 102
Trd, 2590836.913, 103
Trd, 2590837.246, 102
Trd, 2590837.279, 107
Trd, 2590837.996, 100
Trd, 2590838.396, 150
Trd, 2590838.829, 150
Trd, 2590839.013, 150
Trd, 2590839.696, 150
Trd, 2590840.663, 150
Trd, 2590842.179, 150
Trd, 2590842.229, 150
Trd, 2590842.946, 150
Trd, 2590843.163, 150
Trd, 2590844.529, 150
Trd, 2590844.846, 150
Trd, 2590845.029, 150
Trd, 2590845.446, 149
Trd, 2590845.679, 150
Trd, 2590845.779, 148
Trd, 2590845.813, 145
Trd, 2590845.979, 114
Trd, 2590846.096, 113
Trd, 2590846.613, 116
Trd, 2590846.796, 139
Trd, 2590847.979, 132
Trd, 2590848.713, 113
Trd, 2590849.013, 138
Trd, 2590849.129, 137
Trd, 2590849.279, 140
Trd, 2590849.363, 144
Trd, 2590849.429, 144
Trd, 2590849.529, 112
Trd, 2590849.696, 102
Trd, 2590849.746, 144
Trd, 2590850.529, 149
Trd, 2590850.929, 148
Trd, 2590851.063, 112
Trd, 2590851.896, 100
Trd, 2590851.913, 101
Trd, 2590852.913, 100
Trd, 2590853.213, 100
Trd, 2590853.346, 100
Trd, 2590853.429, 101
Trd, 2590853.513, 103
Trd, 2590854.063, 103
Trd, 2590854.546, 100
Trd, 2590856.663, 100
Trd, 2590856.946, 100
Trd, 2590857.163, 100
Trd, 2590857.196, 100
Trd, 2590857.629, 100
Trd, 2590857.863, 100
Trd, 2590858.346, 100
Trd, 2590858.563, 101
Trd, 2590858.679, 104
Trd, 2590858.846, 105
Trd, 2590858.863, 106
Trd, 2590859.046, 109
Trd, 2590859.929, 110
Trd, 2590860.213, 103
Trd, 2590860.363, 103
Trd, 2590860.679, 116
Trd, 2590861.063, 146
Trd, 2590861.213, 117
Trd, 2590862.946, 150
Trd, 2590863.179, 150
Trd, 2590864.179, 150
Trd, 2590864.329, 150
Trd, 2590865.246, 150
Trd, 2590865.513, 150
Trd, 2590865.979, 150
Trd, 2590866.446, 150
Trd, 2590866.479, 150
Trd, 2590866.596, 150
Trd, 2590866.646, 150
Trd, 2590866.796, 150
Trd, 2590866.813, 150
Trd, 2590867.063, 149
Trd, 2590867.363, 137
Trd, 2590867.779, 118
Trd, 2590868.529, 148
Trd, 2590868.663, 144
Trd, 2590868.713, 117
Trd, 2590869.096, 125
Trd, 2590869.263, 145
Trd, 2590869.446, 124
Trd, 2590870.963, 150
Trd, 2590871.313, 150
Trd, 2590871.579, 146
Trd, 2590872.163, 142
Trd, 2590872.479, 148
Trd, 2590872.946, 110
Trd, 2590874.096, 150
Trd, 2590875.296, 150
Trd, 2590875.446, 150
Trd, 2590875.596, 150
Trd, 2590876.046, 150
Trd, 2590876.696, 150
Trd, 2590877.329, 150
Trd, 2590877.546, 149
Trd, 2590878.496, 132
Trd, 2590878.729, 140
Trd, 2590878.996, 139
Trd, 2590879.063, 141
Trd, 2590879.179, 140
Trd, 2590880.246, 133
Trd, 2590880.746, 134
Trd, 2590880.929, 132
Trd, 2590881.229, 131
Trd, 2590881.363, 114
Trd, 2590881.596, 128
Trd, 2590881.646, 130
Trd, 2590881.813, 130
Trd, 2590881.996, 136
Trd, 2590882.013, 139
Trd, 2590882.229, 147
Trd, 2590882.463, 150
Trd, 2590883.379, 149
Trd, 2590883.429, 128
Trd, 2590883.596, 150
Trd, 2590883.946, 138
Trd, 2590884.146, 137
Trd, 2590884.863, 112
Trd, 2590885.179, 100
Trd, 2590885.229, 101
Trd, 2590885.529, 100
Trd, 2590885.813, 101
Trd, 2590886.379, 100
Trd, 2590886.613, 101
Trd, 2590886.963, 104
Trd, 2590887.246, 110
Trd, 2590888.263, 106
Trd, 2590888.629, 105
Trd, 2590888.963, 104
Trd, 2590889.296, 104
Trd, 2590889.829, 104
Trd, 2590889.946, 106
Trd, 2590890.796, 101
Trd, 2590890.979, 106
Trd, 2590891.096, 110
Trd, 2590891.246, 131
Trd, 2590892.263, 150
Trd, 2590892.729, 150
Trd, 2590893.046, 150
Trd, 2590894.046, 150
Trd, 2590894.896, 150
Trd, 2590895.263, 150
Trd, 2590895.646, 150
Trd, 2590895.813, 149
Trd, 2590896.713, 149
Trd, 2590897.079, 148
Trd, 2590897.729, 144
Trd, 2590898.046, 144
Trd, 2590898.163, 145
Trd, 2590898.263, 146
Trd, 2590898.463, 144
Trd, 2590898.946, 141
Trd, 2590898.996, 144
Trd, 2590899.163, 134
Trd, 2590899.463, 145
Trd, 2590899.646, 117
Trd, 2590899.946, 119
Trd, 2590900.079, 120
Trd, 2590901.379, 150
Trd, 2590902.496, 150
Trd, 2590903.546, 150
Trd, 2590904.213, 150
Trd, 2590904.329, 150
Trd, 2590904.563, 149
Trd, 2590904.729, 149
Trd, 2590904.913, 149
Trd, 2590905.779, 143
Trd, 2590905.929, 144
Trd, 2590906.329, 147
Trd, 2590906.646, 148
Trd, 2590907.596, 150
Trd, 2590907.646, 147
Trd, 2590908.096, 150
Trd, 2590908.196, 145
Trd, 2590908.763, 129
Trd, 2590909.113, 150
Trd, 2590909.546, 150
Trd, 2590909.679, 132
Trd, 2590909.846, 150
Trd, 2590910.363, 146
Trd, 2590910.379, 133
Trd, 2590910.413, 149
Trd, 2590911.096, 144
Trd, 2590911.413, 143
Trd, 2590911.563, 142
Trd, 2590911.929, 142
Trd, 2590912.513, 141
Trd, 2590913.446, 100
Trd, 2590913.746, 100
Trd, 2590914.046, 100
Trd, 2590914.179, 100
Trd, 2590914.229, 101
Trd, 2590914.446, 102
Trd, 2590914.829, 110
Trd, 2590915.679, 148
Trd, 2590915.746, 145
Trd, 2590915.846, 141
Trd, 2590916.763, 150
Trd, 2590917.113, 150
Trd, 2590917.313, 150
Trd, 2590918.579, 150
Trd, 2590918.846, 150
Trd, 2590918.879, 150
Trd, 2590918.929, 149
Trd, 2590920.479, 150
Trd, 2590921.229, 150
Trd, 2590921.679, 149
Trd, 2590921.963, 147
Trd, 2590922.296, 149
Trd, 2590922.329, 149
Trd, 2590922.979, 147
Trd, 2590923.046, 148
Trd, 2590923.146, 147
Trd, 2590923.363, 147
Trd, 2590923.613, 130
Trd, 2590924.129, 144
Trd, 2590925.079, 129
Trd, 2590925.096, 128
Trd, 2590925.163, 124
Trd, 2590925.579, 106
Trd, 2590925.646, 128
Trd, 2590925.813, 106
Trd, 2590926.829, 103
Trd, 2590926.963, 104
Trd, 2590927.363, 104
Trd, 2590927.396, 109
Trd, 2590927.446, 114
Trd, 2590927.463, 141
Trd, 2590927.663, 101
Trd, 2590928.779, 150
Trd, 2590929.096, 150
Trd, 2590929.446, 150
Trd, 2590931.513, 150
Trd, 2590933.579, 150
Trd, 2590933.913, 150
Trd, 2590934.246, 150
Trd, 2590934.396, 150
Trd, 2590935.246, 147
Trd, 2590935.429, 133
Trd, 2590935.546, 145
Trd, 2590936.013, 141
Trd, 2590936.296, 140
Trd, 2590936.379, 139
Trd, 2590936.479, 141
Trd, 2590936.529, 116
Trd, 2590937.079, 133
Trd, 2590937.613, 139
Trd, 2590937.729, 141
Trd, 2590937.746, 134
Trd, 2590938.896, 136
Trd, 2590939.096, 135
Trd, 2590939.579, 100
Trd, 2590939.596, 101
Trd, 2590940.029, 100
Trd, 2590940.129, 136
Trd, 2590940.779, 148
Trd, 2590941.079, 139
Trd, 2590941.696, 150
Trd, 2590942.046, 150
Trd, 2590944.296, 150
Trd, 2590945.096, 150
Trd, 2590945.579, 150
Trd, 2590945.696, 150
Trd, 2590946.013, 150
Trd, 2590946.229, 150
Trd, 2590946.746, 146
Trd, 2590947.079, 148
Trd, 2590947.263, 148
Trd, 2590947.313, 149
Trd, 2590948.213, 147
Trd, 2590948.363, 146
Trd, 2590948.896, 141
Trd, 2590949.113, 146
Trd, 2590949.296, 137
Trd, 2590949.529, 125
Trd, 2590949.813, 144
Trd, 2590949.946, 103
Trd, 2590950.029, 104
Trd, 2590950.363, 145
Trd, 2590950.929, 129
Trd, 2590951.329, 129
Trd, 2590951.413, 117
Trd, 2590951.579, 104
Trd, 2590952.463, 125
Trd, 2590952.613, 100
Trd, 2590954.213, 122
Trd, 2590954.263, 127
Trd, 2590954.363, 129
Trd, 2590955.063, 135
Trd, 2590956.029, 149
Trd, 2590956.146, 148
Trd, 2590956.629, 150
Trd, 2590957.663, 150
Trd, 2590958.163, 150
Trd, 2590958.613, 150
Trd, 2590958.713, 150
Trd, 2590959.313, 150
Trd, 2590959.346, 150
Trd, 2590959.463, 150
Trd, 2590959.829, 149
Trd, 2590960.346, 149
Trd, 2590960.446, 149
Trd, 2590960.729, 149
Trd, 2590961.163, 148
Trd, 2590961.363, 143
Trd, 2590961.579, 142
Trd, 2590961.979, 145
Trd, 2590962.279, 144
Trd, 2590962.479, 134
Trd, 2590962.813, 140
Trd, 2590962.879, 123
Trd, 2590963.163, 141
Trd, 2590963.546, 135
Trd, 2590964.279, 131
Trd, 2590964.346, 142
Trd, 2590964.496, 143
Trd, 2590964.729, 125
Trd, 2590964.779, 122
Trd, 2590965.979, 147
Trd, 2590966.763, 150
Trd, 2590968.146, 150
Trd, 2590968.579, 150
Trd, 2590969.563, 150
Trd, 2590970.796, 150
Trd, 2590970.863, 150
Trd, 2590971.029, 150
Trd, 2590971.146, 150
Trd, 2590971.379, 149
Trd, 2590971.396, 149
Trd, 2590971.563, 150
Trd, 2590971.796, 150
Trd, 2590973.513, 150
Trd, 2590973.863, 150
Trd, 2590974.363, 150
Trd, 2590974.663, 149
Trd, 2590974.763, 149
Trd, 2590974.813, 145
Trd, 2590975.029, 141
Trd, 2590975.363, 150
Trd, 2590975.896, 150
Trd, 2590976.363, 147
Trd, 2590976.813, 150
Trd, 2590977.746, 150
Trd, 2590977.879, 150
Trd, 2590978.263, 144
Trd, 2590978.946, 144
Trd, 2590979.063, 120
Trd, 2590979.196, 119
Trd, 2590979.996, 129
Trd, 2590980.096, 119
Trd, 2590980.163, 131
Trd, 2590980.396, 132
Trd, 2590981.263, 150
Trd, 2590981.979, 150
Trd, 2590982.463, 150
Trd, 2590982.529, 143
Trd, 2590982.546, 117
Trd, 2590983.546, 150
Trd, 2590984.546, 150
Trd, 2590985.579, 150
Trd, 2590986.113, 150
Trd, 2590986.579, 150
Trd, 2590986.596, 150
Trd, 2590986.629, 150
Trd, 2590986.896, 149
Trd, 2590987.279, 150
Trd, 2590987.563, 150
Trd, 2590987.613, 149
Trd, 2590987.779, 150
Trd, 2590988.213, 145
Trd, 2590988.513, 143
Trd, 2590988.896, 127
Trd, 2590989.296, 141
Trd, 2590989.929, 102
Trd, 2590990.129, 103
Trd, 2590990.313, 103
Trd, 2590990.863, 102
Trd, 2590990.879, 103
Trd, 2590991.163, 105
Trd, 2590991.179, 106
Trd, 2590991.479, 104
Trd, 2590991.513, 103
Trd, 2590991.579, 134
Trd, 2590991.763, 102
Trd, 2590992.696, 111
Trd, 2590993.713, 101
Trd, 2590994.029, 104
Trd, 2590994.179, 110
Trd, 2590994.496, 134
Trd, 2590995.229, 105
Trd, 2590995.479, 103
Trd, 2590995.613, 102
Trd, 2590995.796, 103
Trd, 2590995.863, 116
Trd, 2590996.846, 150
Trd, 2590997.296, 119
Trd, 2590997.763, 146
Trd, 2590997.779, 147
Trd, 2590998.063, 103
Trd, 2590998.263, 144
Trd, 2590998.529, 115
Trd, 2591000.263, 150
Trd, 2591000.279, 150
Trd, 2591001.529, 148
Trd, 2591001.629, 145
Trd, 2591001.729, 136
Trd, 2591001.963, 145
Trd, 2591002.263, 145
Trd, 2591002.546, 147
Trd, 2591002.729, 126
Trd, 2591002.779, 147
Trd, 2591003.029, 111
Trd, 2591003.196, 113
Trd, 2591003.896, 144
Trd, 2591004.896, 139
Trd, 2591005.063, 140
Trd, 2591006.179, 150
Trd, 2591006.663, 150
Trd, 2591006.679, 150
Trd, 2591007.463, 150
Trd, 2591007.579, 150
Trd, 2591007.979, 150
Trd, 2591008.063, 150
Trd, 2591008.229, 150
Trd, 2591008.579, 150
Trd, 2591009.063, 150
Trd, 2591009.496, 148
Trd, 2591009.946, 150
Trd, 2591010.429, 145
Trd, 2591011.113, 148
Trd, 2591011.729, 150
Trd, 2591013.129, 150
Trd, 2591013.346, 148
Trd, 2591013.613, 147
Trd, 2591013.729, 148
Trd, 2591013.796, 131
Trd, 2591013.963, 107
Trd, 2591014.329, 144
Trd, 2591014.796, 135
Trd, 2591015.096, 133
Trd, 2591015.546, 133
Trd, 2591016.213, 106
Trd, 2591016.446, 132
Trd, 2591016.563, 131
Trd, 2591016.963, 117
Trd, 2591017.713, 100
Trd, 2591017.779, 133
Trd, 2591017.929, 129
Trd, 2591018.046, 100
Trd, 2591018.096, 143
Trd, 2591018.513, 150
Trd, 2591019.663, 150
Trd, 2591020.579, 150
Trd, 2591020.896, 150
Trd, 2591021.229, 150
Trd, 2591022.479, 150
Trd, 2591022.946, 150
Trd, 2591023.313, 150
Trd, 2591023.379, 150
Trd, 2591023.663, 150
Trd, 2591023.846, 150
Trd, 2591024.579, 150
Trd, 2591024.729, 147
Trd, 2591024.896, 145
Trd, 2591024.913, 141
Trd, 2591025.063, 147
Trd, 2591025.163, 137
Trd, 2591025.813, 150
Trd, 2591026.596, 149
Trd, 2591027.596, 148
Trd, 2591027.813, 149
Trd, 2591027.846, 147
Trd, 2591028.113, 145
Trd, 2591028.513, 143
Trd, 2591029.463, 148
Trd, 2591030.163, 147
Trd, 2591030.779, 148
Trd, 2591031.146, 150
Trd, 2591031.263, 150
Trd, 2591031.329, 150
Trd, 2591033.613, 150
Trd, 2591034.013, 150
Trd, 2591034.846, 150
Trd, 2591035.463, 150
Trd, 2591035.863, 150
Trd, 2591035.879, 149
Trd, 2591035.913, 148
Trd, 2591036.563, 148
Trd, 2591037.163, 150
Trd, 2591037.329, 150
Trd, 2591037.346, 150
Trd, 2591037.546, 150
Trd, 2591037.879, 149
Trd, 2591037.996, 150
Trd, 2591038.196, 150
Trd, 2591038.579, 150
Trd, 2591038.846, 150
Trd, 2591039.279, 147
Trd, 2591039.329, 145
Trd, 2591040.113, 146
Trd, 2591040.363, 130
Trd, 2591040.929, 145
Trd, 2591041.179, 139
Trd, 2591041.513, 132
Trd, 2591041.546, 131
Trd, 2591041.579, 112
Trd, 2591041.763, 123
Trd, 2591042.829, 113
Trd, 2591043.196, 111
Trd, 2591043.313, 112
Trd, 2591043.529, 111
Trd, 2591043.746, 112
Trd, 2591043.929, 113
Trd, 2591044.529, 112
Trd, 2591044.763, 136
Trd, 2591044.796, 132
Trd, 2591044.963, 111
Trd, 2591045.029, 137
Trd, 2591045.829, 150
Trd, 2591046.329, 150
Trd, 2591046.379, 150
Trd, 2591046.546, 141
Trd, 2591046.963, 148
Trd, 2591048.296, 150
Trd, 2591049.896, 150
Trd, 2591050.046, 150
Trd, 2591050.329, 150
Trd, 2591051.563, 150
Trd, 2591052.296, 150
Trd, 2591052.513, 150
Trd, 2591052.713, 150
Trd, 2591053.029, 149
Trd, 2591053.413, 149
Trd, 2591053.746, 149
Trd, 2591054.096, 149
Trd, 2591054.213, 150
Trd, 2591054.296, 147
Trd, 2591054.696, 121
Trd, 2591054.796, 117
Trd, 2591055.829, 132
Trd, 2591056.279, 126
Trd, 2591056.696, 124
Trd, 2591057.079, 124
Trd, 2591057.596, 122
Trd, 2591057.729, 125
Trd, 2591057.813, 125
Trd, 2591058.396, 100
Trd, 2591058.463, 100
Trd, 2591058.646, 126
Trd, 2591060.129, 123
Trd, 2591060.213, 122
Trd, 2591060.279, 147
Trd, 2591060.496, 148
Trd, 2591060.879, 121
Trd, 2591061.196, 146
Trd, 2591061.346, 138
Trd, 2591061.413, 120
Trd, 2591062.329, 109
Trd, 2591062.829, 149
Trd, 2591065.246, 150
Trd, 2591065.563, 150
Trd, 2591068.429, 150
Trd, 2591069.313, 150
Trd, 2591069.329, 150
Trd, 2591069.429, 150
Trd, 2591069.546, 150
Trd, 2591069.829, 150
Trd, 2591069.879, 150
Trd, 2591070.063, 149
Trd, 2591070.096, 148
Trd, 2591070.296, 145
Trd, 2591070.629, 145
Trd, 2591070.779, 143
Trd, 2591070.963, 140
Trd, 2591071.063, 142
Trd, 2591071.563, 145
Trd, 2591072.096, 123
Trd, 2591072.146, 144
Trd, 2591072.213, 145
Trd, 2591072.413, 102
Trd, 2591072.479, 118
Trd, 2591072.929, 101
Trd, 2591072.996, 143
Trd, 2591073.529, 140
Trd, 2591074.113, 112
Trd, 2591074.496, 139
Trd, 2591074.629, 140
Trd, 2591074.763, 107
Trd, 2591075.229, 104
Trd, 2591075.829, 118
Trd, 2591076.746, 101
Trd, 2591077.296, 135
Trd, 2591077.413, 120
Trd, 2591077.829, 137
Trd, 2591078.379, 136
Trd, 2591078.546, 136
Trd, 2591078.846, 135
Trd, 2591078.896, 132
Trd, 2591079.413, 136
Trd, 2591079.679, 136
Trd, 2591081.046, 150
Trd, 2591082.113, 150
Trd, 2591082.329, 150
Trd, 2591083.213, 150
Trd, 2591083.296, 150
Trd, 2591083.346, 150
Trd, 2591084.196, 150
Trd, 2591084.213, 150
Trd, 2591084.429, 150
Trd, 2591084.596, 150
Trd, 2591084.663, 149
Trd, 2591085.363, 149
Trd, 2591085.963, 149
Trd, 2591086.129, 150
Trd, 2591086.229, 149
Trd, 2591086.596, 136
Trd, 2591086.713, 150
Trd, 2591088.013, 135
Trd, 2591088.663, 142
Trd, 2591089.346, 150
Trd, 2591089.913, 134
Trd, 2591090.846, 142
Trd, 2591090.896, 146
Trd, 2591091.146, 146
Trd, 2591091.413, 112
Trd, 2591092.663, 108
Trd, 2591092.796, 107
Trd, 2591092.846, 136
Trd, 2591092.979, 134
Trd, 2591093.096, 135
Trd, 2591093.329, 135
Trd, 2591093.563, 128
Trd, 2591093.813, 134
Trd, 2591093.896, 136
Trd, 2591094.696, 150
Trd, 2591095.463, 150
Trd, 2591095.546, 145
Trd, 2591097.179, 150
Trd, 2591097.279, 150
Trd, 2591097.779, 150
Trd, 2591098.096, 150
Trd, 2591098.196, 150
Trd, 2591098.563, 150
Trd, 2591098.779, 150
Trd, 2591099.229, 150
Trd, 2591099.729, 150
Trd, 2591100.113, 149
Trd, 2591100.129, 144
Trd, 2591100.529, 149
Trd, 2591100.796, 141
Trd, 2591100.896, 124
Trd, 2591100.929, 123
Trd, 2591101.346, 145
Trd, 2591101.413, 101
Trd, 2591101.529, 147
Trd, 2591102.096, 146
Trd, 2591102.113, 110
Trd, 2591102.496, 147
Trd, 2591102.746, 124
Trd, 2591104.113, 147
Trd, 2591104.529, 148
Trd, 2591104.779, 148
Trd, 2591105.229, 150
Trd, 2591107.163, 150
Trd, 2591107.379, 150
Trd, 2591107.396, 150
Trd, 2591107.713, 150
Trd, 2591107.879, 150
Trd, 2591108.196, 150
Trd, 2591108.713, 150
Trd, 2591109.579, 150
Trd, 2591109.663, 150
Trd, 2591109.696, 149
Trd, 2591109.879, 148
Trd, 2591110.529, 144
Trd, 2591110.863, 136
Trd, 2591111.313, 137
Trd, 2591111.329, 119
Trd, 2591112.846, 148
Trd, 2591112.863, 147
Trd, 2591113.396, 149
Trd, 2591113.813, 118
Trd, 2591114.479, 118
Trd, 2591115.379, 141
Trd, 2591115.846, 141
Trd, 2591115.879, 120
Trd, 2591116.029, 119
Trd, 2591116.263, 118
Trd, 2591117.079, 134
Trd, 2591117.613, 131
Trd, 2591117.663, 131
Trd, 2591117.729, 130
Trd, 2591117.813, 127
Trd, 2591118.096, 128
Trd, 2591118.479, 128
Trd, 2591118.496, 127
Trd, 2591119.146, 104
Trd, 2591119.596, 104
Trd, 2591119.846, 104
Trd, 2591119.946, 102
Trd, 2591120.629, 150
Trd, 2591121.413, 150
Trd, 2591121.713, 103
Trd, 2591121.829, 149
Trd, 2591122.013, 150
Trd, 2591122.729, 102
Trd, 2591123.446, 145
Trd, 2591123.813, 150
Trd, 2591123.863, 150
Trd, 2591124.246, 142
Trd, 2591124.329, 141
Trd, 2591124.729, 147
Trd, 2591125.879, 140
Trd, 2591126.163, 138
Trd, 2591126.379, 137
Trd, 2591126.763, 137
Trd, 2591126.996, 138
Trd, 2591127.013, 137
Trd, 2591127.979, 138
Trd, 2591128.196, 139
Trd, 2591128.263, 145
Trd, 2591129.013, 138
Trd, 2591129.163, 134
Trd, 2591129.596, 128
Trd, 2591130.929, 125
Trd, 2591131.796, 150
Trd, 2591132.196, 150
Trd, 2591132.229, 146
Trd, 2591132.279, 135
Trd, 2591132.879, 149
Trd, 2591132.946, 142
Trd, 2591133.329, 149
Trd, 2591135.113, 150
Trd, 2591135.429, 149
Trd, 2591135.529, 134
Trd, 2591137.379, 150
Trd, 2591137.513, 150
Trd, 2591137.779, 150
Trd, 2591138.463, 150
Trd, 2591138.479, 150
Trd, 2591138.763, 150
Trd, 2591138.779, 150
Trd, 2591138.796, 150
Trd, 2591138.913, 150
Trd, 2591139.296, 150
Trd, 2591140.496, 150
Trd, 2591140.696, 150
Trd, 2591141.446, 150
Trd, 2591141.746, 150
Trd, 2591141.996, 149
Trd, 2591142.313, 148
Trd, 2591143.196, 150
Trd, 2591143.263, 149
Trd, 2591143.463, 150
Trd, 2591143.763, 149
Trd, 2591143.813, 144
Trd, 2591143.829, 139
Trd, 2591143.963, 150
Trd, 2591144.546, 150
Trd, 2591144.629, 148
Trd, 2591145.346, 147
Trd, 2591145.463, 147
Trd, 2591146.763, 145
Trd, 2591146.879, 144
Trd, 2591147.346, 145
Trd, 2591147.596, 143
Trd, 2591147.729, 140
Trd, 2591148.613, 143
Trd, 2591149.063, 142
Trd, 2591149.113, 127
Trd, 2591149.196, 144
Trd, 2591149.463, 125
Trd, 2591151.013, 116
Trd, 2591151.046, 117
Trd, 2591151.596, 116
Trd, 2591151.863, 147
Trd, 2591152.063, 114
Trd, 2591153.079, 150
Trd, 2591153.379, 118
Trd, 2591153.546, 118
Trd, 2591153.946, 100
Trd, 2591154.479, 100
Trd, 2591154.746, 100
Trd, 2591155.013, 104
Trd, 2591155.096, 105
Trd, 2591155.313, 104
Trd, 2591155.596, 104
Trd, 2591156.313, 100
Trd, 2591157.163, 100
Trd, 2591157.213, 100
Trd, 2591157.429, 100
Trd, 2591157.779, 100
Trd, 2591158.163, 100
Trd, 2591158.463, 100
Trd, 2591158.679, 100
Trd, 2591158.779, 102
Trd, 2591158.946, 104
Trd, 2591159.746, 111
Trd, 2591160.279, 131
Trd, 2591160.513, 131
Trd, 2591161.729, 150
Trd, 2591162.396, 150
Trd, 2591163.446, 150
Trd, 2591163.696, 150
Trd, 2591164.179, 150
Trd, 2591164.363, 149
Trd, 2591164.863, 150
Trd, 2591164.896, 149
Trd, 2591165.013, 150
Trd, 2591165.113, 145
Trd, 2591166.096, 147
Trd, 2591166.229, 150
Trd, 2591166.529, 149
Trd, 2591166.563, 150
Trd, 2591167.163, 150
Trd, 2591167.529, 142
Trd, 2591167.546, 141
Trd, 2591167.946, 150
Trd, 2591169.829, 150
Trd, 2591169.913, 149
Trd, 2591169.979, 145
Trd, 2591170.413, 115
Trd, 2591171.396, 148
Trd, 2591171.546, 148
Trd, 2591171.813, 149
Trd, 2591173.246, 150
Trd, 2591173.829, 149
Trd, 2591173.963, 149
Trd, 2591174.046, 150
Trd, 2591174.063, 133
Trd, 2591174.613, 148
Trd, 2591174.879, 149
Trd, 2591175.746, 148
Trd, 2591176.796, 150
Trd, 2591177.079, 150
Trd, 2591177.146, 150
Trd, 2591177.763, 150
Trd, 2591179.196, 150
Trd, 2591179.246, 150
Trd, 2591179.313, 150
Trd, 2591179.996, 149
Trd, 2591180.779, 150
Trd, 2591181.179, 150
Trd, 2591181.196, 150
Trd, 2591181.263, 150
Trd, 2591182.513, 150
Trd, 2591182.729, 149
Trd, 2591183.196, 148
Trd, 2591183.463, 141
Trd, 2591184.129, 148
Trd, 2591184.846, 145
Trd, 2591184.896, 138
Trd, 2591184.913, 147
Trd, 2591184.963, 137
Trd, 2591184.979, 149
Trd, 2591185.763, 150
Trd, 2591186.679, 150
Trd, 2591187.163, 150
Trd, 2591187.263, 149
Trd, 2591187.296, 145
Trd, 2591188.546, 150
Trd, 2591188.946, 150
Trd, 2591189.146, 150
Trd, 2591190.329, 139
Trd, 2591191.063, 133
Trd, 2591191.213, 132
Trd, 2591191.579, 142
Trd, 2591191.846, 123
Trd, 2591191.879, 143
Trd, 2591192.163, 138
Trd, 2591193.213, 109
Trd, 2591193.246, 130
Trd, 2591193.379, 103
Trd, 2591193.629, 130
Trd, 2591194.129, 129
Trd, 2591194.596, 126
Trd, 2591194.713, 128
Trd, 2591195.129, 129
Trd, 2591195.146, 125
Trd, 2591195.179, 110
Trd, 2591195.513, 108
Trd, 2591195.596, 107
Trd, 2591195.896, 125
Trd, 2591196.563, 108
Trd, 2591196.696, 126
Trd, 2591196.746, 126
Trd, 2591197.096, 100
Trd, 2591197.563, 101
Trd, 2591197.813, 100
Trd, 2591198.013, 129
Trd, 2591198.129, 100
Trd, 2591199.479, 103
Trd, 2591199.946, 150
Trd, 2591200.029, 150
Trd, 2591201.629, 150
Trd, 2591201.696, 150
Trd, 2591201.979, 150
Trd, 2591202.396, 150
Trd, 2591203.013, 145
Trd, 2591203.346, 150
Trd, 2591204.329, 149
Trd, 2591204.679, 148
Trd, 2591204.763, 145
Trd, 2591205.279, 142
Trd, 2591205.379, 143
Trd, 2591205.496, 138
Trd, 2591205.646, 137
Trd, 2591206.229, 149
Trd, 2591206.696, 133
Trd, 2591206.779, 149
Trd, 2591207.079, 148
Trd, 2591207.379, 148
Trd, 2591207.496, 134
Trd, 2591207.546, 149
Trd, 2591207.579, 132
Trd, 2591207.929, 120
Trd, 2591208.179, 149
Trd, 2591209.846, 149
Trd, 2591210.313, 101
Trd, 2591211.329, 100
Trd, 2591211.496, 101
Trd, 2591211.796, 101
Trd, 2591211.963, 102
Trd, 2591212.213, 105
Trd, 2591212.713, 100
Trd, 2591213.546, 150
Trd, 2591214.513, 150
Trd, 2591214.913, 150
Trd, 2591215.679, 150
Trd, 2591215.829, 150
Trd, 2591215.913, 150
Trd, 2591216.079, 150
Trd, 2591216.579, 150
Trd, 2591216.763, 149
Trd, 2591216.779, 149
Trd, 2591217.113, 148
Trd, 2591218.029, 149
Trd, 2591218.496, 150
Trd, 2591218.963, 150
Trd, 2591219.379, 150
Trd, 2591219.496, 148
Trd, 2591219.763, 146
Trd, 2591219.929, 149
Trd, 2591220.046, 150
Trd, 2591220.913, 148
Trd, 2591221.779, 147
Trd, 2591222.013, 146
Trd, 2591222.279, 139
Trd, 2591222.813, 129
Trd, 2591223.029, 141
Trd, 2591223.513, 125
Trd, 2591223.913, 100
Trd, 2591224.029, 100
Trd, 2591224.079, 101
Trd, 2591224.496, 107
Trd, 2591224.729, 107
Trd, 2591225.129, 103
Trd, 2591225.413, 103
Trd, 2591226.563, 100
Trd, 2591226.846, 100
Trd, 2591227.046, 101
Trd, 2591227.463, 104
Trd, 2591227.746, 104
Trd, 2591227.813, 105
Trd, 2591228.279, 101
Trd, 2591228.613, 102
Trd, 2591228.946, 130
Trd, 2591229.429, 150
Trd, 2591230.096, 150
Trd, 2591230.479, 150
Trd, 2591231.979, 150
Trd, 2591232.013, 150
Trd, 2591232.313, 150
Trd, 2591232.429, 149
Trd, 2591232.996, 148
Trd, 2591233.079, 147
Trd, 2591233.663, 146
Trd, 2591233.763, 146
Trd, 2591234.029, 146
Trd, 2591234.163, 145
Trd, 2591234.196, 147
Trd, 2591234.763, 122
Trd, 2591235.363, 116
Trd, 2591235.846, 147
Trd, 2591237.513, 150
Trd, 2591239.429, 150
Trd, 2591239.729, 150
Trd, 2591240.329, 150
Trd, 2591241.446, 150
Trd, 2591242.646, 150
Trd, 2591242.929, 150
Trd, 2591243.746, 150
Trd, 2591244.113, 150
Trd, 2591244.163, 150
Trd, 2591244.179, 150
Trd, 2591244.313, 150
Trd, 2591244.363, 150
Trd, 2591244.679, 149
Trd, 2591244.896, 149
Trd, 2591244.963, 149
Trd, 2591245.129, 149
Trd, 2591245.229, 149
Trd, 2591245.696, 132
Trd, 2591246.629, 147
Trd, 2591248.263, 137
Trd, 2591248.863, 132
Trd, 2591249.513, 105
Trd, 2591249.729, 104
Trd, 2591249.746, 104
Trd, 2591250.079, 149
Trd, 2591251.129, 148
Trd, 2591251.679, 150
Trd, 2591251.696, 150
Trd, 2591251.746, 150
Trd, 2591251.879, 149
Trd, 2591252.196, 149
Trd, 2591252.296, 150
Trd, 2591252.329, 149
Trd, 2591252.663, 149
Trd, 2591252.813, 148
Trd, 2591253.313, 144
Trd, 2591253.596, 141
Trd, 2591253.963, 147
Trd, 2591254.379, 131
Trd, 2591255.129, 136
Trd, 2591255.396, 146
Trd, 2591255.596, 148
Trd, 2591255.729, 121
Trd, 2591255.979, 149
Trd, 2591256.679, 149
Trd, 2591256.746, 150
Trd, 2591257.046, 150
Trd, 2591259.429, 150
Trd, 2591259.763, 150
Trd, 2591260.413, 150
Trd, 2591260.463, 150
Trd, 2591261.379, 150
Trd, 2591262.113, 150
Trd, 2591262.363, 150
Trd, 2591262.563, 150
Trd, 2591262.813, 148
Trd, 2591262.929, 149
Trd, 2591263.063, 146
Trd, 2591263.329, 149
Trd, 2591263.646, 141
Trd, 2591263.979, 140
Trd, 2591264.029, 116
Trd, 2591264.096, 141
Trd, 2591264.263, 111
Trd, 2591265.546, 139
Trd, 2591265.563, 136
Trd, 2591266.179, 137
Trd, 2591266.229, 138
Trd, 2591267.396, 125
Trd, 2591267.663, 113
Trd, 2591268.029, 136
Trd, 2591269.529, 150
Trd, 2591269.746, 150
Trd, 2591270.163, 150
Trd, 2591271.463, 150
Trd, 2591271.529, 150
Trd, 2591271.629, 150
Trd, 2591271.679, 150
Trd, 2591271.979, 149
Trd, 2591272.129, 145
Trd, 2591272.263, 149
Trd, 2591272.429, 136
Trd, 2591272.996, 150
Trd, 2591273.346, 150
Trd, 2591273.379, 146
Trd, 2591274.279, 143
Trd, 2591274.496, 139
Trd, 2591275.063, 150
Trd, 2591275.863, 148
Trd, 2591276.746, 143
Trd, 2591277.346, 141
Trd, 2591277.363, 140
Trd, 2591278.079, 132
Trd, 2591278.096, 122
Trd, 2591278.946, 125
Trd, 2591278.963, 118
Trd, 2591278.979, 128
Trd, 2591279.629, 140
Trd, 2591280.046, 140
Trd, 2591280.213, 140
Trd, 2591280.463, 128
Trd, 2591280.779, 126
Trd, 2591280.913, 118
Trd, 2591281.146, 128
Trd, 2591281.329, 129
Trd, 2591281.646, 140
Trd, 2591282.563, 150
Trd, 2591283.063, 150
Trd, 2591283.213, 150
Trd, 2591283.396, 150
Trd, 2591284.563, 136
Trd, 2591285.313, 149
Trd, 2591285.596, 135
Trd, 2591285.946, 146
Trd, 2591286.063, 146
Trd, 2591286.329, 149
Trd, 2591286.896, 147
Trd, 2591287.646, 146
Trd, 2591287.763, 136
Trd, 2591288.729, 146
Trd, 2591288.863, 136
Trd, 2591289.863, 150
Trd, 2591290.246, 144
Trd, 2591290.263, 123
Trd, 2591290.696, 113
Trd, 2591291.029, 125
Trd, 2591292.463, 150
Trd, 2591293.046, 150
Trd, 2591293.129, 150
Trd, 2591293.146, 150
Trd, 2591293.296, 150
Trd, 2591293.346, 147
Trd, 2591293.596, 148
Trd, 2591294.096, 148
Trd, 2591294.563, 146
Trd, 2591294.829, 149
Trd, 2591294.863, 118
Trd, 2591295.713, 150
Trd, 2591296.563, 150
Trd, 2591298.713, 150
Trd, 2591298.863, 150
Trd, 2591298.913, 150
Trd, 2591298.996, 150
Trd, 2591299.246, 150
Trd, 2591299.396, 149
Trd, 2591299.596, 147
Trd, 2591299.879, 145
Trd, 2591300.229, 146
Trd, 2591300.613, 133
Trd, 2591300.979, 139
Trd, 2591301.463, 136
Trd, 2591301.679, 135
Trd, 2591301.696, 139
Trd, 2591301.963, 140
Trd, 2591303.413, 140
Trd, 2591303.446, 135
Trd, 2591303.629, 140
Trd, 2591303.663, 122
Trd, 2591303.896, 141
Trd, 2591304.413, 140
Trd, 2591304.463, 142
Trd, 2591305.213, 150
Trd, 2591305.279, 150
Trd, 2591306.196, 150
Trd, 2591306.479, 150
Trd, 2591306.546, 148
Trd, 2591306.963, 145
Trd, 2591307.829, 150
Trd, 2591307.979, 149
Trd, 2591309.363, 147
Trd, 2591309.396, 139
Trd, 2591309.763, 139
Trd, 2591309.963, 147
Trd, 2591310.229, 137
Trd, 2591310.896, 113
Trd, 2591311.196, 103
Trd, 2591311.263, 104
Trd, 2591311.746, 124
Trd, 2591312.563, 122
Trd, 2591313.596, 101
Trd, 2591313.779, 101
Trd, 2591314.013, 102
Trd, 2591314.213, 104
Trd, 2591314.429, 106
Trd, 2591314.929, 104
Trd, 2591315.429, 120
Trd, 2591316.029, 119
Trd, 2591316.396, 120
Trd, 2591316.713, 118
Trd, 2591316.746, 120
Trd, 2591317.979, 119
Trd, 2591318.013, 144
Trd, 2591318.396, 149
Trd, 2591319.063, 150
Trd, 2591319.146, 149
Trd, 2591319.263, 145
Trd, 2591319.429, 144
Trd, 2591319.646, 121
Trd, 2591320.246, 104
Trd, 2591320.763, 106
Trd, 2591321.129, 106
Trd, 2591321.546, 106
Trd, 2591321.629, 107
Trd, 2591321.829, 121
Trd, 2591321.963, 123
Trd, 2591322.279, 100
Trd, 2591322.429, 101
Trd, 2591323.046, 106
Trd, 2591324.079, 150
Trd, 2591325.263, 150
Trd, 2591326.046, 150
Trd, 2591326.146, 150
Trd, 2591326.163, 150
Trd, 2591326.246, 150
Trd, 2591326.663, 150
Trd, 2591327.163, 150
Trd, 2591327.446, 150
Trd, 2591327.529, 148
Trd, 2591328.079, 145
Trd, 2591328.263, 147
Trd, 2591328.313, 147
Trd, 2591328.696, 146
Trd, 2591328.779, 146
Trd, 2591329.329, 144
Trd, 2591330.163, 138
Trd, 2591330.229, 134
Trd, 2591330.446, 137
Trd, 2591330.896, 136
Trd, 2591331.246, 137
Trd, 2591331.979, 135
Trd, 2591332.179, 136
Trd, 2591332.496, 136
Trd, 2591332.563, 109
Trd, 2591332.763, 137
Trd, 2591332.913, 125
Trd, 2591333.129, 115
Trd, 2591334.163, 150
Trd, 2591334.746, 150
Trd, 2591335.513, 150
Trd, 2591335.713, 150
Trd, 2591336.296, 149
Trd, 2591336.463, 149
Trd, 2591336.796, 146
Trd, 2591336.813, 149
Trd, 2591337.213, 145
Trd, 2591337.413, 138
Trd, 2591339.413, 137
Trd, 2591339.446, 138
Trd, 2591339.979, 137
Trd, 2591340.046, 122
Trd, 2591340.096, 138
Trd, 2591340.763, 120
Trd, 2591340.779, 119
Trd, 2591341.096, 136
Trd, 2591341.996, 128
Trd, 2591342.146, 130
Trd, 2591342.296, 131
Trd, 2591342.629, 133
Trd, 2591342.813, 135
Trd, 2591342.896, 114
Trd, 2591343.763, 150
Trd, 2591343.779, 148
Trd, 2591344.363, 150
Trd, 2591344.979, 149
Trd, 2591345.179, 148
Trd, 2591346.346, 147
Trd, 2591346.463, 143
Trd, 2591346.479, 134
Trd, 2591347.096, 144
Trd, 2591347.529, 145
Trd, 2591347.713, 146
Trd, 2591347.913, 148
Trd, 2591348.829, 148
Trd, 2591349.496, 149
Trd, 2591349.629, 145
Trd, 2591350.129, 149
Trd, 2591350.263, 144
Trd, 2591350.379, 144
Trd, 2591351.179, 145
Trd, 2591351.213, 144
Trd, 2591351.463, 106
Trd, 2591351.596, 116
Trd, 2591351.763, 140
Trd, 2591353.863, 150
Trd, 2591354.479, 150
Trd, 2591354.529, 150
Trd, 2591354.596, 149
Trd, 2591354.663, 122
Trd, 2591355.163, 129
Trd, 2591355.613, 122
Trd, 2591356.013, 127
Trd, 2591356.046, 123
Trd, 2591356.079, 122
Trd, 2591356.513, 122
Trd, 2591356.779, 110
Trd, 2591356.996, 122
Trd, 2591358.296, 116
Trd, 2591358.529, 106
Trd, 2591358.896, 114
Trd, 2591359.163, 115
Trd, 2591359.213, 116
Trd, 2591360.529, 100
Trd, 2591360.879, 100
Trd, 2591361.013, 100
Trd, 2591361.113, 102
Trd, 2591361.263, 121
Trd, 2591361.679, 101
Trd, 2591362.179, 102
Trd, 2591364.096, 150
Trd, 2591364.513, 150
Trd, 2591364.796, 150
Trd, 2591364.863, 150
Trd, 2591365.246, 150
Trd, 2591365.596, 150
Trd, 2591365.796, 150
Trd, 2591365.979, 150
Trd, 2591366.113, 150
Trd, 2591366.146, 150
Trd, 2591366.163, 145
Trd, 2591366.363, 138
Trd, 2591366.729, 119
Trd, 2591366.763, 150
Trd, 2591366.896, 148
Trd, 2591366.913, 119
Trd, 2591367.296, 149
Trd, 2591367.779, 149
Trd, 2591368.046, 148
Trd, 2591368.146, 133
Trd, 2591368.729, 148
Trd, 2591369.779, 119
Trd, 2591370.429, 143
Trd, 2591370.546, 146
Trd, 2591370.579, 119
Trd, 2591371.479, 121
Trd, 2591372.146, 149
Trd, 2591374.429, 150
Trd, 2591374.513, 149
Trd, 2591374.629, 148
Trd, 2591374.863, 145
Trd, 2591374.996, 131
Trd, 2591375.246, 146
Trd, 2591375.546, 146
Trd, 2591375.763, 115
Trd, 2591376.313, 123
Trd, 2591376.329, 124
Trd, 2591376.963, 144
Trd, 2591377.579, 145
Trd, 2591377.929, 146
Trd, 2591378.296, 145
Trd, 2591379.146, 147
Trd, 2591379.263, 148
Trd, 2591379.513, 149
Trd, 2591379.746, 149
Trd, 2591379.979, 119
Trd, 2591381.246, 150
Trd, 2591381.796, 150
Trd, 2591382.296, 150
Trd, 2591382.513, 150
Trd, 2591383.313, 150
Trd, 2591383.879, 150
Trd, 2591384.096, 150
Trd, 2591384.746, 150
Trd, 2591385.263, 150
Trd, 2591386.096, 149
Trd, 2591387.213, 150
Trd, 2591387.413, 146
Trd, 2591388.429, 150
Trd, 2591388.563, 148
Trd, 2591388.846, 150
Trd, 2591389.379, 150
Trd, 2591389.563, 150
Trd, 2591389.929, 149
Trd, 2591390.396, 150
Trd, 2591391.229, 150
Trd, 2591391.679, 150
Trd, 2591391.763, 150
Trd, 2591391.896, 150
Trd, 2591391.913, 150
Trd, 2591392.046, 150
Trd, 2591392.129, 150
Trd, 2591392.363, 148
Trd, 2591392.729, 142
Trd, 2591393.346, 125
Trd, 2591394.063, 135
Trd, 2591394.596, 121
Trd, 2591394.763, 135
Trd, 2591395.263, 135
Trd, 2591395.813, 138
Trd, 2591396.029, 139
Trd, 2591396.113, 107
Trd, 2591396.279, 101
Trd, 2591396.696, 136
Trd, 2591397.863, 136
Trd, 2591398.213, 103
Trd, 2591398.229, 137
Trd, 2591398.413, 138
Trd, 2591399.379, 127
Trd, 2591399.679, 147
Trd, 2591399.796, 127
Trd, 2591399.979, 127
Trd, 2591399.996, 123
Trd, 2591400.546, 100
Trd, 2591400.896, 119
Trd, 2591401.463, 150
Trd, 2591403.546, 150
Trd, 2591403.813, 150
Trd, 2591404.413, 150
Trd, 2591404.446, 150
Trd, 2591404.546, 150
Trd, 2591404.896, 150
Trd, 2591405.429, 150
Trd, 2591406.113, 150
Trd, 2591406.246, 150
Trd, 2591406.929, 150
Trd, 2591407.729, 150
Trd, 2591407.746, 150
Trd, 2591408.579, 150
Trd, 2591409.013, 150
Trd, 2591409.063, 150
Trd, 2591409.263, 150
Trd, 2591410.246, 150
Trd, 2591410.329, 150
Trd, 2591411.063, 150
Trd, 2591411.579, 150
Trd, 2591412.196, 150
Trd, 2591412.746, 150
Trd, 2591413.046, 150
Trd, 2591413.113, 150
Trd, 2591413.246, 150
Trd, 2591413.429, 150
Trd, 2591414.046, 150
Trd, 2591414.079, 150
Trd, 2591414.146, 134
Trd, 2591414.313, 150
Trd, 2591414.979, 149
Trd, 2591415.379, 134
Trd, 2591415.596, 144
Trd, 2591416.329, 139
Trd, 2591416.496, 142
Trd, 2591416.679, 140
Trd, 2591416.763, 127
Trd, 2591416.813, 140
Trd, 2591417.113, 141
Trd, 2591417.746, 133
Trd, 2591418.996, 130
Trd, 2591419.046, 132
Trd, 2591419.646, 126
Trd, 2591419.713, 120
Trd, 2591420.096, 130
Trd, 2591420.513, 106
Trd, 2591420.763, 115
Trd, 2591420.979, 116
Trd, 2591421.196, 133
Trd, 2591422.096, 150
Trd, 2591423.229, 150
Trd, 2591423.846, 150
Trd, 2591425.596, 150
Trd, 2591425.629, 150
Trd, 2591427.379, 150
Trd, 2591427.463, 150
Trd, 2591427.513, 149
Trd, 2591427.713, 149
Trd, 2591428.313, 148
Trd, 2591428.596, 147
Trd, 2591428.879, 149
Trd, 2591429.046, 150
Trd, 2591429.429, 146
Trd, 2591429.446, 147
Trd, 2591429.979, 148
Trd, 2591429.996, 146
Trd, 2591430.246, 146
Trd, 2591430.263, 150
Trd, 2591430.313, 142
Trd, 2591431.329, 150
Trd, 2591431.363, 120
Trd, 2591432.329, 150
Trd, 2591432.896, 150
Trd, 2591433.013, 150
Trd, 2591433.713, 150
Trd, 2591433.913, 150
Trd, 2591434.546, 150
Trd, 2591435.079, 149
Trd, 2591435.946, 150
Trd, 2591436.079, 149
Trd, 2591436.213, 148
Trd, 2591436.979, 125
Trd, 2591437.463, 131
Trd, 2591437.496, 147
Trd, 2591437.796, 127
Trd, 2591439.646, 150
Trd, 2591440.113, 150
Trd, 2591440.296, 150
Trd, 2591440.513, 149
Trd, 2591440.746, 148
Trd, 2591441.796, 150
Trd, 2591441.846, 150
Trd, 2591441.996, 150
Trd, 2591442.029, 150
Trd, 2591442.129, 149
Trd, 2591442.229, 148
Trd, 2591442.446, 147
Trd, 2591442.596, 147
Trd, 2591442.629, 144
Trd, 2591442.996, 143
Trd, 2591443.013, 133
Trd, 2591443.129, 142
Trd, 2591443.213, 143
Trd, 2591443.379, 144
Trd, 2591443.613, 132
Trd, 2591443.713, 147
Trd, 2591444.196, 115
Trd, 2591444.246, 145
Trd, 2591445.313, 123
Trd, 2591445.363, 102
Trd, 2591446.329, 140
Trd, 2591446.996, 111
Trd, 2591447.113, 111
Trd, 2591448.113, 132
Trd, 2591448.263, 130
Trd, 2591448.313, 132
Trd, 2591448.829, 130
Trd, 2591448.863, 133
Trd, 2591450.863, 142
Trd, 2591451.829, 150
Trd, 2591452.663, 150
Trd, 2591452.746, 150
Trd, 2591452.963, 150
Trd, 2591453.129, 150
Trd, 2591453.146, 150
Trd, 2591453.529, 150
Trd, 2591453.829, 150
Trd, 2591454.013, 150
Trd, 2591454.379, 150
Trd, 2591454.479, 149
Trd, 2591454.829, 139
Trd, 2591456.596, 150
Trd, 2591457.429, 150
Trd, 2591458.246, 150
Trd, 2591458.729, 150
Trd, 2591459.846, 150
Trd, 2591459.946, 150
Trd, 2591460.446, 150
Trd, 2591460.596, 150
Trd, 2591462.229, 150
Trd, 2591462.396, 150
Trd, 2591462.413, 150
Trd, 2591462.479, 150
Trd, 2591462.513, 150
Trd, 2591462.629, 150
Trd, 2591462.763, 150
Trd, 2591462.896, 150
Trd, 2591463.029, 148
Trd, 2591463.079, 145
Trd, 2591463.296, 141
Trd, 2591463.929, 125
Trd, 2591464.046, 112
Trd, 2591464.063, 110
Trd, 2591464.429, 149
Trd, 2591464.496, 146
Trd, 2591466.896, 150
Trd, 2591467.479, 150
Trd, 2591468.696, 150
Trd, 2591468.729, 150
Trd, 2591469.279, 150
Trd, 2591469.296, 145
Trd, 2591469.546, 150
Trd, 2591469.813, 150
Trd, 2591470.663, 149
Trd, 2591471.079, 150
Trd, 2591471.779, 150
Trd, 2591471.963, 150
Trd, 2591472.196, 148
Trd, 2591472.446, 148
Trd, 2591472.613, 148
Trd, 2591472.929, 147
Trd, 2591473.146, 124
Trd, 2591474.246, 144
Trd, 2591474.746, 145
Trd, 2591474.846, 147
Trd, 2591475.046, 127
Trd, 2591475.079, 123
Trd, 2591475.313, 131
Trd, 2591476.046, 150
Trd, 2591476.546, 150
Trd, 2591477.046, 145
Trd, 2591477.729, 132
Trd, 2591477.846, 150
Trd, 2591478.246, 150
Trd, 2591478.629, 143
Trd, 2591479.313, 119
Trd, 2591479.429, 123
Trd, 2591479.596, 118
Trd, 2591480.329, 117
Trd, 2591480.363, 116
Trd, 2591481.063, 107
Trd, 2591481.329, 112
Trd, 2591481.446, 100
Trd, 2591481.579, 113
Trd, 2591481.796, 114
Trd, 2591481.829, 115
Trd, 2591482.896, 106
Trd, 2591482.946, 106
Trd, 2591483.329, 102
Trd, 2591483.346, 106
Trd, 2591483.529, 106
Trd, 2591483.563, 108
Trd, 2591483.629, 120
Trd, 2591484.613, 121
Trd, 2591484.963, 139
Trd, 2591485.679, 121
Trd, 2591486.029, 137
Trd, 2591486.079, 129
Trd, 2591486.563, 140
Trd, 2591487.663, 150
Trd, 2591488.129, 150
Trd, 2591488.213, 150
Trd, 2591488.446, 149
Trd, 2591488.946, 150
Trd, 2591489.146, 149
Trd, 2591489.946, 148
Trd, 2591490.913, 144
Trd, 2591491.296, 144
Trd, 2591491.613, 143
Trd, 2591491.996, 143
Trd, 2591492.229, 141
Trd, 2591492.379, 134
Trd, 2591492.529, 132
Trd, 2591492.779, 140
Trd, 2591492.963, 141
Trd, 2591493.546, 132
Trd, 2591493.846, 131
Trd, 2591494.063, 144
Trd, 2591495.996, 150
Trd, 2591496.213, 150
Trd, 2591496.379, 149
Trd, 2591496.979, 150
Trd, 2591497.796, 150
Trd, 2591498.063, 139
Trd, 2591498.213, 139
Trd, 2591498.229, 128
Trd, 2591498.663, 122
Trd, 2591498.696, 117
Trd, 2591499.229, 138
Trd, 2591499.346, 139
Trd, 2591499.629, 112
Trd, 2591500.329, 134
Trd, 2591500.763, 135
Trd, 2591500.996, 131
Trd, 2591501.229, 127
Trd, 2591501.963, 136
Trd, 2591502.613, 100
Trd, 2591502.763, 100
Trd, 2591502.946, 100
Trd, 2591503.029, 102
Trd, 2591504.429, 100
Trd, 2591504.963, 100
Trd, 2591504.979, 100
Trd, 2591505.113, 100
Trd, 2591505.413, 100
Trd, 2591505.613, 100
Trd, 2591505.779, 101
Trd, 2591505.796, 102
Trd, 2591506.446, 102
Trd, 2591506.813, 111
Trd, 2591506.929, 112
Trd, 2591507.096, 150
Trd, 2591508.263, 110
Trd, 2591508.746, 109
Trd, 2591510.096, 113
Trd, 2591510.263, 114
Trd, 2591510.363, 115
Trd, 2591510.846, 115
Trd, 2591511.163, 115
Trd, 2591511.446, 116
Trd, 2591511.863, 115
Trd, 2591511.929, 120
Trd, 2591512.196, 114
Trd, 2591512.646, 100
Trd, 2591512.763, 123
Trd, 2591513.496, 150
Trd, 2591513.713, 150
Trd, 2591514.346, 148
Trd, 2591516.279, 150
Trd, 2591518.263, 150
Trd, 2591518.396, 150
Trd, 2591518.446, 150
Trd, 2591518.679, 150
Trd, 2591518.879, 150
Trd, 2591519.063, 150
Trd, 2591519.079, 150
Trd, 2591519.146, 150
Trd, 2591519.479, 145
Trd, 2591520.146, 148
Trd, 2591520.196, 149
Trd, 2591520.696, 148
Trd, 2591521.263, 141
Trd, 2591521.479, 134
Trd, 2591521.746, 147
Trd, 2591522.246, 150
Trd, 2591522.579, 150
Trd, 2591522.896, 150
Trd, 2591523.129, 150
Trd, 2591523.513, 150
Trd, 2591523.646, 150
Trd, 2591524.179, 149
Trd, 2591524.896, 150
Trd, 2591525.046, 149
Trd, 2591525.563, 150
Trd, 2591525.996, 150
Trd, 2591526.779, 150
Trd, 2591527.546, 150
Trd, 2591528.096, 150
Trd, 2591528.796, 150
Trd, 2591529.613, 150
Trd, 2591529.746, 150
Trd, 2591529.879, 149
Trd, 2591530.296, 147
Trd, 2591530.363, 146
Trd, 2591530.396, 145
Trd, 2591530.529, 121
Trd, 2591531.529, 135
Trd, 2591531.846, 134
Trd, 2591531.913, 130
Trd, 2591532.379, 110
Trd, 2591532.479, 111
Trd, 2591532.979, 104
Trd, 2591533.113, 111
Trd, 2591533.279, 111
Trd, 2591533.529, 101
Trd, 2591533.779, 110
Trd, 2591533.863, 104
Trd, 2591534.629, 142
Trd, 2591535.713, 150
Trd, 2591536.079, 150
Trd, 2591536.479, 150
Trd, 2591536.779, 150
Trd, 2591537.596, 150
Trd, 2591538.179, 150
Trd, 2591538.329, 150
Trd, 2591538.446, 150
Trd, 2591539.363, 150
Trd, 2591539.529, 150
Trd, 2591540.463, 150
Trd, 2591540.513, 150
Trd, 2591541.229, 150
Trd, 2591541.479, 150
Trd, 2591541.863, 138
Trd, 2591542.063, 149
Trd, 2591542.296, 148
Trd, 2591542.563, 138
Trd, 2591542.929, 134
Trd, 2591543.246, 124
Trd, 2591543.513, 127
Trd, 2591543.846, 138
Trd, 2591544.113, 123
Trd, 2591544.346, 138
Trd, 2591544.846, 137
Trd, 2591544.896, 104
Trd, 2591545.013, 138
Trd, 2591545.313, 109
Trd, 2591545.413, 107
Trd, 2591547.279, 100
Trd, 2591547.379, 100
Trd, 2591547.813, 100
Trd, 2591548.163, 100
Trd, 2591548.179, 100
Trd, 2591548.363, 100
Trd, 2591548.546, 100
Trd, 2591548.746, 100
Trd, 2591548.796, 101
Trd, 2591548.813, 103
Trd, 2591550.046, 102
Trd, 2591550.196, 103
Trd, 2591550.679, 103
Trd, 2591551.263, 103
Trd, 2591551.563, 108
Trd, 2591551.963, 150
Trd, 2591552.646, 127
Trd, 2591553.479, 113
Trd, 2591553.563, 129
Trd, 2591554.563, 150
Trd, 2591555.313, 150
Trd, 2591555.463, 150
Trd, 2591556.813, 149
Trd, 2591557.613, 148
Trd, 2591557.713, 146
Trd, 2591558.479, 145
Trd, 2591558.646, 140
Trd, 2591558.913, 139
Trd, 2591559.096, 149
Trd, 2591559.129, 147
Trd, 2591559.763, 137
Trd, 2591560.179, 144
Trd, 2591560.613, 145
Trd, 2591561.229, 143
Trd, 2591561.313, 143
Trd, 2591562.029, 128
Trd, 2591562.279, 140
Trd, 2591562.613, 138
Trd, 2591562.629, 140
Trd, 2591562.896, 131
Trd, 2591563.079, 130
Trd, 2591563.096, 140
Trd, 2591563.179, 141
Trd, 2591563.379, 143
Trd, 2591563.446, 130
Trd, 2591564.863, 143
Trd, 2591565.229, 130
Trd, 2591565.346, 116
Trd, 2591565.746, 144
Trd, 2591566.046, 110
Trd, 2591566.163, 112
Trd, 2591566.796, 138
Trd, 2591567.996, 145
Trd, 2591568.813, 150
Trd, 2591568.963, 150
Trd, 2591569.046, 150
Trd, 2591569.079, 148
Trd, 2591570.113, 150
Trd, 2591571.863, 150
Trd, 2591572.229, 150
Trd, 2591572.929, 150
Trd, 2591573.279, 150
Trd, 2591573.329, 150
Trd, 2591573.413, 150
Trd, 2591573.646, 150
Trd, 2591573.746, 150
Trd, 2591574.563, 150
Trd, 2591574.613, 147
Trd, 2591574.779, 147
Trd, 2591575.096, 147
Trd, 2591575.246, 142
Trd, 2591575.413, 147
Trd, 2591575.896, 144
Trd, 2591576.063, 146
Trd, 2591576.179, 147
Trd, 2591576.246, 144
Trd, 2591576.646, 135
Trd, 2591576.779, 149
Trd, 2591577.213, 101
Trd, 2591577.279, 131
Trd, 2591578.729, 129
Trd, 2591579.196, 131
Trd, 2591579.313, 107
Trd, 2591579.729, 130
Trd, 2591580.029, 130
Trd, 2591580.113, 131
Trd, 2591580.479, 130
Trd, 2591580.663, 122
Trd, 2591580.813, 133
Trd, 2591581.096, 134
Trd, 2591581.263, 124
Trd, 2591582.596, 129
Trd, 2591582.796, 126
Trd, 2591583.079, 137
Trd, 2591583.663, 125
Trd, 2591583.796, 150
Trd, 2591584.313, 148
Trd, 2591585.046, 127
Trd, 2591585.296, 128
Trd, 2591586.463, 150
Trd, 2591586.496, 150
Trd, 2591586.913, 150
Trd, 2591587.479, 150
Trd, 2591587.796, 150
Trd, 2591588.196, 150
Trd, 2591588.429, 150
Trd, 2591588.896, 150
Trd, 2591588.979, 150
Trd, 2591589.346, 149
Trd, 2591589.896, 148
Trd, 2591589.913, 148
Trd, 2591590.496, 148
Trd, 2591590.513, 145
Trd, 2591591.329, 149
Trd, 2591591.463, 149
Trd, 2591591.879, 148
Trd, 2591592.146, 141
Trd, 2591593.396, 147
Trd, 2591593.663, 109
Trd, 2591594.896, 112
Trd, 2591595.029, 110
Trd, 2591595.446, 108
Trd, 2591595.646, 133
Trd, 2591596.046, 132
Trd, 2591596.379, 126
Trd, 2591596.463, 109
Trd, 2591596.513, 131
Trd, 2591596.613, 132
Trd, 2591597.163, 117
Trd, 2591597.429, 130
Trd, 2591597.613, 104
Trd, 2591597.846, 131
Trd, 2591599.596, 105
Trd, 2591599.796, 110
Trd, 2591600.563, 103
Trd, 2591600.829, 128
Trd, 2591601.179, 129
Trd, 2591601.579, 138
Trd, 2591603.679, 150
Trd, 2591603.713, 150
Trd, 2591605.913, 150
Trd, 2591605.929, 150
Trd, 2591605.946, 150
Trd, 2591605.979, 150
Trd, 2591606.496, 150
Trd, 2591606.679, 150
Trd, 2591606.846, 150
Trd, 2591606.946, 150
Trd, 2591607.213, 150
Trd, 2591607.413, 149
Trd, 2591607.596, 149
Trd, 2591607.646, 149
Trd, 2591607.713, 141
Trd, 2591608.046, 129
Trd, 2591608.279, 147
Trd, 2591608.329, 148
Trd, 2591608.596, 146
Trd, 2591608.729, 129
Trd, 2591610.229, 150
Trd, 2591610.346, 150
Trd, 2591611.813, 150
Trd, 2591612.113, 150
Trd, 2591614.563, 150
Trd, 2591614.979, 150
Trd, 2591615.729, 150
Trd, 2591616.496, 150
Trd, 2591616.579, 150
Trd, 2591616.979, 150
Trd, 2591617.213, 149
Trd, 2591617.246, 150
Trd, 2591617.496, 147
Trd, 2591617.829, 146
Trd, 2591618.063, 145
Trd, 2591618.263, 145
Trd, 2591619.013, 135
Trd, 2591619.479, 136
Trd, 2591619.646, 137
Trd, 2591620.063, 134
Trd, 2591620.113, 135
Trd, 2591620.579, 138
Trd, 2591620.746, 149
Trd, 2591620.996, 150
Trd, 2591621.413, 150
Trd, 2591622.013, 150
Trd, 2591622.196, 150
Trd, 2591622.313, 150
Trd, 2591622.396, 145
Trd, 2591623.329, 150
Trd, 2591623.446, 150
Trd, 2591623.463, 150
Trd, 2591624.013, 150
Trd, 2591624.879, 150
Trd, 2591625.563, 150
Trd, 2591626.796, 150
Trd, 2591627.396, 150
Trd, 2591627.963, 150
Trd, 2591628.096, 150
Trd, 2591628.246, 150
Trd, 2591628.396, 149
Trd, 2591628.746, 148
Trd, 2591629.113, 148
Trd, 2591629.813, 150
Trd, 2591629.979, 147
Trd, 2591630.046, 143
Trd, 2591630.196, 138
Trd, 2591630.829, 124
Trd, 2591630.896, 147
Trd, 2591631.213, 138
Trd, 2591631.346, 147
Trd, 2591631.929, 115
Trd, 2591632.079, 147
Trd, 2591632.479, 116
Trd, 2591632.896, 145
Trd, 2591632.913, 146
Trd, 2591633.746, 118
Trd, 2591633.763, 116
Trd, 2591634.046, 141
Trd, 2591634.696, 115
Trd, 2591635.196, 114
Trd, 2591635.263, 115
Trd, 2591635.296, 116
Trd, 2591635.379, 112
Trd, 2591635.529, 116
Trd, 2591636.296, 110
Trd, 2591636.346, 113
Trd, 2591636.446, 114
Trd, 2591636.496, 147
Trd, 2591637.146, 103
Trd, 2591637.713, 147
Trd, 2591640.513, 150
Trd, 2591640.763, 150
Trd, 2591641.229, 150
Trd, 2591641.246, 150
Trd, 2591641.596, 150
Trd, 2591641.696, 150
Trd, 2591642.696, 150
Trd, 2591643.763, 150
Trd, 2591644.229, 150
Trd, 2591644.246, 150
Trd, 2591644.279, 150
Trd, 2591644.429, 150
Trd, 2591644.579, 150
Trd, 2591645.063, 150
Trd, 2591645.079, 145
Trd, 2591645.513, 150
Trd, 2591645.613, 149
Trd, 2591646.196, 150
Trd, 2591646.779, 150
Trd, 2591646.796, 149
Trd, 2591646.996, 150
Trd, 2591647.563, 150
Trd, 2591647.846, 150
Trd, 2591648.096, 145
Trd, 2591648.613, 150
Trd, 2591648.996, 150
Trd, 2591649.279, 150
Trd, 2591650.629, 150
Trd, 2591651.579, 150
Trd, 2591651.596, 149
Trd, 2591652.346, 150
Trd, 2591652.479, 150
Trd, 2591652.613, 150
Trd, 2591652.663, 149
Trd, 2591652.679, 146
Trd, 2591653.379, 118
Trd, 2591654.163, 140
Trd, 2591655.013, 143
Trd, 2591655.046, 132
Trd, 2591655.196, 144
Trd, 2591656.163, 128
Trd, 2591656.813, 121
Trd, 2591657.029, 121
Trd, 2591657.079, 133
Trd, 2591657.096, 134
Trd, 2591657.379, 134
Trd, 2591657.896, 135
Trd, 2591658.413, 125
Trd, 2591659.446, 126
Trd, 2591659.696, 131
Trd, 2591659.946, 125
Trd, 2591660.029, 131
Trd, 2591660.079, 132
Trd, 2591660.163, 115
Trd, 2591660.696, 130
Trd, 2591660.863, 131
Trd, 2591661.129, 132
Trd, 2591661.213, 133
Trd, 2591663.096, 150
Trd, 2591663.263, 150
Trd, 2591666.096, 150
Trd, 2591666.513, 150
Trd, 2591666.596, 150
Trd, 2591666.863, 150
Trd, 2591667.063, 150
Trd, 2591667.096, 150
Trd, 2591667.363, 149
Trd, 2591667.579, 148
Trd, 2591667.663, 147
Trd, 2591668.213, 147
Trd, 2591668.863, 148
Trd, 2591669.013, 148
Trd, 2591669.279, 143
Trd, 2591669.363, 115
Trd, 2591669.713, 127
Trd, 2591669.813, 146
Trd, 2591670.579, 146
Trd, 2591671.546, 100
Trd, 2591672.029, 100
Trd, 2591672.196, 100
Trd, 2591672.296, 101
Trd, 2591672.913, 102
Trd, 2591672.929, 101
Trd, 2591672.946, 103
Trd, 2591673.779, 103
Trd, 2591674.213, 101
Trd, 2591674.263, 104
Trd, 2591674.563, 123
Trd, 2591674.863, 137
Trd, 2591675.046, 144
Trd, 2591676.329, 113
Trd, 2591676.846, 120
Trd, 2591676.879, 121
Trd, 2591677.713, 142
Trd, 2591677.729, 138
Trd, 2591679.796, 150
Trd, 2591680.013, 150
Trd, 2591680.163, 150
Trd, 2591680.496, 150
Trd, 2591680.596, 150
Trd, 2591680.796, 150
Trd, 2591680.813, 150
Trd, 2591680.863, 146
Trd, 2591680.929, 149
Trd, 2591681.196, 133
Trd, 2591681.313, 140
Trd, 2591681.646, 149
Trd, 2591682.296, 148
Trd, 2591683.079, 144
Trd, 2591683.146, 124
Trd, 2591683.179, 123
Trd, 2591683.479, 122
Trd, 2591683.596, 146
Trd, 2591685.379, 123
Trd, 2591685.396, 122
Trd, 2591685.729, 134
Trd, 2591685.796, 136
Trd, 2591685.896, 118
Trd, 2591686.029, 137
Trd, 2591686.979, 129
Trd, 2591687.229, 118
Trd, 2591687.863, 135
Trd, 2591688.063, 136
Trd, 2591688.163, 147
Trd, 2591688.596, 120
Trd, 2591689.146, 120
Trd, 2591689.413, 149
Trd, 2591691.296, 150
Trd, 2591691.546, 137
Trd, 2591691.629, 136
Trd, 2591692.946, 149
Trd, 2591692.963, 149
Trd, 2591693.079, 149
Trd, 2591693.446, 150
Trd, 2591693.646, 148
Trd, 2591695.729, 150
Trd, 2591695.746, 150
Trd, 2591695.946, 150
Trd, 2591696.596, 147
Trd, 2591696.946, 145
Trd, 2591697.029, 138
Trd, 2591697.146, 129
Trd, 2591697.163, 126
Trd, 2591698.429, 111
Trd, 2591698.879, 133
Trd, 2591699.063, 133
Trd, 2591699.296, 133
Trd, 2591700.196, 100
Trd, 2591700.546, 100
Trd, 2591700.679, 100
Trd, 2591700.779, 100
Trd, 2591701.463, 134
Trd, 2591701.563, 139
Trd, 2591701.963, 139
Trd, 2591702.746, 107
Trd, 2591703.046, 108
Trd, 2591703.096, 110
Trd, 2591703.496, 110
Trd, 2591703.513, 144
Trd, 2591704.113, 147
Trd, 2591704.429, 111
Trd, 2591704.746, 115
Trd, 2591705.046, 113
Trd, 2591705.263, 114
Trd, 2591705.279, 115
Trd, 2591705.896, 113
Trd, 2591706.079, 114
Trd, 2591706.113, 115
Trd, 2591706.279, 129
Trd, 2591707.013, 113
Trd, 2591708.296, 140
Trd, 2591708.446, 139
Trd, 2591708.596, 145
Trd, 2591708.813, 147
Trd, 2591708.963, 138
Trd, 2591709.296, 148
Trd, 2591710.663, 150
Trd, 2591711.529, 150
Trd, 2591711.779, 150
Trd, 2591711.913, 150
Trd, 2591712.346, 150
Trd, 2591712.813, 150
Trd, 2591712.896, 150
Trd, 2591713.163, 150
Trd, 2591713.296, 145
Trd, 2591713.313, 145
Trd, 2591714.213, 135
Trd, 2591714.813, 145
Trd, 2591715.496, 149
Trd, 2591715.713, 149
Trd, 2591716.296, 147
Trd, 2591716.363, 125
Trd, 2591717.196, 142
Trd, 2591717.279, 142
Trd, 2591717.479, 140
Trd, 2591717.746, 139
Trd, 2591717.829, 143
Trd, 2591719.279, 135
Trd, 2591719.329, 148
Trd, 2591719.863, 135
Trd, 2591719.979, 130
Trd, 2591721.746, 150
Trd, 2591722.063, 150
Trd, 2591722.129, 150
Trd, 2591722.179, 150
Trd, 2591722.863, 150
Trd, 2591723.063, 150
Trd, 2591723.479, 150
Trd, 2591723.513, 150
Trd, 2591723.613, 117
Trd, 2591723.979, 127
Trd, 2591724.613, 123
Trd, 2591724.779, 124
Trd, 2591724.829, 129
Trd, 2591726.196, 150
Trd, 2591726.679, 150
Trd, 2591728.379, 150
Trd, 2591729.179, 150
Trd, 2591730.579, 150
Trd, 2591730.729, 150
Trd, 2591731.663, 150
Trd, 2591731.713, 150
Trd, 2591732.163, 150
Trd, 2591732.196, 150
Trd, 2591732.263, 150
Trd, 2591732.296, 150
Trd, 2591732.679, 150
Trd, 2591732.729, 150
Trd, 2591733.079, 150
Trd, 2591733.246, 150
Trd, 2591733.396, 150
Trd, 2591733.729, 149
Trd, 2591734.163, 147
Trd, 2591734.246, 145
Trd, 2591734.446, 133
Trd, 2591734.463, 118
Trd, 2591734.813, 147
Trd, 2591734.863, 115
Trd, 2591736.029, 143
Trd, 2591736.046, 146
Trd, 2591737.463, 150
Trd, 2591737.729, 150
Trd, 2591737.979, 150
Trd, 2591738.029, 150
Trd, 2591738.046, 148
Trd, 2591740.446, 150
Trd, 2591741.863, 150
Trd, 2591742.229, 150
Trd, 2591742.863, 150
Trd, 2591742.946, 150
Trd, 2591743.179, 150
Trd, 2591743.329, 149
Trd, 2591743.596, 147
Trd, 2591743.846, 145
Trd, 2591744.013, 146
Trd, 2591744.079, 139
Trd, 2591744.996, 120
Trd, 2591746.063, 127
Trd, 2591746.329, 129
Trd, 2591746.663, 118
Trd, 2591747.046, 127
Trd, 2591747.596, 124
Trd, 2591747.679, 126
Trd, 2591747.746, 118
Trd, 2591747.896, 125
Trd, 2591747.946, 125
Trd, 2591748.146, 127
Trd, 2591748.396, 118
Trd, 2591748.546, 148
Trd, 2591749.363, 105
Trd, 2591750.879, 118
Trd, 2591751.096, 115
Trd, 2591751.963, 150
Trd, 2591752.529, 150
Trd, 2591753.746, 150
Trd, 2591753.796, 150
Trd, 2591753.846, 150
Trd, 2591753.996, 150
Trd, 2591754.263, 150
Trd, 2591754.313, 149
Trd, 2591754.513, 149
Trd, 2591754.563, 150
Trd, 2591754.929, 150
Trd, 2591755.263, 119
Trd, 2591755.996, 139
Trd, 2591756.196, 140
Trd, 2591756.529, 117
Trd, 2591757.163, 104
Trd, 2591757.896, 101
Trd, 2591758.796, 102
Trd, 2591759.179, 100
Trd, 2591759.696, 105
Trd, 2591759.896, 105
Trd, 2591760.213, 105
Trd, 2591760.496, 104
Trd, 2591760.646, 101
Trd, 2591760.779, 102
Trd, 2591760.896, 102
Trd, 2591761.013, 103
Trd, 2591761.429, 106
Trd, 2591762.096, 119
Trd, 2591762.846, 100
Trd, 2591762.963, 102
Trd, 2591763.379, 135
Trd, 2591763.529, 100
Trd, 2591764.079, 121
Trd, 2591765.596, 150
Trd, 2591765.763, 150
Trd, 2591766.229, 150
Trd, 2591766.363, 150
Trd, 2591766.946, 150
Trd, 2591767.029, 150
Trd, 2591767.279, 150
Trd, 2591767.479, 148
Trd, 2591767.996, 117
Trd, 2591768.079, 144
Trd, 2591768.163, 148
Trd, 2591768.379, 147
Trd, 2591768.579, 113
Trd, 2591769.213, 120
Trd, 2591769.463, 100
Trd, 2591770.213, 138
Trd, 2591770.479, 133
Trd, 2591771.629, 132
Trd, 2591771.746, 133
Trd, 2591772.163, 130
Trd, 2591772.379, 131
Trd, 2591772.596, 132
Trd, 2591774.763, 150
Trd, 2591774.779, 150
Trd, 2591775.746, 150
Trd, 2591776.296, 150
Trd, 2591776.429, 150
Trd, 2591777.196, 148
Trd, 2591777.796, 150
Trd, 2591778.029, 150
Trd, 2591778.729, 147
Trd, 2591778.996, 147
Trd, 2591779.079, 148
Trd, 2591779.229, 144
Trd, 2591779.779, 144
Trd, 2591779.879, 143
Trd, 2591779.929, 140
Trd, 2591780.446, 138
Trd, 2591780.579, 137
Trd, 2591780.996, 136
Trd, 2591781.046, 140
Trd, 2591781.163, 140
Trd, 2591781.329, 144
Trd, 2591783.213, 150
Trd, 2591783.713, 150
Trd, 2591783.946, 150
Trd, 2591784.713, 150
Trd, 2591784.796, 150
Trd, 2591785.096, 150
Trd, 2591785.863, 148
Trd, 2591786.079, 145
Trd, 2591786.529, 138
Trd, 2591786.879, 146
Trd, 2591786.979, 149
Trd, 2591788.063, 138
Trd, 2591788.129, 147
Trd, 2591788.346, 146
Trd, 2591788.513, 148
Trd, 2591789.196, 141
Trd, 2591789.379, 147
Trd, 2591789.446, 141
Trd, 2591790.463, 132
Trd, 2591790.513, 145
Trd, 2591791.363, 146
Trd, 2591791.446, 150
Trd, 2591791.696, 150
Trd, 2591792.379, 150
Trd, 2591794.213, 150
Trd, 2591794.379, 150
Trd, 2591795.113, 150
Trd, 2591795.146, 150
Trd, 2591795.829, 150
Trd, 2591796.129, 149
Trd, 2591796.146, 149
Trd, 2591796.613, 149
Trd, 2591796.629, 150
Trd, 2591797.579, 150
Trd, 2591797.729, 150
Trd, 2591797.996, 150
Trd, 2591798.796, 148
Trd, 2591798.846, 149
Trd, 2591798.929, 145
Trd, 2591799.263, 148
Trd, 2591800.279, 150
Trd, 2591800.646, 150
Trd, 2591800.779, 150
Trd, 2591801.246, 150
Trd, 2591801.496, 142
Trd, 2591802.229, 150
Trd, 2591803.413, 150
Trd, 2591803.429, 150
Trd, 2591804.813, 150
Trd, 2591804.896, 150
Trd, 2591805.013, 148
Trd, 2591805.729, 149
Trd, 2591806.179, 149
Trd, 2591806.379, 137
Trd, 2591806.413, 148
Trd, 2591806.529, 135
Trd, 2591807.113, 118
Trd, 2591807.146, 143
Trd, 2591807.179, 114
Trd, 2591807.629, 143
Trd, 2591807.929, 123
Trd, 2591808.096, 142
Trd, 2591808.229, 140
Trd, 2591808.479, 141
Trd, 2591808.563, 143
Trd, 2591809.046, 132
Trd, 2591809.996, 150
Trd, 2591810.213, 150
Trd, 2591810.363, 148
Trd, 2591811.479, 150
Trd, 2591812.046, 150
Trd, 2591812.296, 148
Trd, 2591813.246, 130
Trd, 2591815.263, 150
Trd, 2591815.479, 150
Trd, 2591815.496, 148
Trd, 2591815.896, 150
Trd, 2591816.079, 150
Trd, 2591816.096, 148
Trd, 2591816.196, 149
Trd, 2591816.279, 138
Trd, 2591816.346, 137
Trd, 2591817.029, 145
Trd, 2591818.196, 128
Trd, 2591818.496, 147
Trd, 2591819.963, 137
Trd, 2591820.179, 138
Trd, 2591820.196, 134
Trd, 2591821.463, 149
Trd, 2591821.846, 150
Trd, 2591822.113, 150
Trd, 2591822.729, 150
Trd, 2591822.813, 150
Trd, 2591823.079, 149
Trd, 2591823.513, 148
Trd, 2591823.546, 150
Trd, 2591823.646, 146
Trd, 2591823.863, 145
Trd, 2591823.896, 141
Trd, 2591824.096, 150
Trd, 2591824.629, 135
Trd, 2591826.046, 148
Trd, 2591826.646, 146
Trd, 2591827.079, 126
Trd, 2591827.429, 125
Trd, 2591828.413, 142
Trd, 2591828.496, 135
Trd, 2591829.196, 132
Trd, 2591829.263, 133
Trd, 2591829.496, 134
Trd, 2591829.696, 123
Trd, 2591829.746, 139
Trd, 2591829.813, 124
Trd, 2591830.079, 141
Trd, 2591830.896, 118
Trd, 2591831.246, 122
Trd, 2591831.279, 145
Trd, 2591831.313, 146
Trd, 2591832.463, 148
Trd, 2591832.513, 150
Trd, 2591832.646, 147
Trd, 2591832.946, 122
Trd, 2591833.446, 135
Trd, 2591834.513, 130
Trd, 2591835.029, 130
Trd, 2591835.313, 144
Trd, 2591835.363, 145
Trd, 2591836.913, 150
Trd, 2591836.979, 150
Trd, 2591837.013, 150
Trd, 2591837.146, 150
Trd, 2591838.179, 149
Trd, 2591838.596, 149
Trd, 2591839.296, 147
Trd, 2591839.613, 147
Trd, 2591839.696, 148
Trd, 2591840.163, 145
Trd, 2591840.329, 145
Trd, 2591840.479, 146
Trd, 2591840.963, 142
Trd, 2591841.863, 150
Trd, 2591841.896, 145
Trd, 2591842.163, 146
Trd, 2591842.329, 132
Trd, 2591842.663, 147
Trd, 2591842.829, 127
Trd, 2591843.663, 150
Trd, 2591844.129, 150
Trd, 2591844.179, 150
Trd, 2591844.279, 150
Trd, 2591845.463, 150
Trd, 2591845.913, 147
Trd, 2591846.446, 101
Trd, 2591846.613, 102
Trd, 2591847.313, 100
Trd, 2591847.479, 100
Trd, 2591848.113, 100
Trd, 2591848.296, 100
Trd, 2591848.629, 102
Trd, 2591848.779, 103
Trd, 2591848.796, 145
Trd, 2591849.996, 145
Trd, 2591850.196, 146
Trd, 2591850.279, 147
Trd, 2591850.946, 121
Trd, 2591852.529, 150
Trd, 2591852.696, 150
Trd, 2591853.413, 150
Trd, 2591853.646, 150
Trd, 2591853.713, 150
Trd, 2591853.796, 150
Trd, 2591854.096, 150
Trd, 2591854.963, 150
Trd, 2591855.246, 150
Trd, 2591855.796, 150
Trd, 2591856.096, 150
Trd, 2591856.229, 145
Trd, 2591856.629, 145
Trd, 2591856.946, 123
Trd, 2591856.979, 121
Trd, 2591857.196, 147
Trd, 2591857.579, 147
Trd, 2591858.113, 140
Trd, 2591858.129, 144
Trd, 2591859.629, 120
Trd, 2591859.679, 139
Trd, 2591859.729, 140
Trd, 2591859.996, 133
Trd, 2591861.129, 149
Trd, 2591861.479, 148
Trd, 2591861.896, 149
Trd, 2591862.113, 147
Trd, 2591862.663, 147
Trd, 2591863.229, 149
Trd, 2591863.646, 149
Trd, 2591864.029, 150
Trd, 2591864.846, 150
Trd, 2591865.663, 150
Trd, 2591866.029, 150
Trd, 2591866.413, 150
Trd, 2591866.729, 149
Trd, 2591866.746, 145
Trd, 2591866.846, 143
Trd, 2591867.396, 150
Trd, 2591867.613, 149
Trd, 2591868.046, 150
Trd, 2591868.196, 150
Trd, 2591868.313, 150
Trd, 2591869.129, 133
Trd, 2591869.396, 148
Trd, 2591869.963, 144
Trd, 2591870.063, 146
Trd, 2591870.679, 147
Trd, 2591870.929, 150
Trd, 2591871.796, 150
Trd, 2591872.713, 149
Trd, 2591872.829, 144
Trd, 2591873.213, 143
Trd, 2591873.446, 136
Trd, 2591873.529, 146
Trd, 2591873.779, 147
Trd, 2591873.846, 140
Trd, 2591874.046, 134
Trd, 2591874.463, 148
Trd, 2591874.879, 134
Trd, 2591875.546, 150
Trd, 2591875.779, 138
Trd, 2591876.579, 138
Trd, 2591876.696, 137
Trd, 2591877.729, 150
Trd, 2591878.613, 147
Trd, 2591880.146, 150
Trd, 2591880.379, 150
Trd, 2591880.579, 150
Trd, 2591880.763, 150
Trd, 2591880.929, 150
Trd, 2591880.979, 149
Trd, 2591881.329, 149
Trd, 2591881.513, 141
Trd, 2591881.829, 127
Trd, 2591881.996, 144
Trd, 2591882.146, 144
Trd, 2591882.396, 141
Trd, 2591883.613, 140
Trd, 2591883.863, 135
Trd, 2591884.329, 137
Trd, 2591884.446, 138
Trd, 2591884.879, 135
Trd, 2591885.213, 134
Trd, 2591885.846, 138
Trd, 2591886.063, 139
Trd, 2591887.063, 141
Trd, 2591887.463, 141
Trd, 2591888.129, 149
Trd, 2591888.696, 149
Trd, 2591889.579, 149
Trd, 2591890.713, 150
Trd, 2591891.713, 150
Trd, 2591891.796, 150
Trd, 2591892.446, 150
Trd, 2591892.496, 150
Trd, 2591892.613, 150
Trd, 2591892.913, 150
Trd, 2591893.046, 150
Trd, 2591893.246, 148
Trd, 2591893.346, 148
Trd, 2591893.429, 145
Trd, 2591893.829, 113
Trd, 2591893.863, 150
Trd, 2591894.079, 107
Trd, 2591894.446, 149
Trd, 2591894.863, 148
Trd, 2591895.179, 148
Trd, 2591895.646, 149
Trd, 2591896.346, 149
Trd, 2591896.563, 144
Trd, 2591897.196, 127
Trd, 2591897.263, 122
Trd, 2591897.579, 149
Trd, 2591898.213, 149
Trd, 2591898.579, 118
Trd, 2591899.079, 148
Trd, 2591899.329, 144
Trd, 2591899.813, 148
Trd, 2591899.963, 137
Trd, 2591900.696, 119
Trd, 2591900.879, 139
Trd, 2591901.646, 142
Trd, 2591902.413, 142
Trd, 2591903.213, 104
Trd, 2591903.296, 105
Trd, 2591903.313, 111
Trd, 2591903.646, 103
Trd, 2591903.863, 105
Trd, 2591904.146, 134
Trd, 2591906.129, 131
Trd, 2591906.246, 126
Trd, 2591907.013, 113
Trd, 2591907.046, 114
Trd, 2591907.246, 123
Trd, 2591907.329, 108
Trd, 2591908.163, 107
Trd, 2591908.363, 105
Trd, 2591908.529, 107
Trd, 2591908.829, 108
Trd, 2591908.979, 126
Trd, 2591909.046, 105
Trd, 2591909.963, 103
Trd, 2591910.163, 108
Trd, 2591910.646, 100
Trd, 2591911.063, 100
Trd, 2591911.396, 100
Trd, 2591911.529, 100
Trd, 2591912.379, 100
Trd, 2591912.796, 100
Trd, 2591912.913, 100
Trd, 2591913.029, 100
Trd, 2591913.313, 101
Trd, 2591913.496, 102
Trd, 2591913.646, 107
Trd, 2591914.296, 150
Trd, 2591914.796, 150
Trd, 2591915.546, 150
Trd, 2591916.346, 150
Trd, 2591916.646, 150
Trd, 2591917.213, 150
Trd, 2591917.429, 149
Trd, 2591917.529, 149
Trd, 2591917.896, 148
Trd, 2591919.163, 150
Trd, 2591919.346, 149
Trd, 2591919.379, 149
Trd, 2591919.513, 142
Trd, 2591919.613, 143
Trd, 2591920.046, 149
Trd, 2591920.729, 147
Trd, 2591921.029, 147
Trd, 2591921.463, 131
Trd, 2591921.663, 113
Trd, 2591922.913, 150
Trd, 2591923.246, 150
Trd, 2591923.329, 148
Trd, 2591923.696, 147
Trd, 2591924.146, 148
Trd, 2591924.563, 150
Trd, 2591924.846, 148
Trd, 2591924.929, 147
Trd, 2591924.979, 143
Trd, 2591925.313, 149
Trd, 2591925.446, 150
Trd, 2591925.546, 150
Trd, 2591925.946, 150
Trd, 2591926.246, 146
Trd, 2591926.546, 146
Trd, 2591928.246, 150
Trd, 2591928.563, 150
Trd, 2591929.146, 150
Trd, 2591929.463, 150
Trd, 2591929.813, 150
Trd, 2591930.046, 150
Trd, 2591930.296, 149
Trd, 2591930.563, 149
Trd, 2591930.829, 150
Trd, 2591930.913, 128
Trd, 2591931.679, 150
Trd, 2591931.846, 148
Trd, 2591932.096, 149
Trd, 2591932.946, 132
Trd, 2591933.129, 127
Trd, 2591933.346, 120
Trd, 2591934.929, 129
Trd, 2591935.513, 130
Trd, 2591935.796, 130
Trd, 2591936.329, 123
Trd, 2591936.563, 111
Trd, 2591937.029, 104
Trd, 2591937.096, 103
Trd, 2591937.529, 104
Trd, 2591937.863, 105
Trd, 2591937.996, 109
Trd, 2591938.313, 100
Trd, 2591938.513, 100
Trd, 2591939.196, 100
Trd, 2591939.229, 108
Trd, 2591940.029, 100
Trd, 2591940.313, 107
Trd, 2591940.496, 105
Trd, 2591940.963, 104
Trd, 2591942.329, 150
Trd, 2591942.863, 150
Trd, 2591942.879, 150
Trd, 2591943.496, 150
Trd, 2591944.113, 150
Trd, 2591944.229, 150
Trd, 2591944.263, 150
Trd, 2591944.813, 149
Trd, 2591945.113, 148
Trd, 2591945.279, 147
Trd, 2591945.996, 149
Trd, 2591946.146, 141
Trd, 2591946.846, 150
Trd, 2591947.446, 150
Trd, 2591948.196, 146
Trd, 2591948.413, 150
Trd, 2591948.646, 144
Trd, 2591948.796, 143
Trd, 2591950.546, 150
Trd, 2591951.513, 150
Trd, 2591952.679, 150
Trd, 2591952.946, 150
Trd, 2591952.963, 150
Trd, 2591952.979, 150
Trd, 2591953.163, 149
Trd, 2591953.413, 149
Trd, 2591953.513, 147
Trd, 2591953.663, 145
Trd, 2591954.729, 144
Trd, 2591954.746, 139
Trd, 2591955.679, 140
Trd, 2591956.013, 138
Trd, 2591956.363, 138
Trd, 2591956.529, 137
Trd, 2591956.546, 136
Trd, 2591956.713, 121
Trd, 2591956.763, 139
Trd, 2591956.846, 140
Trd, 2591956.996, 100
Trd, 2591957.513, 108
Trd, 2591958.146, 103
Trd, 2591958.346, 122
Trd, 2591958.796, 126
Trd, 2591958.813, 127
Trd, 2591959.913, 111
Trd, 2591960.563, 104
Trd, 2591960.779, 105
Trd, 2591960.863, 112
Trd, 2591960.896, 144
Trd, 2591961.479, 101
Trd, 2591962.146, 135
Trd, 2591962.263, 102
Trd, 2591962.513, 100
Trd, 2591962.646, 106
Trd, 2591965.413, 150
Trd, 2591965.429, 150
Trd, 2591965.729, 150
Trd, 2591966.379, 150
Trd, 2591967.979, 150
Trd, 2591968.013, 150
Trd, 2591968.029, 150
Trd, 2591968.379, 150
Trd, 2591968.579, 150
Trd, 2591969.129, 150
Trd, 2591969.246, 150
Trd, 2591969.529, 150
Trd, 2591969.629, 150
Trd, 2591969.713, 150
Trd, 2591969.763, 150
Trd, 2591969.913, 150
Trd, 2591970.246, 150
Trd, 2591970.296, 149
Trd, 2591970.729, 149
Trd, 2591971.563, 149
Trd, 2591971.579, 149
Trd, 2591972.413, 150
Trd, 2591973.046, 150
Trd, 2591973.729, 150
Trd, 2591974.246, 149
Trd, 2591974.396, 148
Trd, 2591974.946, 148
Trd, 2591975.879, 150
Trd, 2591975.929, 150
Trd, 2591976.629, 150
Trd, 2591977.113, 150
Trd, 2591977.213, 150
Trd, 2591977.279, 150
Trd, 2591977.813, 143
Trd, 2591978.263, 139
Trd, 2591978.513, 149
Trd, 2591978.746, 149
Trd, 2591979.363, 143
Trd, 2591979.379, 144
Trd, 2591979.429, 141
Trd, 2591979.479, 146
Trd, 2591980.663, 150
Trd, 2591980.713, 149
Trd, 2591980.763, 140
Trd, 2591981.363, 150
Trd, 2591981.996, 150
Trd, 2591982.279, 147
Trd, 2591982.646, 150
Trd, 2591983.413, 135
Trd, 2591984.896, 134
Trd, 2591985.579, 125
Trd, 2591986.246, 129
Trd, 2591986.413, 129
Trd, 2591986.529, 130
Trd, 2591986.596, 136
Trd, 2591988.029, 150
Trd, 2591988.329, 150
Trd, 2591989.063, 150
Trd, 2591989.229, 150
Trd, 2591989.879, 150
Trd, 2591990.979, 150
Trd, 2591991.129, 150
Trd, 2591991.213, 150
Trd, 2591991.313, 149
Trd, 2591991.479, 150
Trd, 2591991.913, 149
Trd, 2591992.113, 149
Trd, 2591992.363, 148
Trd, 2591992.946, 145
Trd, 2591993.063, 132
Trd, 2591993.213, 121
Trd, 2591994.379, 141
Trd, 2591994.579, 139
Trd, 2591996.029, 150
Trd, 2591996.079, 150
Trd, 2591996.479, 149
Trd, 2591997.179, 146
Trd, 2591997.329, 133
Trd, 2591998.513, 149
Trd, 2591998.663, 149
Trd, 2591999.779, 118
