Trd, 2590846.196, 150
Trd, 2590846.646, 150
Trd, 2590847.013, 150
Trd, 2590847.479, 150
Trd, 2590847.979, 150
Trd, 2590848.013, 150
Trd, 2590848.596, 150
Trd, 2590848.646, 150
Trd, 2590849.546, 150
Trd, 2590850.229, 150
Trd, 2590850.663, 150
Trd, 2590850.779, 150
Trd, 2590850.913, 150
Trd, 2590850.963, 150
Trd, 2590851.113, 150
Trd, 2590851.296, 150
Trd, 2590851.379, 150
Trd, 2590851.396, 150
Trd, 2590851.579, 150
Trd, 2590851.879, 150
Trd, 2590852.363, 150
Trd, 2590852.896, 150
Trd, 2590853.213, 150
Trd, 2590853.396, 147
Trd, 2590853.646, 131
Trd, 2590854.179, 126
Trd, 2590855.563, 100
Trd, 2590855.796, 100
Trd, 2590856.679, 100
Trd, 2590856.879, 100
Trd, 2590856.929, 100
Trd, 2590857.279, 100
Trd, 2590857.763, 100
Trd, 2590858.079, 100
Trd, 2590858.163, 100
Trd, 2590858.263, 100
Trd, 2590859.013, 100
Trd, 2590859.263, 100
Trd, 2590859.429, 100
Trd, 2590859.646, 100
Trd, 2590859.663, 104
Trd, 2590859.713, 104
Trd, 2590859.746, 109
Trd, 2590860.613, 109
Trd, 2590860.896, 108
Trd, 2590860.963, 107
Trd, 2590861.263, 150
Trd, 2590861.896, 150
Trd, 2590862.146, 150
Trd, 2590862.496, 150
Trd, 2590862.629, 150
Trd, 2590863.479, 150
Trd, 2590863.979, 150
Trd, 2590863.996, 150
Trd, 2590864.863, 150
Trd, 2590864.979, 150
Trd, 2590865.146, 150
Trd, 2590866.413, 150
Trd, 2590866.429, 150
Trd, 2590866.513, 150
Trd, 2590866.863, 149
Trd, 2590867.429, 149
Trd, 2590867.779, 149
Trd, 2590867.963, 148
Trd, 2590868.079, 150
Trd, 2590868.346, 150
Trd, 2590869.146, 149
Trd, 2590869.813, 144
Trd, 2590870.046, 150
Trd, 2590870.363, 149
Trd, 2590870.496, 138
Trd, 2590870.563, 138
Trd, 2590871.413, 150
Trd, 2590871.479, 150
Trd, 2590872.079, 150
Trd, 2590872.596, 150
Trd, 2590872.746, 150
Trd, 2590873.229, 127
Trd, 2590873.896, 144
Trd, 2590874.196, 150
Trd, 2590874.913, 150
Trd, 2590875.029, 150
Trd, 2590875.213, 150
Trd, 2590875.663, 150
Trd, 2590875.846, 112
Trd, 2590876.446, 149
Trd, 2590877.029, 150
Trd, 2590878.246, 150
Trd, 2590878.696, 150
Trd, 2590878.779, 150
Trd, 2590878.813, 149
Trd, 2590878.846, 148
Trd, 2590879.846, 150
Trd, 2590881.063, 150
Trd, 2590881.663, 150
Trd, 2590881.696, 150
Trd, 2590881.729, 150
Trd, 2590881.863, 150
Trd, 2590881.913, 149
Trd, 2590882.296, 150
Trd, 2590882.396, 150
Trd, 2590882.529, 149
Trd, 2590883.396, 135
Trd, 2590883.429, 134
Trd, 2590883.513, 147
Trd, 2590883.796, 135
Trd, 2590884.346, 137
Trd, 2590884.629, 146
Trd, 2590884.663, 138
Trd, 2590884.863, 136
Trd, 2590885.379, 147
Trd, 2590885.929, 142
Trd, 2590886.046, 139
Trd, 2590886.496, 149
Trd, 2590887.813, 150
Trd, 2590888.329, 150
Trd, 2590888.396, 150
Trd, 2590889.113, 150
Trd, 2590889.413, 150
Trd, 2590889.963, 150
Trd, 2590889.979, 150
Trd, 2590890.496, 150
Trd, 2590890.663, 150
Trd, 2590890.879, 150
Trd, 2590891.313, 150
Trd, 2590892.013, 150
Trd, 2590892.213, 150
Trd, 2590892.563, 150
Trd, 2590893.863, 150
Trd, 2590894.596, 150
Trd, 2590894.796, 150
Trd, 2590896.146, 150
Trd, 2590896.413, 150
Trd, 2590896.813, 150
Trd, 2590898.296, 150
Trd, 2590899.379, 150
Trd, 2590899.646, 150
Trd, 2590899.779, 150
Trd, 2590899.963, 150
Trd, 2590900.029, 150
Trd, 2590900.296, 150
Trd, 2590900.846, 150
Trd, 2590901.096, 150
Trd, 2590901.213, 150
Trd, 2590901.713, 150
Trd, 2590902.263, 150
Trd, 2590902.513, 150
Trd, 2590902.646, 150
Trd, 2590902.863, 150
Trd, 2590902.896, 150
Trd, 2590903.013, 150
Trd, 2590903.513, 150
Trd, 2590903.679, 150
Trd, 2590904.246, 150
Trd, 2590904.396, 149
Trd, 2590904.429, 149
Trd, 2590904.629, 149
Trd, 2590904.813, 147
Trd, 2590905.129, 148
Trd, 2590905.146, 134
Trd, 2590905.213, 133
Trd, 2590905.246, 149
Trd, 2590905.979, 138
Trd, 2590906.796, 150
Trd, 2590906.929, 149
Trd, 2590907.279, 148
Trd, 2590907.296, 150
Trd, 2590907.413, 148
Trd, 2590907.479, 147
Trd, 2590908.046, 146
Trd, 2590908.979, 146
Trd, 2590909.096, 147
Trd, 2590910.563, 150
Trd, 2590910.646, 150
Trd, 2590910.946, 150
Trd, 2590912.479, 150
Trd, 2590912.563, 150
Trd, 2590913.129, 150
Trd, 2590913.329, 150
Trd, 2590913.813, 150
Trd, 2590914.396, 150
Trd, 2590914.996, 150
Trd, 2590915.629, 150
Trd, 2590916.096, 150
Trd, 2590916.213, 150
Trd, 2590916.513, 150
Trd, 2590916.746, 150
Trd, 2590916.896, 150
Trd, 2590917.163, 150
Trd, 2590917.296, 150
Trd, 2590918.763, 150
Trd, 2590919.246, 150
Trd, 2590920.613, 150
Trd, 2590920.696, 150
Trd, 2590920.946, 150
Trd, 2590921.079, 150
Trd, 2590921.196, 150
Trd, 2590921.279, 150
Trd, 2590921.396, 150
Trd, 2590921.529, 150
Trd, 2590921.629, 150
Trd, 2590921.946, 150
Trd, 2590921.963, 150
Trd, 2590922.063, 150
Trd, 2590922.113, 150
Trd, 2590922.296, 143
Trd, 2590922.896, 133
Trd, 2590923.896, 142
Trd, 2590924.296, 103
Trd, 2590924.429, 138
Trd, 2590924.513, 144
Trd, 2590924.713, 122
Trd, 2590925.129, 141
Trd, 2590925.313, 106
Trd, 2590925.529, 110
Trd, 2590925.579, 141
Trd, 2590925.863, 112
Trd, 2590926.046, 113
Trd, 2590928.446, 150
Trd, 2590928.746, 150
Trd, 2590929.429, 150
Trd, 2590929.913, 150
Trd, 2590930.213, 150
Trd, 2590931.979, 150
Trd, 2590932.146, 150
Trd, 2590932.263, 150
Trd, 2590932.563, 150
Trd, 2590932.963, 150
Trd, 2590933.229, 150
Trd, 2590933.563, 150
Trd, 2590933.613, 150
Trd, 2590934.813, 150
Trd, 2590934.913, 150
Trd, 2590935.546, 150
Trd, 2590935.763, 150
Trd, 2590937.013, 150
Trd, 2590937.629, 150
Trd, 2590937.763, 150
Trd, 2590938.179, 150
Trd, 2590938.379, 150
Trd, 2590939.246, 150
Trd, 2590939.596, 150
Trd, 2590940.029, 150
Trd, 2590941.346, 150
Trd, 2590941.429, 150
Trd, 2590942.646, 150
Trd, 2590943.079, 150
Trd, 2590943.429, 150
Trd, 2590943.829, 150
Trd, 2590943.913, 150
Trd, 2590943.963, 150
Trd, 2590944.063, 150
Trd, 2590944.146, 150
Trd, 2590944.163, 150
Trd, 2590944.363, 150
Trd, 2590944.579, 150
Trd, 2590945.996, 150
Trd, 2590947.313, 150
Trd, 2590947.546, 150
Trd, 2590947.679, 150
Trd, 2590947.763, 150
Trd, 2590947.913, 150
Trd, 2590948.029, 150
Trd, 2590948.079, 150
Trd, 2590948.213, 150
Trd, 2590948.313, 150
Trd, 2590948.496, 150
Trd, 2590949.379, 150
Trd, 2590949.579, 150
Trd, 2590949.763, 150
Trd, 2590950.496, 150
Trd, 2590950.529, 150
Trd, 2590951.079, 150
Trd, 2590951.946, 150
Trd, 2590951.963, 150
Trd, 2590953.229, 150
Trd, 2590954.013, 150
Trd, 2590955.763, 150
Trd, 2590955.913, 150
Trd, 2590956.279, 150
Trd, 2590956.363, 150
Trd, 2590956.713, 150
Trd, 2590957.546, 150
Trd, 2590957.729, 150
Trd, 2590957.813, 150
Trd, 2590958.196, 150
Trd, 2590958.229, 150
Trd, 2590958.346, 150
Trd, 2590959.329, 150
Trd, 2590959.713, 150
Trd, 2590960.246, 150
Trd, 2590961.363, 150
Trd, 2590961.729, 150
Trd, 2590962.129, 150
Trd, 2590962.229, 150
Trd, 2590962.329, 150
Trd, 2590962.413, 150
Trd, 2590962.479, 150
Trd, 2590963.029, 150
Trd, 2590963.046, 150
Trd, 2590963.096, 150
Trd, 2590963.229, 150
Trd, 2590963.346, 150
Trd, 2590963.729, 150
Trd, 2590963.746, 150
Trd, 2590963.929, 150
Trd, 2590964.429, 150
Trd, 2590964.879, 148
Trd, 2590965.329, 149
Trd, 2590965.679, 147
Trd, 2590966.379, 141
Trd, 2590966.446, 139
Trd, 2590966.479, 125
Trd, 2590967.079, 140
Trd, 2590967.246, 125
Trd, 2590968.296, 127
Trd, 2590968.313, 113
Trd, 2590969.296, 100
Trd, 2590969.546, 100
Trd, 2590969.746, 100
Trd, 2590969.946, 100
Trd, 2590970.396, 108
Trd, 2590970.463, 114
Trd, 2590970.896, 150
Trd, 2590971.696, 150
Trd, 2590972.046, 150
Trd, 2590972.863, 150
Trd, 2590973.246, 150
Trd, 2590973.746, 150
Trd, 2590974.729, 150
Trd, 2590975.646, 150
Trd, 2590975.696, 150
Trd, 2590976.146, 150
Trd, 2590976.396, 150
Trd, 2590977.746, 150
Trd, 2590977.946, 150
Trd, 2590977.996, 150
Trd, 2590978.079, 150
Trd, 2590978.229, 150
Trd, 2590978.313, 150
Trd, 2590978.496, 150
Trd, 2590978.563, 150
Trd, 2590978.646, 150
Trd, 2590978.763, 150
Trd, 2590978.979, 150
Trd, 2590979.063, 150
Trd, 2590979.163, 149
Trd, 2590979.596, 150
Trd, 2590980.279, 150
Trd, 2590980.579, 150
Trd, 2590980.729, 150
Trd, 2590981.013, 133
Trd, 2590981.063, 101
Trd, 2590981.929, 150
Trd, 2590982.813, 150
Trd, 2590983.429, 150
Trd, 2590984.229, 150
Trd, 2590984.379, 150
Trd, 2590984.429, 150
Trd, 2590984.996, 150
Trd, 2590985.979, 150
Trd, 2590986.413, 150
Trd, 2590986.429, 150
Trd, 2590987.813, 150
Trd, 2590988.479, 150
Trd, 2590988.663, 150
Trd, 2590988.713, 150
Trd, 2590989.029, 150
Trd, 2590989.346, 150
Trd, 2590989.479, 150
Trd, 2590990.196, 150
Trd, 2590990.213, 150
Trd, 2590990.379, 149
Trd, 2590990.413, 150
Trd, 2590990.479, 150
Trd, 2590990.579, 150
Trd, 2590990.896, 148
Trd, 2590991.063, 147
Trd, 2590991.146, 140
Trd, 2590991.346, 132
Trd, 2590991.813, 145
Trd, 2590993.179, 100
Trd, 2590993.363, 100
Trd, 2590993.663, 100
Trd, 2590994.113, 100
Trd, 2590994.246, 100
Trd, 2590994.746, 100
Trd, 2590995.013, 101
Trd, 2590995.229, 102
Trd, 2590995.413, 102
Trd, 2590995.629, 101
Trd, 2590996.163, 102
Trd, 2590996.246, 103
Trd, 2590996.346, 142
Trd, 2590996.896, 116
Trd, 2590996.963, 146
Trd, 2590997.129, 147
Trd, 2590997.513, 150
Trd, 2590997.579, 149
Trd, 2590997.863, 108
Trd, 2590997.996, 106
Trd, 2590998.696, 101
Trd, 2590999.629, 103
Trd, 2590999.713, 102
Trd, 2591000.129, 102
Trd, 2591000.529, 101
Trd, 2591000.813, 111
Trd, 2591001.013, 104
Trd, 2591001.396, 103
Trd, 2591001.579, 105
Trd, 2591001.779, 102
Trd, 2591002.063, 101
Trd, 2591002.179, 104
Trd, 2591002.813, 101
Trd, 2591003.563, 101
Trd, 2591004.946, 100
Trd, 2591004.979, 100
Trd, 2591005.696, 100
Trd, 2591005.729, 101
Trd, 2591006.496, 100
Trd, 2591007.146, 100
Trd, 2591007.696, 100
Trd, 2591007.929, 100
Trd, 2591008.346, 100
Trd, 2591008.363, 100
Trd, 2591008.729, 100
Trd, 2591008.763, 100
Trd, 2591008.896, 100
Trd, 2591008.946, 100
Trd, 2591009.229, 100
Trd, 2591009.379, 100
Trd, 2591009.729, 100
Trd, 2591010.129, 101
Trd, 2591010.596, 100
Trd, 2591010.879, 102
Trd, 2591011.079, 100
Trd, 2591011.329, 101
Trd, 2591011.579, 103
Trd, 2591011.729, 102
Trd, 2591011.779, 101
Trd, 2591012.096, 104
Trd, 2591014.563, 100
Trd, 2591014.779, 100
Trd, 2591014.913, 100
Trd, 2591015.796, 100
Trd, 2591015.979, 101
Trd, 2591016.029, 101
Trd, 2591016.246, 101
Trd, 2591016.479, 101
Trd, 2591016.563, 100
Trd, 2591016.713, 100
Trd, 2591017.013, 100
Trd, 2591017.529, 101
Trd, 2591017.679, 101
Trd, 2591018.046, 100
Trd, 2591018.396, 101
Trd, 2591018.496, 101
Trd, 2591018.746, 101
Trd, 2591019.029, 100
Trd, 2591019.246, 100
Trd, 2591019.596, 101
Trd, 2591020.246, 101
Trd, 2591020.513, 102
Trd, 2591020.846, 102
Trd, 2591020.863, 101
Trd, 2591021.013, 104
Trd, 2591022.179, 100
Trd, 2591023.113, 101
Trd, 2591023.463, 101
Trd, 2591023.496, 105
Trd, 2591024.613, 101
Trd, 2591024.896, 110
Trd, 2591025.429, 106
Trd, 2591025.663, 107
Trd, 2591025.846, 107
Trd, 2591026.029, 106
Trd, 2591026.063, 108
Trd, 2591026.179, 109
Trd, 2591026.396, 110
Trd, 2591026.513, 107
Trd, 2591026.779, 105
Trd, 2591026.846, 104
Trd, 2591027.446, 100
Trd, 2591028.446, 100
Trd, 2591028.563, 100
Trd, 2591028.629, 100
Trd, 2591029.196, 100
Trd, 2591029.413, 102
Trd, 2591029.529, 103
Trd, 2591029.729, 103
Trd, 2591029.996, 102
Trd, 2591030.429, 106
Trd, 2591030.946, 106
Trd, 2591031.563, 150
Trd, 2591031.963, 150
Trd, 2591032.263, 150
Trd, 2591032.696, 150
Trd, 2591032.763, 104
Trd, 2591033.063, 100
Trd, 2591034.129, 137
Trd, 2591034.863, 100
Trd, 2591035.429, 101
Trd, 2591035.596, 100
Trd, 2591037.213, 100
Trd, 2591037.346, 100
Trd, 2591037.613, 100
Trd, 2591037.696, 100
Trd, 2591037.896, 100
Trd, 2591038.196, 100
Trd, 2591038.513, 100
Trd, 2591038.579, 100
Trd, 2591038.613, 101
Trd, 2591038.813, 100
Trd, 2591039.129, 100
Trd, 2591039.529, 100
Trd, 2591039.646, 101
Trd, 2591040.796, 100
Trd, 2591041.296, 100
Trd, 2591041.479, 100
Trd, 2591041.679, 100
Trd, 2591042.763, 100
Trd, 2591043.146, 100
Trd, 2591043.313, 100
Trd, 2591043.979, 100
Trd, 2591044.396, 100
Trd, 2591044.929, 100
Trd, 2591045.079, 100
Trd, 2591045.379, 100
Trd, 2591045.579, 100
Trd, 2591045.779, 100
Trd, 2591045.979, 100
Trd, 2591046.379, 102
Trd, 2591046.429, 102
Trd, 2591046.446, 102
Trd, 2591046.496, 101
Trd, 2591046.946, 103
Trd, 2591048.046, 100
Trd, 2591048.413, 101
Trd, 2591048.663, 102
Trd, 2591048.846, 100
Trd, 2591049.129, 104
Trd, 2591049.246, 100
Trd, 2591049.329, 101
Trd, 2591049.696, 103
Trd, 2591049.896, 103
Trd, 2591049.913, 101
Trd, 2591049.946, 100
Trd, 2591050.446, 104
Trd, 2591050.629, 112
Trd, 2591050.713, 104
Trd, 2591050.896, 104
Trd, 2591051.013, 103
Trd, 2591051.296, 104
Trd, 2591051.846, 105
Trd, 2591052.496, 110
Trd, 2591052.846, 117
Trd, 2591053.796, 103
Trd, 2591053.813, 102
Trd, 2591054.263, 102
Trd, 2591054.829, 104
Trd, 2591055.729, 101
Trd, 2591056.513, 100
Trd, 2591056.563, 100
Trd, 2591056.746, 100
Trd, 2591057.013, 100
Trd, 2591058.329, 100
Trd, 2591058.746, 101
Trd, 2591059.146, 100
Trd, 2591060.363, 100
Trd, 2591061.529, 100
Trd, 2591061.563, 100
Trd, 2591061.596, 100
Trd, 2591061.713, 101
Trd, 2591061.796, 101
Trd, 2591061.813, 104
Trd, 2591061.829, 100
Trd, 2591062.129, 100
Trd, 2591062.213, 101
Trd, 2591062.429, 104
Trd, 2591062.763, 101
Trd, 2591063.096, 102
Trd, 2591063.129, 102
Trd, 2591063.413, 104
Trd, 2591063.646, 103
Trd, 2591063.729, 103
Trd, 2591064.046, 112
Trd, 2591064.379, 114
Trd, 2591065.313, 149
Trd, 2591065.579, 149
Trd, 2591065.763, 147
Trd, 2591065.963, 145
Trd, 2591066.146, 145
Trd, 2591066.529, 143
Trd, 2591066.546, 142
Trd, 2591066.646, 147
Trd, 2591066.663, 128
Trd, 2591066.846, 114
Trd, 2591069.413, 100
Trd, 2591069.796, 100
Trd, 2591070.263, 100
Trd, 2591070.446, 100
Trd, 2591070.596, 100
Trd, 2591073.246, 100
Trd, 2591074.163, 100
Trd, 2591074.479, 100
Trd, 2591074.613, 100
Trd, 2591075.063, 100
Trd, 2591075.213, 100
Trd, 2591075.329, 100
Trd, 2591075.396, 100
Trd, 2591075.996, 100
Trd, 2591076.146, 100
Trd, 2591076.179, 100
Trd, 2591076.646, 101
Trd, 2591076.929, 101
Trd, 2591077.213, 100
Trd, 2591077.379, 102
Trd, 2591077.446, 100
Trd, 2591077.513, 100
Trd, 2591078.079, 100
Trd, 2591078.279, 100
Trd, 2591078.496, 100
Trd, 2591079.029, 101
Trd, 2591079.513, 101
Trd, 2591079.579, 101
Trd, 2591079.863, 100
Trd, 2591080.146, 102
Trd, 2591080.379, 101
Trd, 2591080.529, 102
Trd, 2591080.629, 103
Trd, 2591080.929, 100
Trd, 2591081.346, 100
Trd, 2591081.513, 100
Trd, 2591082.729, 100
Trd, 2591082.913, 100
Trd, 2591083.663, 100
Trd, 2591084.096, 100
Trd, 2591084.229, 100
Trd, 2591084.379, 100
Trd, 2591084.496, 100
Trd, 2591084.763, 100
Trd, 2591084.796, 101
Trd, 2591085.213, 100
Trd, 2591086.246, 100
Trd, 2591086.413, 101
Trd, 2591087.013, 101
Trd, 2591087.313, 101
Trd, 2591087.613, 101
Trd, 2591088.246, 100
Trd, 2591088.379, 100
Trd, 2591089.379, 100
Trd, 2591089.413, 100
Trd, 2591090.679, 100
Trd, 2591090.913, 101
Trd, 2591090.929, 101
Trd, 2591090.996, 101
Trd, 2591091.146, 100
Trd, 2591091.163, 101
Trd, 2591091.346, 101
Trd, 2591091.546, 102
Trd, 2591091.646, 101
Trd, 2591091.663, 102
Trd, 2591091.929, 106
Trd, 2591092.063, 102
Trd, 2591092.396, 107
Trd, 2591093.596, 150
Trd, 2591093.946, 150
Trd, 2591094.263, 149
Trd, 2591094.646, 150
Trd, 2591094.863, 148
Trd, 2591095.663, 150
Trd, 2591096.596, 150
Trd, 2591097.229, 150
Trd, 2591097.413, 150
Trd, 2591097.796, 150
Trd, 2591098.229, 150
Trd, 2591098.346, 150
Trd, 2591098.979, 150
Trd, 2591099.213, 150
Trd, 2591099.363, 150
Trd, 2591099.413, 150
Trd, 2591099.896, 150
Trd, 2591099.946, 150
Trd, 2591100.213, 149
Trd, 2591100.229, 148
Trd, 2591100.296, 148
Trd, 2591100.629, 148
Trd, 2591100.696, 149
Trd, 2591101.129, 144
Trd, 2591101.263, 141
Trd, 2591101.596, 149
Trd, 2591101.896, 150
Trd, 2591102.496, 148
Trd, 2591102.846, 150
Trd, 2591102.896, 147
Trd, 2591104.313, 149
Trd, 2591106.413, 100
Trd, 2591106.763, 100
Trd, 2591107.096, 100
Trd, 2591108.429, 100
Trd, 2591109.096, 100
Trd, 2591109.246, 100
Trd, 2591109.346, 100
Trd, 2591109.429, 100
Trd, 2591109.463, 100
Trd, 2591109.479, 100
Trd, 2591109.763, 100
Trd, 2591109.813, 100
Trd, 2591110.079, 100
Trd, 2591110.379, 101
Trd, 2591110.429, 100
Trd, 2591110.463, 102
Trd, 2591110.513, 103
Trd, 2591110.896, 101
Trd, 2591111.213, 100
Trd, 2591111.829, 100
Trd, 2591112.046, 100
Trd, 2591112.646, 100
Trd, 2591112.746, 101
Trd, 2591112.763, 102
Trd, 2591112.863, 102
Trd, 2591112.929, 104
Trd, 2591113.179, 105
Trd, 2591113.963, 103
Trd, 2591114.179, 104
Trd, 2591114.296, 103
Trd, 2591114.546, 106
Trd, 2591114.779, 149
Trd, 2591116.013, 150
Trd, 2591116.413, 150
Trd, 2591116.929, 150
Trd, 2591116.963, 150
Trd, 2591117.113, 150
Trd, 2591117.179, 150
Trd, 2591117.513, 150
Trd, 2591117.546, 149
Trd, 2591117.913, 150
Trd, 2591118.379, 150
Trd, 2591118.729, 150
Trd, 2591120.013, 150
Trd, 2591120.796, 150
Trd, 2591121.113, 149
Trd, 2591121.696, 133
Trd, 2591121.713, 132
Trd, 2591121.896, 131
Trd, 2591122.063, 117
Trd, 2591122.229, 150
Trd, 2591122.463, 150
Trd, 2591122.563, 150
Trd, 2591122.896, 150
Trd, 2591123.329, 150
Trd, 2591123.479, 149
Trd, 2591124.513, 100
Trd, 2591124.913, 100
Trd, 2591125.513, 100
Trd, 2591126.329, 100
Trd, 2591126.629, 100
Trd, 2591126.796, 100
Trd, 2591127.329, 100
Trd, 2591128.763, 100
Trd, 2591128.846, 100
Trd, 2591129.179, 100
Trd, 2591129.913, 100
Trd, 2591130.129, 100
Trd, 2591130.229, 100
Trd, 2591130.346, 100
Trd, 2591130.379, 103
Trd, 2591130.679, 104
Trd, 2591130.879, 104
Trd, 2591130.996, 105
Trd, 2591131.146, 105
Trd, 2591131.179, 104
Trd, 2591131.246, 104
Trd, 2591131.363, 103
Trd, 2591131.729, 102
Trd, 2591132.429, 102
Trd, 2591132.529, 103
Trd, 2591132.563, 101
Trd, 2591133.079, 105
Trd, 2591133.429, 100
Trd, 2591133.513, 106
Trd, 2591133.996, 102
Trd, 2591134.546, 100
Trd, 2591135.113, 101
Trd, 2591135.413, 103
Trd, 2591135.496, 102
Trd, 2591135.713, 101
Trd, 2591136.429, 101
Trd, 2591136.513, 103
Trd, 2591137.363, 134
Trd, 2591138.296, 133
Trd, 2591138.779, 108
Trd, 2591139.163, 109
Trd, 2591139.246, 109
Trd, 2591139.496, 130
Trd, 2591139.546, 113
Trd, 2591140.079, 111
Trd, 2591140.196, 111
Trd, 2591140.313, 110
Trd, 2591140.546, 112
Trd, 2591140.996, 116
Trd, 2591141.213, 116
Trd, 2591142.113, 117
Trd, 2591143.213, 124
Trd, 2591143.313, 125
Trd, 2591143.546, 125
Trd, 2591143.629, 124
Trd, 2591144.046, 126
Trd, 2591144.229, 127
Trd, 2591144.479, 127
Trd, 2591144.629, 117
Trd, 2591144.663, 116
Trd, 2591145.613, 125
Trd, 2591145.696, 122
Trd, 2591145.946, 125
Trd, 2591146.179, 127
Trd, 2591146.263, 126
Trd, 2591146.346, 125
Trd, 2591146.946, 128
Trd, 2591147.263, 124
Trd, 2591147.813, 150
Trd, 2591148.963, 150
Trd, 2591149.063, 149
Trd, 2591149.329, 150
Trd, 2591149.463, 149
Trd, 2591150.613, 150
Trd, 2591151.229, 150
Trd, 2591151.313, 150
Trd, 2591151.829, 150
Trd, 2591152.113, 150
Trd, 2591152.296, 150
Trd, 2591154.496, 150
Trd, 2591154.629, 150
Trd, 2591154.846, 150
Trd, 2591154.913, 150
Trd, 2591155.313, 150
Trd, 2591155.346, 148
Trd, 2591155.379, 148
Trd, 2591155.763, 147
Trd, 2591155.779, 147
Trd, 2591155.863, 134
Trd, 2591156.396, 150
Trd, 2591156.629, 150
Trd, 2591156.913, 148
Trd, 2591157.063, 150
Trd, 2591158.163, 144
Trd, 2591158.313, 143
Trd, 2591158.879, 117
Trd, 2591159.096, 139
Trd, 2591159.163, 116
Trd, 2591159.229, 116
Trd, 2591159.863, 120
Trd, 2591160.363, 134
Trd, 2591160.596, 136
Trd, 2591161.163, 134
Trd, 2591161.263, 147
Trd, 2591161.446, 147
Trd, 2591161.829, 134
Trd, 2591161.846, 133
Trd, 2591162.013, 148
Trd, 2591162.313, 132
Trd, 2591162.479, 130
Trd, 2591162.979, 131
Trd, 2591164.013, 150
Trd, 2591164.846, 138
Trd, 2591165.529, 150
Trd, 2591165.946, 150
Trd, 2591166.279, 149
Trd, 2591166.363, 148
Trd, 2591167.163, 150
Trd, 2591167.713, 150
Trd, 2591168.396, 150
Trd, 2591168.679, 150
Trd, 2591168.696, 150
Trd, 2591168.946, 150
Trd, 2591169.579, 150
Trd, 2591169.896, 150
Trd, 2591170.146, 150
Trd, 2591170.279, 150
Trd, 2591170.613, 150
Trd, 2591170.713, 150
Trd, 2591170.846, 150
Trd, 2591171.179, 150
Trd, 2591172.013, 150
Trd, 2591172.529, 150
Trd, 2591174.263, 150
Trd, 2591175.213, 150
Trd, 2591175.613, 150
Trd, 2591175.679, 150
Trd, 2591175.863, 150
Trd, 2591175.996, 150
Trd, 2591176.146, 150
Trd, 2591176.229, 149
Trd, 2591176.446, 150
Trd, 2591176.463, 149
Trd, 2591176.696, 121
Trd, 2591176.929, 149
Trd, 2591177.446, 108
Trd, 2591177.813, 108
Trd, 2591177.863, 109
Trd, 2591177.879, 107
Trd, 2591178.163, 111
Trd, 2591178.313, 139
Trd, 2591178.563, 150
Trd, 2591178.929, 107
Trd, 2591179.629, 104
Trd, 2591179.879, 102
Trd, 2591181.246, 100
Trd, 2591182.263, 100
Trd, 2591183.996, 100
Trd, 2591184.379, 100
Trd, 2591184.563, 100
Trd, 2591184.613, 100
Trd, 2591184.863, 100
Trd, 2591185.096, 100
Trd, 2591185.263, 100
Trd, 2591185.363, 100
Trd, 2591185.546, 101
Trd, 2591185.763, 101
Trd, 2591185.779, 102
Trd, 2591185.979, 102
Trd, 2591186.279, 103
Trd, 2591186.329, 103
Trd, 2591186.446, 102
Trd, 2591186.596, 102
Trd, 2591186.696, 101
Trd, 2591187.346, 100
Trd, 2591187.463, 100
Trd, 2591188.263, 102
Trd, 2591188.829, 103
Trd, 2591189.629, 101
Trd, 2591189.813, 104
Trd, 2591191.279, 100
Trd, 2591191.613, 100
Trd, 2591191.713, 101
Trd, 2591191.946, 100
Trd, 2591192.196, 100
Trd, 2591192.313, 100
Trd, 2591193.296, 101
Trd, 2591193.329, 100
Trd, 2591193.413, 101
Trd, 2591193.946, 101
Trd, 2591194.113, 107
Trd, 2591194.179, 108
Trd, 2591194.596, 102
Trd, 2591194.763, 109
Trd, 2591195.029, 112
Trd, 2591195.546, 103
Trd, 2591195.663, 145
Trd, 2591195.763, 102
Trd, 2591196.613, 150
Trd, 2591196.646, 129
Trd, 2591197.013, 148
Trd, 2591197.679, 100
Trd, 2591199.596, 100
Trd, 2591200.496, 100
Trd, 2591200.696, 100
Trd, 2591200.846, 100
Trd, 2591200.929, 100
Trd, 2591201.329, 100
Trd, 2591201.713, 100
Trd, 2591201.763, 100
Trd, 2591201.863, 100
Trd, 2591201.913, 100
Trd, 2591202.196, 101
Trd, 2591202.263, 101
Trd, 2591203.063, 100
Trd, 2591203.146, 100
Trd, 2591203.229, 100
Trd, 2591203.296, 100
Trd, 2591203.479, 100
Trd, 2591203.563, 100
Trd, 2591204.913, 100
Trd, 2591204.979, 101
Trd, 2591205.913, 100
Trd, 2591206.163, 100
Trd, 2591206.329, 100
Trd, 2591206.913, 100
Trd, 2591207.263, 100
Trd, 2591207.463, 100
Trd, 2591207.929, 100
Trd, 2591208.013, 100
Trd, 2591208.079, 101
Trd, 2591208.346, 100
Trd, 2591208.763, 101
Trd, 2591209.629, 101
Trd, 2591209.746, 102
Trd, 2591210.079, 102
Trd, 2591210.429, 108
Trd, 2591210.529, 109
Trd, 2591210.696, 102
Trd, 2591211.079, 104
Trd, 2591211.479, 149
Trd, 2591211.913, 150
Trd, 2591212.046, 150
Trd, 2591212.346, 150
Trd, 2591212.596, 150
Trd, 2591213.963, 150
Trd, 2591214.129, 150
Trd, 2591214.463, 150
Trd, 2591214.479, 150
Trd, 2591214.596, 150
Trd, 2591214.629, 150
Trd, 2591215.113, 150
Trd, 2591215.829, 150
Trd, 2591215.946, 150
Trd, 2591217.846, 150
Trd, 2591218.863, 150
Trd, 2591218.996, 150
Trd, 2591219.546, 150
Trd, 2591219.896, 150
Trd, 2591219.963, 150
Trd, 2591220.546, 150
Trd, 2591220.763, 150
Trd, 2591221.029, 150
Trd, 2591222.596, 150
Trd, 2591222.646, 150
Trd, 2591222.679, 150
Trd, 2591223.346, 150
Trd, 2591223.429, 150
Trd, 2591223.529, 150
Trd, 2591223.563, 150
Trd, 2591224.329, 150
Trd, 2591224.863, 150
Trd, 2591224.879, 150
Trd, 2591224.996, 150
Trd, 2591225.263, 150
Trd, 2591225.763, 149
Trd, 2591226.879, 150
Trd, 2591227.013, 150
Trd, 2591227.346, 150
Trd, 2591227.446, 150
Trd, 2591227.829, 150
Trd, 2591227.929, 150
Trd, 2591228.096, 150
Trd, 2591228.246, 149
Trd, 2591228.329, 149
Trd, 2591228.379, 149
Trd, 2591228.679, 148
Trd, 2591229.013, 144
Trd, 2591229.446, 143
Trd, 2591229.846, 132
Trd, 2591229.863, 143
Trd, 2591229.929, 145
Trd, 2591229.979, 131
Trd, 2591230.063, 115
Trd, 2591230.946, 146
Trd, 2591231.463, 146
Trd, 2591231.629, 150
Trd, 2591232.563, 135
Trd, 2591233.429, 133
Trd, 2591233.513, 126
Trd, 2591233.696, 146
Trd, 2591234.113, 143
Trd, 2591234.713, 110
Trd, 2591234.846, 109
Trd, 2591235.579, 140
Trd, 2591235.996, 141
Trd, 2591236.229, 115
Trd, 2591236.263, 114
Trd, 2591236.479, 141
Trd, 2591236.613, 115
Trd, 2591236.729, 142
Trd, 2591237.013, 114
Trd, 2591237.079, 112
Trd, 2591237.329, 138
Trd, 2591238.063, 100
Trd, 2591238.296, 100
Trd, 2591238.363, 106
Trd, 2591240.029, 100
Trd, 2591240.446, 100
Trd, 2591240.463, 100
Trd, 2591240.746, 100
Trd, 2591240.779, 100
Trd, 2591241.296, 102
Trd, 2591241.546, 103
Trd, 2591241.563, 101
Trd, 2591241.996, 100
Trd, 2591242.679, 106
Trd, 2591242.796, 100
Trd, 2591243.613, 100
Trd, 2591243.679, 100
Trd, 2591245.629, 100
Trd, 2591246.613, 100
Trd, 2591246.729, 100
Trd, 2591247.646, 100
Trd, 2591248.329, 100
Trd, 2591248.579, 100
Trd, 2591249.113, 100
Trd, 2591249.129, 100
Trd, 2591249.196, 100
Trd, 2591250.163, 100
Trd, 2591250.346, 100
Trd, 2591250.363, 100
Trd, 2591250.413, 100
Trd, 2591250.629, 101
Trd, 2591250.646, 100
Trd, 2591250.913, 102
Trd, 2591251.029, 102
Trd, 2591251.213, 102
Trd, 2591251.246, 101
Trd, 2591251.429, 101
Trd, 2591251.563, 102
Trd, 2591251.746, 103
Trd, 2591252.179, 103
Trd, 2591252.496, 102
Trd, 2591252.629, 102
Trd, 2591253.029, 106
Trd, 2591253.129, 106
Trd, 2591253.263, 107
Trd, 2591253.613, 123
Trd, 2591253.813, 108
Trd, 2591254.179, 147
Trd, 2591254.279, 107
Trd, 2591254.813, 108
Trd, 2591255.196, 110
Trd, 2591255.213, 109
Trd, 2591255.379, 146
Trd, 2591257.129, 150
Trd, 2591257.413, 150
Trd, 2591258.679, 150
Trd, 2591259.596, 150
Trd, 2591260.346, 150
Trd, 2591260.729, 149
Trd, 2591260.829, 149
Trd, 2591260.979, 149
Trd, 2591261.063, 148
Trd, 2591261.179, 145
Trd, 2591261.996, 150
Trd, 2591262.163, 150
Trd, 2591262.213, 150
Trd, 2591262.679, 150
Trd, 2591262.863, 150
Trd, 2591262.996, 150
Trd, 2591263.746, 150
Trd, 2591265.146, 150
Trd, 2591265.229, 150
Trd, 2591265.663, 150
Trd, 2591266.196, 150
Trd, 2591266.279, 150
Trd, 2591266.429, 150
Trd, 2591267.013, 150
Trd, 2591267.446, 150
Trd, 2591267.496, 150
Trd, 2591268.663, 150
Trd, 2591269.146, 150
Trd, 2591270.496, 150
Trd, 2591270.563, 150
Trd, 2591270.663, 150
Trd, 2591270.763, 150
Trd, 2591270.813, 150
Trd, 2591270.946, 147
Trd, 2591271.413, 150
Trd, 2591271.546, 150
Trd, 2591271.979, 149
Trd, 2591272.396, 149
Trd, 2591272.446, 150
Trd, 2591272.763, 149
Trd, 2591272.913, 147
Trd, 2591272.996, 146
Trd, 2591273.529, 146
Trd, 2591273.779, 144
Trd, 2591273.946, 148
Trd, 2591274.296, 150
Trd, 2591274.463, 150
Trd, 2591274.796, 149
Trd, 2591276.096, 149
Trd, 2591276.729, 150
Trd, 2591277.013, 150
Trd, 2591277.146, 150
Trd, 2591277.813, 150
Trd, 2591277.896, 150
Trd, 2591278.079, 150
Trd, 2591278.329, 129
Trd, 2591278.596, 149
Trd, 2591278.913, 138
Trd, 2591279.379, 136
Trd, 2591280.229, 147
Trd, 2591280.463, 150
Trd, 2591280.829, 150
Trd, 2591281.646, 150
Trd, 2591282.013, 150
Trd, 2591282.429, 150
Trd, 2591285.246, 150
Trd, 2591285.329, 150
Trd, 2591286.563, 150
Trd, 2591287.079, 150
Trd, 2591287.213, 150
Trd, 2591287.796, 150
Trd, 2591288.279, 150
Trd, 2591288.713, 150
Trd, 2591289.479, 150
Trd, 2591289.629, 150
Trd, 2591290.313, 150
Trd, 2591290.496, 150
Trd, 2591290.546, 150
Trd, 2591291.063, 150
Trd, 2591291.413, 150
Trd, 2591291.463, 150
Trd, 2591291.879, 150
Trd, 2591292.313, 150
Trd, 2591292.396, 150
Trd, 2591292.513, 150
Trd, 2591293.296, 150
Trd, 2591293.346, 150
Trd, 2591293.446, 150
Trd, 2591294.163, 150
Trd, 2591294.796, 150
Trd, 2591295.896, 150
Trd, 2591296.096, 150
Trd, 2591296.546, 150
Trd, 2591296.579, 150
Trd, 2591296.629, 150
Trd, 2591296.646, 150
Trd, 2591296.713, 150
Trd, 2591296.963, 150
Trd, 2591297.096, 150
Trd, 2591297.246, 149
Trd, 2591297.846, 141
Trd, 2591298.079, 141
Trd, 2591298.413, 131
Trd, 2591298.663, 136
Trd, 2591298.679, 146
Trd, 2591298.696, 130
Trd, 2591298.729, 128
Trd, 2591299.496, 144
Trd, 2591300.396, 107
Trd, 2591300.629, 106
Trd, 2591300.763, 144
Trd, 2591301.129, 147
Trd, 2591301.563, 150
Trd, 2591302.613, 150
Trd, 2591302.929, 150
Trd, 2591303.063, 150
Trd, 2591303.896, 150
Trd, 2591304.263, 150
Trd, 2591304.696, 150
Trd, 2591304.713, 150
Trd, 2591306.446, 150
Trd, 2591307.379, 150
Trd, 2591308.196, 150
Trd, 2591308.479, 150
Trd, 2591308.546, 150
Trd, 2591308.896, 150
Trd, 2591309.263, 150
Trd, 2591309.563, 150
Trd, 2591309.996, 150
Trd, 2591312.213, 150
Trd, 2591312.579, 150
Trd, 2591312.946, 150
Trd, 2591312.963, 150
Trd, 2591312.996, 150
Trd, 2591313.146, 150
Trd, 2591313.313, 150
Trd, 2591313.563, 150
Trd, 2591313.596, 150
Trd, 2591313.646, 150
Trd, 2591313.746, 149
Trd, 2591314.279, 149
Trd, 2591314.363, 149
Trd, 2591314.546, 149
Trd, 2591314.563, 147
Trd, 2591315.046, 150
Trd, 2591315.346, 150
Trd, 2591315.479, 150
Trd, 2591315.646, 150
Trd, 2591315.696, 106
Trd, 2591315.879, 111
Trd, 2591316.846, 101
Trd, 2591317.046, 104
Trd, 2591317.996, 101
Trd, 2591318.063, 102
Trd, 2591318.079, 103
Trd, 2591319.396, 150
Trd, 2591319.896, 150
Trd, 2591320.679, 150
Trd, 2591321.063, 150
Trd, 2591321.263, 150
Trd, 2591321.696, 150
Trd, 2591321.896, 150
Trd, 2591322.646, 150
Trd, 2591322.863, 150
Trd, 2591323.013, 150
Trd, 2591323.046, 150
Trd, 2591323.179, 150
Trd, 2591323.313, 150
Trd, 2591323.429, 150
Trd, 2591323.779, 149
Trd, 2591323.979, 150
Trd, 2591324.463, 150
Trd, 2591324.579, 145
Trd, 2591325.029, 148
Trd, 2591325.079, 147
Trd, 2591325.529, 148
Trd, 2591325.563, 125
Trd, 2591326.646, 117
Trd, 2591327.179, 121
Trd, 2591327.513, 149
Trd, 2591327.596, 139
Trd, 2591327.913, 149
Trd, 2591328.013, 150
Trd, 2591328.679, 150
Trd, 2591328.929, 150
Trd, 2591328.996, 147
Trd, 2591329.979, 150
Trd, 2591330.146, 150
Trd, 2591330.429, 135
Trd, 2591332.113, 150
Trd, 2591332.146, 150
Trd, 2591332.263, 150
Trd, 2591332.813, 150
Trd, 2591332.896, 150
Trd, 2591333.063, 150
Trd, 2591333.179, 150
Trd, 2591333.229, 150
Trd, 2591333.329, 150
Trd, 2591333.346, 149
Trd, 2591333.863, 150
Trd, 2591334.179, 150
Trd, 2591334.263, 149
Trd, 2591334.296, 148
Trd, 2591334.813, 100
Trd, 2591335.179, 100
Trd, 2591336.096, 100
Trd, 2591337.846, 100
Trd, 2591338.013, 100
Trd, 2591338.813, 100
Trd, 2591338.896, 100
Trd, 2591339.246, 101
Trd, 2591339.346, 101
Trd, 2591339.379, 101
Trd, 2591339.596, 100
Trd, 2591340.163, 102
Trd, 2591340.179, 102
Trd, 2591340.279, 102
Trd, 2591340.446, 107
Trd, 2591341.846, 150
Trd, 2591342.029, 150
Trd, 2591342.996, 150
Trd, 2591343.113, 150
Trd, 2591343.196, 150
Trd, 2591343.913, 150
Trd, 2591344.579, 150
Trd, 2591345.313, 150
Trd, 2591345.579, 150
Trd, 2591346.313, 150
Trd, 2591347.046, 150
Trd, 2591347.313, 150
Trd, 2591347.513, 150
Trd, 2591347.546, 150
Trd, 2591347.596, 150
Trd, 2591347.763, 150
Trd, 2591348.013, 150
Trd, 2591350.396, 150
Trd, 2591350.563, 150
Trd, 2591350.813, 150
Trd, 2591351.763, 150
Trd, 2591351.979, 150
Trd, 2591353.879, 150
Trd, 2591354.146, 150
Trd, 2591354.179, 150
Trd, 2591354.396, 150
Trd, 2591354.546, 150
Trd, 2591355.429, 150
Trd, 2591355.513, 150
Trd, 2591355.579, 150
Trd, 2591355.896, 150
Trd, 2591355.929, 150
Trd, 2591356.713, 150
Trd, 2591358.113, 150
Trd, 2591358.479, 150
Trd, 2591358.796, 150
Trd, 2591358.929, 150
Trd, 2591358.963, 150
Trd, 2591358.996, 150
Trd, 2591359.113, 150
Trd, 2591359.146, 150
Trd, 2591359.279, 150
Trd, 2591359.496, 150
Trd, 2591359.613, 150
Trd, 2591359.646, 149
Trd, 2591359.663, 149
Trd, 2591360.646, 149
Trd, 2591360.829, 148
Trd, 2591360.913, 148
Trd, 2591361.796, 150
Trd, 2591362.096, 150
Trd, 2591362.146, 150
Trd, 2591364.879, 150
Trd, 2591364.896, 150
Trd, 2591365.413, 150
Trd, 2591365.563, 150
Trd, 2591365.963, 150
Trd, 2591366.129, 150
Trd, 2591366.529, 150
Trd, 2591366.596, 150
Trd, 2591367.113, 150
Trd, 2591368.229, 150
Trd, 2591368.746, 150
Trd, 2591368.979, 150
Trd, 2591369.346, 150
Trd, 2591369.379, 150
Trd, 2591369.979, 150
Trd, 2591370.413, 150
Trd, 2591370.546, 150
Trd, 2591370.596, 150
Trd, 2591370.613, 150
Trd, 2591370.829, 150
Trd, 2591370.896, 148
Trd, 2591371.113, 150
Trd, 2591371.346, 147
Trd, 2591371.546, 146
Trd, 2591371.679, 144
Trd, 2591371.763, 143
Trd, 2591372.079, 145
Trd, 2591372.463, 147
Trd, 2591372.763, 148
Trd, 2591372.979, 148
Trd, 2591373.263, 149
Trd, 2591373.829, 147
Trd, 2591374.246, 147
Trd, 2591374.679, 129
Trd, 2591375.513, 128
Trd, 2591375.546, 115
Trd, 2591376.163, 130
Trd, 2591376.746, 116
Trd, 2591376.846, 115
Trd, 2591376.863, 114
Trd, 2591377.913, 147
Trd, 2591378.463, 150
Trd, 2591378.679, 150
Trd, 2591378.846, 150
Trd, 2591380.163, 150
Trd, 2591381.163, 150
Trd, 2591381.396, 150
Trd, 2591381.496, 150
Trd, 2591381.546, 150
Trd, 2591381.846, 150
Trd, 2591381.879, 150
Trd, 2591382.129, 150
Trd, 2591382.163, 150
Trd, 2591382.263, 150
Trd, 2591382.313, 139
Trd, 2591383.246, 148
Trd, 2591383.563, 148
Trd, 2591384.146, 145
Trd, 2591384.413, 146
Trd, 2591385.279, 150
Trd, 2591385.296, 147
Trd, 2591385.646, 150
Trd, 2591385.779, 150
Trd, 2591386.946, 150
Trd, 2591387.396, 150
Trd, 2591387.563, 150
Trd, 2591387.679, 125
Trd, 2591388.279, 150
Trd, 2591388.346, 150
Trd, 2591389.479, 150
Trd, 2591389.713, 150
Trd, 2591390.163, 150
Trd, 2591390.563, 150
Trd, 2591390.996, 150
Trd, 2591392.379, 150
Trd, 2591392.479, 150
Trd, 2591392.513, 150
Trd, 2591392.546, 150
Trd, 2591392.879, 150
Trd, 2591392.963, 150
Trd, 2591393.229, 150
Trd, 2591393.279, 150
Trd, 2591393.713, 149
Trd, 2591393.796, 148
Trd, 2591394.079, 150
Trd, 2591394.263, 147
Trd, 2591394.813, 150
Trd, 2591394.846, 150
Trd, 2591394.879, 150
Trd, 2591395.629, 149
Trd, 2591395.696, 149
Trd, 2591395.746, 149
Trd, 2591396.063, 149
Trd, 2591396.079, 148
Trd, 2591396.279, 146
Trd, 2591396.546, 128
Trd, 2591397.296, 150
Trd, 2591398.529, 139
Trd, 2591399.063, 141
Trd, 2591401.429, 150
Trd, 2591401.546, 150
Trd, 2591401.679, 150
Trd, 2591402.946, 150
Trd, 2591403.079, 150
Trd, 2591403.746, 150
Trd, 2591404.046, 150
Trd, 2591404.546, 150
Trd, 2591405.763, 150
Trd, 2591406.413, 150
Trd, 2591406.746, 150
Trd, 2591407.029, 150
Trd, 2591407.079, 150
Trd, 2591408.479, 150
Trd, 2591408.496, 150
Trd, 2591408.546, 150
Trd, 2591408.696, 150
Trd, 2591409.696, 150
Trd, 2591409.729, 150
Trd, 2591410.396, 150
Trd, 2591410.446, 150
Trd, 2591410.696, 150
Trd, 2591410.779, 150
Trd, 2591410.979, 150
Trd, 2591411.096, 150
Trd, 2591411.113, 150
Trd, 2591411.429, 150
Trd, 2591411.596, 150
Trd, 2591412.196, 150
Trd, 2591412.746, 150
Trd, 2591412.879, 149
Trd, 2591413.379, 150
Trd, 2591413.896, 150
Trd, 2591414.063, 149
Trd, 2591414.646, 148
Trd, 2591414.746, 150
Trd, 2591414.896, 150
Trd, 2591415.679, 150
Trd, 2591415.963, 150
Trd, 2591416.129, 150
Trd, 2591416.429, 150
Trd, 2591417.129, 150
Trd, 2591417.279, 150
Trd, 2591417.796, 150
Trd, 2591417.879, 150
Trd, 2591418.946, 150
Trd, 2591419.046, 150
Trd, 2591419.896, 150
Trd, 2591420.029, 150
Trd, 2591420.279, 149
Trd, 2591421.363, 149
Trd, 2591421.513, 148
Trd, 2591421.596, 126
Trd, 2591421.696, 130
Trd, 2591421.846, 147
Trd, 2591421.963, 147
Trd, 2591422.829, 139
Trd, 2591423.046, 137
Trd, 2591423.296, 136
Trd, 2591423.429, 137
Trd, 2591423.496, 138
Trd, 2591423.546, 139
Trd, 2591424.363, 142
Trd, 2591425.229, 144
Trd, 2591425.863, 150
Trd, 2591427.079, 148
Trd, 2591428.079, 150
Trd, 2591428.313, 150
Trd, 2591429.663, 150
Trd, 2591429.729, 150
Trd, 2591429.896, 150
Trd, 2591430.146, 150
Trd, 2591430.413, 150
Trd, 2591430.613, 150
Trd, 2591430.679, 150
Trd, 2591430.946, 150
Trd, 2591431.029, 149
Trd, 2591431.163, 149
Trd, 2591431.196, 149
Trd, 2591431.546, 149
Trd, 2591431.596, 148
Trd, 2591431.763, 150
Trd, 2591431.779, 144
Trd, 2591432.179, 128
Trd, 2591432.279, 149
Trd, 2591432.296, 117
Trd, 2591432.479, 107
Trd, 2591432.979, 102
Trd, 2591433.379, 100
Trd, 2591433.996, 100
Trd, 2591434.013, 101
Trd, 2591434.046, 104
Trd, 2591434.729, 100
Trd, 2591435.096, 100
Trd, 2591435.129, 100
Trd, 2591435.396, 100
Trd, 2591435.446, 100
Trd, 2591435.963, 102
Trd, 2591436.563, 105
Trd, 2591436.863, 105
Trd, 2591436.946, 105
Trd, 2591437.046, 104
Trd, 2591437.346, 102
Trd, 2591437.596, 101
Trd, 2591438.396, 101
Trd, 2591439.963, 100
Trd, 2591440.329, 100
Trd, 2591440.846, 100
Trd, 2591441.046, 100
Trd, 2591441.129, 100
Trd, 2591441.496, 102
Trd, 2591441.779, 101
Trd, 2591442.096, 103
Trd, 2591442.663, 103
Trd, 2591442.929, 102
Trd, 2591443.463, 100
Trd, 2591443.596, 100
Trd, 2591444.196, 100
Trd, 2591444.629, 100
Trd, 2591444.696, 100
Trd, 2591445.463, 100
Trd, 2591445.529, 100
Trd, 2591445.579, 100
Trd, 2591445.679, 102
Trd, 2591446.446, 104
Trd, 2591446.779, 105
Trd, 2591447.179, 101
Trd, 2591447.679, 101
Trd, 2591448.663, 100
Trd, 2591449.063, 101
Trd, 2591449.213, 102
Trd, 2591449.246, 103
Trd, 2591449.679, 101
Trd, 2591449.763, 100
Trd, 2591450.029, 104
Trd, 2591450.113, 106
Trd, 2591451.029, 150
Trd, 2591451.279, 150
Trd, 2591451.446, 150
Trd, 2591452.046, 150
Trd, 2591452.413, 150
Trd, 2591452.813, 150
Trd, 2591453.929, 150
Trd, 2591453.979, 150
Trd, 2591454.863, 150
Trd, 2591455.329, 150
Trd, 2591456.213, 150
Trd, 2591456.279, 150
Trd, 2591457.046, 150
Trd, 2591457.413, 150
Trd, 2591457.496, 150
Trd, 2591457.846, 150
Trd, 2591458.096, 150
Trd, 2591458.729, 150
Trd, 2591458.746, 150
Trd, 2591459.196, 150
Trd, 2591459.596, 150
Trd, 2591459.979, 150
Trd, 2591460.579, 150
Trd, 2591461.296, 150
Trd, 2591461.946, 150
Trd, 2591462.246, 150
Trd, 2591462.329, 150
Trd, 2591462.379, 150
Trd, 2591462.563, 150
Trd, 2591462.863, 148
Trd, 2591463.029, 149
Trd, 2591463.379, 143
Trd, 2591463.829, 140
Trd, 2591463.879, 132
Trd, 2591464.113, 139
Trd, 2591464.129, 141
Trd, 2591464.346, 128
Trd, 2591465.429, 141
Trd, 2591465.546, 115
Trd, 2591465.629, 105
Trd, 2591468.029, 100
Trd, 2591468.479, 100
Trd, 2591469.646, 100
Trd, 2591469.696, 100
Trd, 2591470.313, 100
Trd, 2591470.663, 100
Trd, 2591470.813, 100
Trd, 2591470.879, 100
Trd, 2591470.913, 100
Trd, 2591471.913, 100
Trd, 2591471.996, 100
Trd, 2591472.313, 100
Trd, 2591473.029, 100
Trd, 2591473.213, 100
Trd, 2591473.229, 100
Trd, 2591473.263, 100
Trd, 2591473.463, 100
Trd, 2591473.596, 101
Trd, 2591473.679, 100
Trd, 2591474.029, 101
Trd, 2591474.396, 101
Trd, 2591474.529, 101
Trd, 2591474.679, 102
Trd, 2591474.729, 102
Trd, 2591474.779, 100
Trd, 2591474.829, 103
Trd, 2591475.096, 103
Trd, 2591475.246, 104
Trd, 2591475.746, 105
Trd, 2591475.779, 112
Trd, 2591476.179, 105
Trd, 2591476.346, 104
Trd, 2591477.313, 112
Trd, 2591477.579, 150
Trd, 2591477.996, 150
Trd, 2591478.846, 150
Trd, 2591479.129, 150
Trd, 2591480.179, 150
Trd, 2591480.379, 150
Trd, 2591481.029, 150
Trd, 2591481.579, 150
Trd, 2591481.613, 150
Trd, 2591482.596, 150
Trd, 2591482.729, 150
Trd, 2591484.346, 150
Trd, 2591484.396, 150
Trd, 2591484.496, 150
Trd, 2591484.779, 150
Trd, 2591485.179, 150
Trd, 2591485.879, 150
Trd, 2591486.213, 150
Trd, 2591486.613, 150
Trd, 2591486.646, 150
Trd, 2591487.046, 150
Trd, 2591487.213, 150
Trd, 2591487.346, 150
Trd, 2591487.413, 150
Trd, 2591487.496, 149
Trd, 2591487.563, 148
Trd, 2591487.779, 135
Trd, 2591488.463, 136
Trd, 2591488.779, 143
Trd, 2591489.296, 141
Trd, 2591489.846, 138
Trd, 2591489.946, 138
Trd, 2591490.129, 140
Trd, 2591490.229, 141
Trd, 2591490.629, 138
Trd, 2591490.796, 138
Trd, 2591491.079, 141
Trd, 2591491.529, 138
Trd, 2591491.713, 136
Trd, 2591492.113, 110
Trd, 2591492.479, 137
Trd, 2591492.513, 141
Trd, 2591493.129, 148
Trd, 2591494.129, 100
Trd, 2591494.313, 100
Trd, 2591495.296, 110
Trd, 2591495.329, 108
Trd, 2591495.946, 103
Trd, 2591496.196, 103
Trd, 2591496.463, 110
Trd, 2591496.763, 101
Trd, 2591496.829, 102
Trd, 2591499.413, 150
Trd, 2591499.646, 150
Trd, 2591499.663, 150
Trd, 2591499.679, 150
Trd, 2591499.813, 150
Trd, 2591500.796, 150
Trd, 2591500.996, 150
Trd, 2591501.629, 150
Trd, 2591501.913, 150
Trd, 2591502.129, 150
Trd, 2591502.563, 150
Trd, 2591503.196, 150
Trd, 2591504.763, 150
Trd, 2591504.779, 150
Trd, 2591504.813, 150
Trd, 2591504.896, 150
Trd, 2591506.163, 150
Trd, 2591506.746, 150
Trd, 2591507.696, 150
Trd, 2591508.813, 150
Trd, 2591509.013, 150
Trd, 2591509.063, 150
Trd, 2591509.163, 150
Trd, 2591509.246, 150
Trd, 2591509.313, 150
Trd, 2591509.513, 150
Trd, 2591509.563, 150
Trd, 2591509.929, 150
Trd, 2591510.029, 150
Trd, 2591510.613, 150
Trd, 2591510.796, 150
Trd, 2591510.879, 150
Trd, 2591511.246, 150
Trd, 2591511.313, 150
Trd, 2591511.829, 150
Trd, 2591511.929, 150
Trd, 2591512.146, 150
Trd, 2591512.679, 150
Trd, 2591512.929, 149
Trd, 2591512.946, 148
Trd, 2591513.396, 150
Trd, 2591513.413, 148
Trd, 2591513.813, 131
Trd, 2591514.196, 150
Trd, 2591515.296, 150
Trd, 2591515.663, 150
Trd, 2591516.146, 150
Trd, 2591517.113, 150
Trd, 2591517.796, 150
Trd, 2591518.046, 150
Trd, 2591518.513, 150
Trd, 2591518.613, 150
Trd, 2591518.679, 150
Trd, 2591518.696, 150
Trd, 2591519.113, 150
Trd, 2591519.229, 150
Trd, 2591519.363, 150
Trd, 2591519.446, 150
Trd, 2591519.529, 149
Trd, 2591519.596, 149
Trd, 2591520.329, 149
Trd, 2591520.513, 148
Trd, 2591521.896, 147
Trd, 2591522.146, 147
Trd, 2591522.346, 146
Trd, 2591522.379, 148
Trd, 2591522.729, 150
Trd, 2591523.129, 150
Trd, 2591523.146, 149
Trd, 2591523.179, 148
Trd, 2591523.946, 150
Trd, 2591525.063, 149
Trd, 2591525.163, 148
Trd, 2591525.546, 148
Trd, 2591525.663, 147
Trd, 2591526.496, 150
Trd, 2591527.096, 150
Trd, 2591527.579, 150
Trd, 2591528.096, 150
Trd, 2591528.329, 150
Trd, 2591528.629, 150
Trd, 2591529.229, 150
Trd, 2591530.763, 150
Trd, 2591531.346, 150
Trd, 2591532.079, 150
Trd, 2591532.213, 150
Trd, 2591532.413, 150
Trd, 2591532.446, 150
Trd, 2591532.463, 150
Trd, 2591532.613, 150
Trd, 2591532.796, 150
Trd, 2591532.829, 150
Trd, 2591532.879, 150
Trd, 2591532.979, 150
Trd, 2591533.013, 150
Trd, 2591533.329, 149
Trd, 2591533.713, 150
Trd, 2591533.963, 150
Trd, 2591534.063, 149
Trd, 2591534.679, 150
Trd, 2591534.829, 149
Trd, 2591535.463, 139
Trd, 2591535.813, 133
Trd, 2591535.829, 132
Trd, 2591536.463, 125
Trd, 2591536.646, 149
Trd, 2591537.879, 150
Trd, 2591538.629, 150
Trd, 2591538.979, 150
Trd, 2591539.196, 149
Trd, 2591539.313, 148
Trd, 2591539.479, 147
Trd, 2591539.679, 146
Trd, 2591540.029, 150
Trd, 2591540.413, 126
Trd, 2591541.263, 150
Trd, 2591542.529, 150
Trd, 2591543.046, 150
Trd, 2591543.179, 150
Trd, 2591543.563, 150
Trd, 2591543.929, 150
Trd, 2591544.296, 150
Trd, 2591546.079, 150
Trd, 2591547.429, 150
Trd, 2591547.729, 150
Trd, 2591547.896, 150
Trd, 2591547.929, 150
Trd, 2591547.996, 150
Trd, 2591548.013, 150
Trd, 2591548.113, 150
Trd, 2591548.313, 150
Trd, 2591548.346, 150
Trd, 2591548.413, 150
Trd, 2591548.629, 150
Trd, 2591548.763, 138
Trd, 2591549.379, 121
Trd, 2591549.679, 121
Trd, 2591549.813, 123
Trd, 2591549.946, 150
Trd, 2591550.013, 122
Trd, 2591550.879, 150
Trd, 2591551.963, 150
Trd, 2591552.163, 150
Trd, 2591552.246, 150
Trd, 2591552.429, 149
Trd, 2591552.579, 147
Trd, 2591552.729, 149
Trd, 2591552.813, 149
Trd, 2591553.246, 131
Trd, 2591553.579, 133
Trd, 2591554.329, 135
Trd, 2591554.446, 134
Trd, 2591554.596, 102
Trd, 2591555.129, 100
Trd, 2591555.379, 100
Trd, 2591556.096, 101
Trd, 2591556.746, 101
Trd, 2591557.079, 101
Trd, 2591557.213, 102
Trd, 2591557.479, 101
Trd, 2591557.679, 102
Trd, 2591558.479, 100
Trd, 2591559.646, 100
Trd, 2591559.746, 100
Trd, 2591559.929, 100
Trd, 2591559.946, 100
Trd, 2591560.079, 100
Trd, 2591560.229, 100
Trd, 2591560.313, 101
Trd, 2591560.463, 102
Trd, 2591560.713, 101
Trd, 2591560.913, 102
Trd, 2591560.979, 101
Trd, 2591561.363, 105
Trd, 2591561.563, 103
Trd, 2591562.229, 105
Trd, 2591562.579, 107
Trd, 2591562.746, 105
Trd, 2591563.029, 104
Trd, 2591564.863, 147
Trd, 2591565.363, 150
Trd, 2591565.429, 150
Trd, 2591565.779, 150
Trd, 2591565.863, 150
Trd, 2591566.163, 150
Trd, 2591566.896, 150
Trd, 2591567.579, 150
Trd, 2591567.746, 150
Trd, 2591567.896, 150
Trd, 2591567.929, 150
Trd, 2591568.079, 150
Trd, 2591568.479, 145
Trd, 2591568.829, 150
Trd, 2591569.063, 150
Trd, 2591569.413, 150
Trd, 2591569.979, 150
Trd, 2591570.913, 150
Trd, 2591571.779, 150
Trd, 2591571.829, 150
Trd, 2591571.846, 150
Trd, 2591572.229, 150
Trd, 2591572.263, 150
Trd, 2591572.296, 150
Trd, 2591572.446, 138
Trd, 2591572.596, 149
Trd, 2591572.963, 149
Trd, 2591573.513, 149
Trd, 2591573.563, 148
Trd, 2591573.763, 132
Trd, 2591574.113, 150
Trd, 2591574.229, 150
Trd, 2591574.679, 147
Trd, 2591575.229, 147
Trd, 2591575.396, 118
Trd, 2591575.679, 147
Trd, 2591576.879, 102
Trd, 2591577.163, 103
Trd, 2591578.629, 100
Trd, 2591578.646, 100
Trd, 2591578.696, 101
Trd, 2591579.479, 100
Trd, 2591579.529, 102
Trd, 2591579.679, 102
Trd, 2591579.713, 101
Trd, 2591579.846, 101
Trd, 2591580.113, 106
Trd, 2591580.579, 108
Trd, 2591581.196, 113
Trd, 2591581.229, 111
Trd, 2591581.313, 110
Trd, 2591582.013, 150
Trd, 2591582.313, 150
Trd, 2591583.246, 150
Trd, 2591583.363, 149
Trd, 2591583.879, 112
Trd, 2591583.963, 100
Trd, 2591585.063, 106
Trd, 2591585.213, 121
Trd, 2591585.229, 123
Trd, 2591585.379, 124
Trd, 2591585.546, 123
Trd, 2591585.579, 124
Trd, 2591585.713, 108
Trd, 2591586.479, 109
Trd, 2591586.679, 110
Trd, 2591587.029, 116
Trd, 2591587.129, 116
Trd, 2591587.346, 116
Trd, 2591588.296, 117
Trd, 2591588.863, 118
Trd, 2591589.013, 116
Trd, 2591589.613, 106
Trd, 2591589.679, 114
Trd, 2591589.696, 115
Trd, 2591590.196, 115
Trd, 2591590.796, 110
Trd, 2591590.846, 106
Trd, 2591591.129, 111
Trd, 2591591.263, 106
Trd, 2591591.379, 110
Trd, 2591591.813, 111
Trd, 2591592.179, 112
Trd, 2591593.396, 100
Trd, 2591595.296, 100
Trd, 2591598.163, 100
Trd, 2591598.329, 100
Trd, 2591598.546, 100
Trd, 2591598.563, 100
Trd, 2591598.613, 100
Trd, 2591598.829, 100
Trd, 2591599.029, 100
Trd, 2591599.113, 100
Trd, 2591599.129, 100
Trd, 2591599.163, 100
Trd, 2591599.663, 100
Trd, 2591599.829, 100
Trd, 2591599.996, 101
Trd, 2591600.363, 101
Trd, 2591600.863, 102
Trd, 2591601.196, 101
Trd, 2591601.413, 102
Trd, 2591601.446, 103
Trd, 2591601.679, 102
Trd, 2591601.729, 104
Trd, 2591601.846, 149
Trd, 2591601.979, 102
Trd, 2591602.113, 101
Trd, 2591602.513, 101
Trd, 2591603.529, 144
Trd, 2591603.746, 143
Trd, 2591603.879, 150
Trd, 2591603.946, 149
Trd, 2591604.446, 133
Trd, 2591605.696, 142
Trd, 2591605.796, 115
Trd, 2591605.979, 114
Trd, 2591606.379, 102
Trd, 2591606.496, 106
Trd, 2591606.596, 101
Trd, 2591607.379, 100
Trd, 2591609.579, 100
Trd, 2591609.779, 100
Trd, 2591610.029, 100
Trd, 2591611.646, 100
Trd, 2591612.063, 100
Trd, 2591612.396, 100
Trd, 2591612.429, 100
Trd, 2591612.879, 100
Trd, 2591613.079, 100
Trd, 2591613.196, 100
Trd, 2591613.213, 100
Trd, 2591613.263, 100
Trd, 2591613.429, 100
Trd, 2591613.563, 101
Trd, 2591613.679, 101
Trd, 2591613.763, 101
Trd, 2591614.029, 101
Trd, 2591614.113, 102
Trd, 2591614.129, 102
Trd, 2591614.563, 102
Trd, 2591614.646, 105
Trd, 2591614.779, 106
Trd, 2591615.096, 107
Trd, 2591615.163, 106
Trd, 2591615.446, 148
Trd, 2591615.796, 106
Trd, 2591617.313, 150
Trd, 2591617.929, 150
Trd, 2591617.979, 150
Trd, 2591619.279, 150
Trd, 2591619.963, 150
Trd, 2591620.513, 150
Trd, 2591621.046, 150
Trd, 2591621.479, 150
Trd, 2591622.146, 150
Trd, 2591622.563, 150
Trd, 2591622.596, 150
Trd, 2591622.696, 150
Trd, 2591622.846, 150
Trd, 2591622.963, 150
Trd, 2591623.046, 150
Trd, 2591623.146, 149
Trd, 2591623.179, 148
Trd, 2591623.446, 148
Trd, 2591623.546, 149
Trd, 2591623.896, 146
Trd, 2591623.946, 146
Trd, 2591624.179, 145
Trd, 2591625.096, 141
Trd, 2591625.496, 143
Trd, 2591625.946, 140
Trd, 2591626.146, 143
Trd, 2591626.213, 140
Trd, 2591626.313, 139
Trd, 2591627.446, 100
Trd, 2591628.679, 150
Trd, 2591629.246, 150
Trd, 2591629.513, 108
Trd, 2591630.096, 100
Trd, 2591631.546, 100
Trd, 2591631.646, 100
Trd, 2591631.679, 100
Trd, 2591631.696, 100
Trd, 2591631.996, 100
Trd, 2591632.079, 100
Trd, 2591632.129, 100
Trd, 2591632.279, 100
Trd, 2591632.496, 101
Trd, 2591632.546, 101
Trd, 2591632.829, 103
Trd, 2591632.863, 109
Trd, 2591633.129, 106
Trd, 2591633.246, 108
Trd, 2591633.613, 108
Trd, 2591633.763, 108
Trd, 2591633.946, 109
Trd, 2591634.029, 111
Trd, 2591634.196, 109
Trd, 2591634.779, 111
Trd, 2591635.346, 101
Trd, 2591635.463, 101
Trd, 2591635.496, 102
Trd, 2591637.529, 100
Trd, 2591638.396, 100
Trd, 2591639.163, 100
Trd, 2591639.446, 100
Trd, 2591639.846, 100
Trd, 2591639.896, 100
Trd, 2591640.396, 101
Trd, 2591640.429, 100
Trd, 2591640.446, 101
Trd, 2591640.729, 101
Trd, 2591641.263, 101
Trd, 2591641.329, 102
Trd, 2591641.563, 101
Trd, 2591641.663, 100
Trd, 2591641.829, 102
Trd, 2591641.979, 101
Trd, 2591642.829, 112
Trd, 2591643.346, 102
Trd, 2591643.363, 101
Trd, 2591643.646, 108
Trd, 2591643.846, 115
Trd, 2591644.763, 150
Trd, 2591644.813, 150
Trd, 2591644.829, 104
Trd, 2591646.013, 103
Trd, 2591646.329, 106
Trd, 2591646.663, 107
Trd, 2591646.946, 149
Trd, 2591647.329, 124
Trd, 2591647.679, 124
Trd, 2591648.613, 150
Trd, 2591649.329, 150
Trd, 2591650.063, 150
Trd, 2591651.229, 150
Trd, 2591651.446, 150
Trd, 2591651.829, 150
Trd, 2591652.296, 150
Trd, 2591652.429, 150
Trd, 2591652.479, 150
Trd, 2591652.496, 150
Trd, 2591652.729, 150
Trd, 2591652.813, 149
Trd, 2591652.863, 150
Trd, 2591653.029, 149
Trd, 2591653.079, 149
Trd, 2591653.246, 150
Trd, 2591653.279, 150
Trd, 2591653.896, 150
Trd, 2591653.929, 150
Trd, 2591654.029, 150
Trd, 2591654.313, 150
Trd, 2591654.463, 137
Trd, 2591656.046, 150
Trd, 2591656.446, 148
Trd, 2591656.463, 147
Trd, 2591656.796, 149
Trd, 2591657.263, 120
Trd, 2591657.396, 147
Trd, 2591657.796, 100
Trd, 2591658.396, 100
Trd, 2591658.813, 100
Trd, 2591659.113, 100
Trd, 2591659.179, 100
Trd, 2591659.246, 102
Trd, 2591660.329, 100
Trd, 2591661.213, 100
Trd, 2591661.313, 100
Trd, 2591661.479, 100
Trd, 2591661.996, 100
Trd, 2591662.079, 100
Trd, 2591662.213, 101
Trd, 2591662.996, 100
Trd, 2591663.679, 100
Trd, 2591663.913, 100
Trd, 2591664.063, 100
Trd, 2591664.296, 100
Trd, 2591664.463, 100
Trd, 2591664.846, 100
Trd, 2591664.879, 101
Trd, 2591665.629, 103
Trd, 2591665.696, 108
Trd, 2591665.863, 146
Trd, 2591666.163, 150
Trd, 2591666.729, 150
Trd, 2591667.063, 150
Trd, 2591667.129, 150
Trd, 2591667.563, 150
Trd, 2591667.963, 150
Trd, 2591668.379, 148
Trd, 2591668.396, 131
Trd, 2591669.813, 150
Trd, 2591670.413, 150
Trd, 2591670.813, 150
Trd, 2591671.279, 150
Trd, 2591671.763, 150
Trd, 2591671.829, 150
Trd, 2591672.296, 150
Trd, 2591672.946, 150
Trd, 2591673.296, 150
Trd, 2591673.413, 150
Trd, 2591674.279, 150
Trd, 2591674.579, 150
Trd, 2591674.779, 150
Trd, 2591674.979, 150
Trd, 2591675.129, 150
Trd, 2591675.329, 149
Trd, 2591675.846, 116
Trd, 2591676.296, 103
Trd, 2591676.363, 104
Trd, 2591676.713, 101
Trd, 2591677.146, 100
Trd, 2591677.946, 100
Trd, 2591678.529, 100
Trd, 2591678.596, 100
Trd, 2591678.629, 100
Trd, 2591678.879, 100
Trd, 2591679.079, 100
Trd, 2591679.196, 100
Trd, 2591679.446, 100
Trd, 2591679.713, 103
Trd, 2591679.796, 103
Trd, 2591679.963, 104
Trd, 2591680.046, 104
Trd, 2591680.063, 107
Trd, 2591681.179, 102
Trd, 2591681.346, 103
Trd, 2591681.779, 100
Trd, 2591682.513, 100
Trd, 2591683.879, 100
Trd, 2591685.129, 100
Trd, 2591685.963, 100
Trd, 2591686.729, 100
Trd, 2591687.046, 100
Trd, 2591688.213, 100
Trd, 2591689.463, 100
Trd, 2591689.546, 100
Trd, 2591689.796, 100
Trd, 2591690.313, 100
Trd, 2591691.079, 100
Trd, 2591691.113, 100
Trd, 2591691.163, 100
Trd, 2591691.213, 100
Trd, 2591691.279, 100
Trd, 2591691.329, 100
Trd, 2591691.396, 100
Trd, 2591691.713, 101
Trd, 2591691.979, 100
Trd, 2591692.313, 100
Trd, 2591692.463, 100
Trd, 2591692.729, 102
Trd, 2591692.796, 100
Trd, 2591693.129, 100
Trd, 2591693.329, 101
Trd, 2591693.479, 102
Trd, 2591693.613, 102
Trd, 2591693.646, 103
Trd, 2591693.663, 101
Trd, 2591693.746, 102
Trd, 2591694.379, 103
Trd, 2591694.779, 101
Trd, 2591695.129, 102
Trd, 2591695.896, 105
Trd, 2591695.979, 103
Trd, 2591696.129, 101
Trd, 2591696.246, 107
Trd, 2591696.263, 108
Trd, 2591698.296, 100
Trd, 2591699.263, 100
Trd, 2591699.413, 100
Trd, 2591701.046, 100
Trd, 2591701.363, 100
Trd, 2591701.446, 100
Trd, 2591701.796, 100
Trd, 2591703.363, 100
Trd, 2591703.413, 100
Trd, 2591703.429, 100
Trd, 2591703.513, 101
Trd, 2591703.579, 101
Trd, 2591703.596, 100
Trd, 2591703.863, 101
Trd, 2591704.263, 102
Trd, 2591704.313, 103
Trd, 2591704.663, 106
Trd, 2591704.763, 105
Trd, 2591704.779, 111
Trd, 2591704.796, 103
Trd, 2591704.896, 110
Trd, 2591705.046, 101
Trd, 2591705.279, 102
Trd, 2591705.496, 101
Trd, 2591705.779, 105
Trd, 2591706.213, 101
Trd, 2591706.313, 102
Trd, 2591706.796, 115
Trd, 2591708.063, 108
Trd, 2591708.596, 147
Trd, 2591708.913, 111
Trd, 2591710.313, 150
Trd, 2591711.296, 150
Trd, 2591711.329, 150
Trd, 2591711.563, 150
Trd, 2591711.996, 150
Trd, 2591712.063, 150
Trd, 2591712.829, 150
Trd, 2591713.879, 150
Trd, 2591714.579, 150
Trd, 2591715.763, 150
Trd, 2591715.813, 150
Trd, 2591716.063, 150
Trd, 2591716.146, 150
Trd, 2591716.546, 150
Trd, 2591717.063, 150
Trd, 2591717.196, 150
Trd, 2591717.379, 150
Trd, 2591717.696, 150
Trd, 2591718.146, 150
Trd, 2591718.713, 150
Trd, 2591719.013, 150
Trd, 2591720.679, 150
Trd, 2591720.946, 150
Trd, 2591722.113, 150
Trd, 2591722.213, 150
Trd, 2591722.246, 150
Trd, 2591722.779, 150
Trd, 2591722.813, 150
Trd, 2591722.879, 150
Trd, 2591723.029, 150
Trd, 2591723.063, 150
Trd, 2591723.179, 150
Trd, 2591723.329, 150
Trd, 2591723.529, 150
Trd, 2591723.596, 150
Trd, 2591723.613, 150
Trd, 2591723.646, 150
Trd, 2591723.813, 150
Trd, 2591723.829, 149
Trd, 2591723.863, 131
Trd, 2591724.513, 122
Trd, 2591726.196, 150
Trd, 2591728.213, 150
Trd, 2591729.096, 150
Trd, 2591729.246, 150
Trd, 2591729.679, 150
Trd, 2591730.146, 150
Trd, 2591730.763, 150
Trd, 2591731.579, 150
Trd, 2591731.879, 150
Trd, 2591732.029, 150
Trd, 2591732.729, 150
Trd, 2591732.813, 150
Trd, 2591733.579, 150
Trd, 2591734.013, 150
Trd, 2591735.146, 150
Trd, 2591735.513, 150
Trd, 2591735.813, 150
Trd, 2591737.029, 150
Trd, 2591737.079, 150
Trd, 2591737.296, 150
Trd, 2591737.363, 150
Trd, 2591737.379, 150
Trd, 2591737.479, 150
Trd, 2591737.596, 150
Trd, 2591737.879, 150
Trd, 2591737.896, 150
Trd, 2591737.996, 150
Trd, 2591738.013, 150
Trd, 2591738.079, 150
Trd, 2591738.463, 150
Trd, 2591738.696, 150
Trd, 2591738.713, 150
Trd, 2591739.179, 150
Trd, 2591740.113, 150
Trd, 2591740.179, 150
Trd, 2591740.879, 150
Trd, 2591741.563, 150
Trd, 2591741.613, 150
Trd, 2591741.813, 150
Trd, 2591742.079, 150
Trd, 2591742.363, 149
Trd, 2591742.513, 149
Trd, 2591743.146, 150
Trd, 2591743.313, 150
Trd, 2591743.363, 148
Trd, 2591744.246, 148
Trd, 2591745.279, 150
Trd, 2591746.129, 150
Trd, 2591746.263, 150
Trd, 2591747.279, 150
Trd, 2591747.296, 150
Trd, 2591747.829, 150
Trd, 2591747.946, 150
Trd, 2591748.046, 150
Trd, 2591748.713, 149
Trd, 2591749.096, 150
Trd, 2591749.313, 149
Trd, 2591749.446, 142
Trd, 2591749.796, 138
Trd, 2591751.613, 150
Trd, 2591751.696, 150
Trd, 2591751.746, 150
Trd, 2591751.913, 149
Trd, 2591752.763, 140
Trd, 2591752.913, 138
Trd, 2591752.979, 146
Trd, 2591753.213, 146
Trd, 2591753.329, 147
Trd, 2591753.546, 146
Trd, 2591753.729, 149
Trd, 2591754.513, 141
Trd, 2591754.879, 146
Trd, 2591755.146, 145
Trd, 2591755.379, 146
Trd, 2591755.479, 147
Trd, 2591755.879, 146
Trd, 2591755.896, 145
Trd, 2591756.196, 147
Trd, 2591757.113, 150
Trd, 2591757.196, 150
Trd, 2591757.329, 150
Trd, 2591757.846, 150
Trd, 2591757.963, 150
Trd, 2591758.229, 150
Trd, 2591758.663, 150
Trd, 2591759.729, 150
Trd, 2591759.929, 150
Trd, 2591759.963, 148
Trd, 2591759.996, 131
Trd, 2591761.063, 100
Trd, 2591761.246, 100
Trd, 2591761.363, 100
Trd, 2591762.179, 100
Trd, 2591762.346, 100
Trd, 2591762.913, 100
Trd, 2591763.096, 100
Trd, 2591763.546, 100
Trd, 2591763.663, 100
Trd, 2591763.929, 100
Trd, 2591764.246, 100
Trd, 2591764.979, 100
Trd, 2591765.429, 100
Trd, 2591765.496, 101
Trd, 2591765.679, 100
Trd, 2591765.813, 100
Trd, 2591765.996, 100
Trd, 2591766.013, 100
Trd, 2591766.563, 100
Trd, 2591766.596, 100
Trd, 2591767.013, 101
Trd, 2591767.329, 101
Trd, 2591767.413, 103
Trd, 2591767.796, 101
Trd, 2591767.846, 103
Trd, 2591768.063, 100
Trd, 2591769.996, 100
Trd, 2591770.746, 100
Trd, 2591770.863, 100
Trd, 2591771.146, 100
Trd, 2591774.346, 100
Trd, 2591774.463, 100
Trd, 2591775.179, 100
Trd, 2591775.496, 100
Trd, 2591775.513, 100
Trd, 2591775.563, 100
Trd, 2591775.679, 101
Trd, 2591775.729, 100
Trd, 2591775.913, 104
Trd, 2591776.146, 107
Trd, 2591776.313, 101
Trd, 2591776.596, 102
Trd, 2591777.013, 107
Trd, 2591777.196, 106
Trd, 2591777.463, 106
Trd, 2591777.546, 105
Trd, 2591778.663, 100
Trd, 2591779.229, 100
Trd, 2591779.429, 100
Trd, 2591779.896, 100
Trd, 2591780.046, 102
Trd, 2591780.113, 103
Trd, 2591780.129, 104
Trd, 2591780.513, 142
Trd, 2591781.096, 150
Trd, 2591781.263, 150
Trd, 2591781.296, 150
Trd, 2591782.229, 121
Trd, 2591782.646, 138
Trd, 2591782.913, 112
Trd, 2591783.163, 150
Trd, 2591783.896, 102
Trd, 2591783.963, 100
Trd, 2591784.296, 102
Trd, 2591784.463, 102
Trd, 2591784.546, 103
Trd, 2591786.663, 100
Trd, 2591786.846, 100
Trd, 2591788.479, 100
Trd, 2591788.763, 100
Trd, 2591789.463, 100
Trd, 2591789.613, 100
Trd, 2591789.696, 100
Trd, 2591789.813, 100
Trd, 2591790.179, 100
Trd, 2591790.196, 100
Trd, 2591790.263, 100
Trd, 2591790.296, 100
Trd, 2591790.896, 100
Trd, 2591791.179, 100
Trd, 2591791.379, 100
Trd, 2591791.513, 100
Trd, 2591791.863, 100
Trd, 2591791.946, 100
Trd, 2591791.979, 100
Trd, 2591792.479, 100
Trd, 2591792.546, 101
Trd, 2591792.779, 100
Trd, 2591792.829, 100
Trd, 2591793.313, 100
Trd, 2591794.129, 103
Trd, 2591794.196, 100
Trd, 2591794.563, 102
Trd, 2591794.979, 101
Trd, 2591795.346, 101
Trd, 2591795.913, 100
Trd, 2591796.196, 100
Trd, 2591796.746, 100
Trd, 2591796.913, 101
Trd, 2591797.363, 100
Trd, 2591800.129, 100
Trd, 2591800.313, 100
Trd, 2591800.513, 100
Trd, 2591800.779, 100
Trd, 2591800.963, 101
Trd, 2591801.046, 100
Trd, 2591801.513, 101
Trd, 2591801.563, 102
Trd, 2591801.646, 103
Trd, 2591801.713, 102
Trd, 2591801.963, 101
Trd, 2591802.113, 101
Trd, 2591802.263, 101
Trd, 2591802.513, 101
Trd, 2591802.563, 102
Trd, 2591802.663, 100
Trd, 2591802.896, 101
Trd, 2591803.463, 102
Trd, 2591803.513, 102
Trd, 2591803.663, 101
Trd, 2591803.829, 103
Trd, 2591804.113, 101
Trd, 2591804.429, 103
Trd, 2591805.596, 100
Trd, 2591806.529, 100
Trd, 2591806.746, 101
Trd, 2591806.963, 102
Trd, 2591807.013, 101
Trd, 2591807.063, 100
Trd, 2591807.163, 101
Trd, 2591807.513, 102
Trd, 2591807.746, 103
Trd, 2591807.779, 104
Trd, 2591807.913, 102
Trd, 2591808.529, 104
Trd, 2591810.129, 150
Trd, 2591810.763, 150
Trd, 2591810.779, 150
Trd, 2591811.213, 150
Trd, 2591812.379, 150
Trd, 2591812.413, 150
Trd, 2591812.863, 150
Trd, 2591812.913, 149
Trd, 2591813.663, 150
Trd, 2591813.813, 150
Trd, 2591814.763, 150
Trd, 2591814.796, 150
Trd, 2591816.596, 150
Trd, 2591817.046, 150
Trd, 2591817.279, 150
Trd, 2591817.563, 150
Trd, 2591817.596, 150
Trd, 2591818.046, 150
Trd, 2591818.513, 150
Trd, 2591818.546, 150
Trd, 2591818.663, 150
Trd, 2591818.763, 150
Trd, 2591820.363, 150
Trd, 2591820.613, 150
Trd, 2591820.796, 150
Trd, 2591820.879, 150
Trd, 2591821.063, 149
Trd, 2591821.413, 148
Trd, 2591821.846, 148
Trd, 2591822.046, 149
Trd, 2591822.713, 150
Trd, 2591822.779, 150
Trd, 2591823.513, 150
Trd, 2591823.663, 150
Trd, 2591823.996, 150
Trd, 2591824.313, 150
Trd, 2591824.346, 149
Trd, 2591824.479, 149
Trd, 2591824.513, 150
Trd, 2591824.796, 149
Trd, 2591824.913, 147
Trd, 2591825.629, 139
Trd, 2591826.396, 123
Trd, 2591826.713, 115
Trd, 2591827.129, 150
Trd, 2591827.996, 150
Trd, 2591828.929, 150
Trd, 2591829.246, 150
Trd, 2591830.263, 150
Trd, 2591830.396, 150
Trd, 2591830.996, 150
Trd, 2591831.479, 150
Trd, 2591831.613, 150
Trd, 2591831.779, 150
Trd, 2591832.029, 150
Trd, 2591832.179, 150
Trd, 2591833.063, 150
Trd, 2591833.279, 150
Trd, 2591833.313, 150
Trd, 2591833.346, 150
Trd, 2591833.413, 150
Trd, 2591833.513, 149
Trd, 2591833.613, 149
Trd, 2591834.363, 140
Trd, 2591834.446, 139
Trd, 2591835.029, 140
Trd, 2591835.163, 139
Trd, 2591835.213, 140
Trd, 2591835.813, 137
Trd, 2591836.029, 138
Trd, 2591836.313, 131
Trd, 2591838.846, 100
Trd, 2591840.296, 100
Trd, 2591840.563, 100
Trd, 2591840.679, 100
Trd, 2591840.696, 100
Trd, 2591840.829, 102
Trd, 2591841.029, 101
Trd, 2591841.096, 102
Trd, 2591841.146, 102
Trd, 2591841.263, 103
Trd, 2591841.296, 101
Trd, 2591841.446, 100
Trd, 2591841.663, 101
Trd, 2591841.963, 102
Trd, 2591842.146, 103
Trd, 2591842.163, 102
Trd, 2591842.313, 103
Trd, 2591842.863, 100
Trd, 2591843.263, 100
Trd, 2591843.479, 100
Trd, 2591843.513, 100
Trd, 2591844.513, 100
Trd, 2591844.596, 103
Trd, 2591845.229, 100
Trd, 2591846.996, 100
Trd, 2591847.029, 100
Trd, 2591847.313, 100
Trd, 2591847.729, 100
Trd, 2591849.346, 100
Trd, 2591849.796, 100
Trd, 2591849.946, 100
Trd, 2591850.713, 100
Trd, 2591850.929, 100
Trd, 2591851.213, 100
Trd, 2591851.596, 100
Trd, 2591851.646, 101
Trd, 2591851.846, 101
Trd, 2591851.913, 100
Trd, 2591852.079, 100
Trd, 2591852.146, 100
Trd, 2591852.346, 101
Trd, 2591852.379, 100
Trd, 2591853.296, 100
Trd, 2591853.363, 100
Trd, 2591853.629, 100
Trd, 2591853.829, 100
Trd, 2591854.013, 101
Trd, 2591854.196, 102
Trd, 2591854.246, 103
Trd, 2591854.263, 102
Trd, 2591854.496, 103
Trd, 2591854.846, 103
Trd, 2591855.363, 104
Trd, 2591855.479, 101
Trd, 2591855.529, 105
Trd, 2591856.079, 150
Trd, 2591856.179, 101
Trd, 2591857.263, 148
Trd, 2591857.696, 150
Trd, 2591858.213, 150
Trd, 2591859.679, 150
Trd, 2591859.896, 150
Trd, 2591859.963, 150
Trd, 2591860.013, 150
Trd, 2591860.713, 150
Trd, 2591861.013, 150
Trd, 2591861.346, 150
Trd, 2591861.413, 150
Trd, 2591861.446, 150
Trd, 2591861.779, 150
Trd, 2591861.863, 150
Trd, 2591862.329, 149
Trd, 2591862.629, 149
Trd, 2591862.663, 131
Trd, 2591862.796, 112
Trd, 2591863.213, 147
Trd, 2591864.396, 100
Trd, 2591864.696, 101
Trd, 2591865.546, 100
Trd, 2591865.663, 100
Trd, 2591866.263, 100
Trd, 2591867.913, 100
Trd, 2591868.246, 100
Trd, 2591868.979, 100
Trd, 2591869.263, 100
Trd, 2591869.379, 100
Trd, 2591869.429, 100
Trd, 2591869.596, 100
Trd, 2591869.629, 100
Trd, 2591869.963, 100
Trd, 2591870.179, 101
Trd, 2591870.296, 101
Trd, 2591870.613, 101
Trd, 2591871.113, 100
Trd, 2591871.396, 100
Trd, 2591871.496, 101
Trd, 2591871.863, 101
Trd, 2591871.963, 100
Trd, 2591872.346, 102
Trd, 2591872.679, 100
Trd, 2591872.946, 100
Trd, 2591873.296, 100
Trd, 2591873.429, 101
Trd, 2591873.463, 101
Trd, 2591873.613, 105
Trd, 2591873.796, 100
Trd, 2591874.463, 102
Trd, 2591874.696, 101
Trd, 2591874.863, 103
Trd, 2591874.963, 107
Trd, 2591875.213, 102
Trd, 2591875.363, 104
Trd, 2591876.229, 129
Trd, 2591876.446, 145
Trd, 2591876.579, 129
Trd, 2591879.146, 150
Trd, 2591879.479, 150
Trd, 2591879.679, 150
Trd, 2591879.829, 150
Trd, 2591879.896, 149
Trd, 2591880.029, 148
Trd, 2591880.496, 126
Trd, 2591882.613, 150
Trd, 2591883.629, 150
Trd, 2591883.879, 150
Trd, 2591883.896, 150
Trd, 2591884.146, 150
Trd, 2591884.179, 150
Trd, 2591884.196, 150
Trd, 2591884.329, 149
Trd, 2591884.779, 135
Trd, 2591884.846, 146
Trd, 2591885.146, 133
Trd, 2591885.896, 143
Trd, 2591885.963, 144
Trd, 2591885.979, 125
Trd, 2591886.379, 142
Trd, 2591886.813, 124
Trd, 2591887.363, 117
Trd, 2591888.029, 135
Trd, 2591888.613, 133
Trd, 2591888.979, 134
Trd, 2591889.929, 101
Trd, 2591890.229, 102
Trd, 2591890.279, 100
Trd, 2591890.563, 105
Trd, 2591891.196, 133
Trd, 2591891.463, 133
Trd, 2591891.679, 119
Trd, 2591892.279, 100
Trd, 2591892.379, 100
Trd, 2591892.429, 101
Trd, 2591892.479, 100
Trd, 2591892.563, 101
Trd, 2591892.729, 100
Trd, 2591893.063, 103
Trd, 2591893.146, 102
Trd, 2591893.679, 103
Trd, 2591893.713, 103
Trd, 2591894.063, 150
Trd, 2591894.296, 150
Trd, 2591894.446, 149
Trd, 2591894.879, 149
Trd, 2591895.296, 150
Trd, 2591895.363, 150
Trd, 2591895.929, 150
Trd, 2591895.979, 149
Trd, 2591896.563, 150
Trd, 2591897.613, 150
Trd, 2591898.196, 150
Trd, 2591898.679, 150
Trd, 2591898.846, 150
Trd, 2591899.763, 150
Trd, 2591900.529, 150
Trd, 2591900.813, 150
Trd, 2591901.146, 150
Trd, 2591901.196, 150
Trd, 2591901.246, 150
Trd, 2591901.479, 150
Trd, 2591901.929, 150
Trd, 2591902.063, 150
Trd, 2591902.563, 150
Trd, 2591903.313, 150
Trd, 2591903.713, 150
Trd, 2591904.229, 150
Trd, 2591904.379, 150
Trd, 2591904.463, 150
Trd, 2591904.529, 150
Trd, 2591904.679, 149
Trd, 2591904.946, 148
Trd, 2591904.979, 132
Trd, 2591905.846, 130
Trd, 2591905.913, 103
Trd, 2591905.996, 143
Trd, 2591907.663, 100
Trd, 2591909.046, 100
Trd, 2591909.363, 100
Trd, 2591909.879, 100
Trd, 2591911.446, 100
Trd, 2591911.829, 100
Trd, 2591912.179, 100
Trd, 2591912.313, 100
Trd, 2591912.363, 100
Trd, 2591912.529, 100
Trd, 2591912.563, 100
Trd, 2591912.613, 100
Trd, 2591912.713, 100
Trd, 2591912.746, 100
Trd, 2591912.963, 100
Trd, 2591913.046, 100
Trd, 2591913.129, 100
Trd, 2591913.213, 100
Trd, 2591913.396, 101
Trd, 2591913.496, 100
Trd, 2591913.863, 104
Trd, 2591914.113, 104
Trd, 2591914.229, 108
Trd, 2591914.346, 102
Trd, 2591914.763, 148
Trd, 2591914.879, 102
Trd, 2591915.029, 103
Trd, 2591916.196, 100
Trd, 2591916.513, 100
Trd, 2591917.646, 100
Trd, 2591917.713, 100
Trd, 2591917.763, 100
Trd, 2591917.829, 100
Trd, 2591917.963, 100
Trd, 2591918.229, 100
Trd, 2591918.463, 100
Trd, 2591919.163, 100
Trd, 2591919.396, 100
Trd, 2591919.413, 100
Trd, 2591919.546, 101
Trd, 2591920.296, 101
Trd, 2591920.663, 101
Trd, 2591920.846, 102
Trd, 2591921.213, 102
Trd, 2591921.263, 102
Trd, 2591921.479, 102
Trd, 2591922.096, 103
Trd, 2591922.179, 102
Trd, 2591922.996, 150
Trd, 2591923.696, 150
Trd, 2591923.829, 149
Trd, 2591924.029, 146
Trd, 2591924.646, 100
Trd, 2591924.979, 101
Trd, 2591925.613, 100
Trd, 2591926.829, 100
Trd, 2591927.163, 100
Trd, 2591927.446, 100
Trd, 2591927.579, 100
Trd, 2591928.463, 100
Trd, 2591928.513, 100
Trd, 2591928.813, 101
Trd, 2591928.896, 102
Trd, 2591929.179, 106
Trd, 2591929.196, 105
Trd, 2591929.213, 104
Trd, 2591929.546, 106
Trd, 2591929.729, 107
Trd, 2591930.013, 105
Trd, 2591930.229, 103
Trd, 2591930.579, 106
Trd, 2591931.113, 104
Trd, 2591931.313, 103
Trd, 2591932.213, 150
Trd, 2591932.529, 150
Trd, 2591933.213, 150
Trd, 2591933.313, 149
Trd, 2591933.646, 150
Trd, 2591934.463, 150
Trd, 2591934.596, 150
Trd, 2591934.996, 150
Trd, 2591935.746, 150
Trd, 2591936.246, 150
Trd, 2591936.346, 150
Trd, 2591937.329, 150
Trd, 2591937.496, 150
Trd, 2591937.629, 150
Trd, 2591939.179, 150
Trd, 2591939.246, 150
Trd, 2591939.546, 150
Trd, 2591939.646, 150
Trd, 2591939.863, 150
Trd, 2591939.896, 150
Trd, 2591940.779, 150
Trd, 2591940.929, 150
Trd, 2591941.296, 150
Trd, 2591941.729, 150
Trd, 2591942.213, 150
Trd, 2591942.529, 150
Trd, 2591943.329, 150
Trd, 2591943.379, 150
Trd, 2591943.663, 150
Trd, 2591943.879, 150
Trd, 2591943.896, 150
Trd, 2591944.446, 150
Trd, 2591944.563, 150
Trd, 2591946.396, 150
Trd, 2591946.546, 150
Trd, 2591947.346, 150
Trd, 2591948.113, 150
Trd, 2591948.129, 150
Trd, 2591948.246, 150
Trd, 2591948.379, 150
Trd, 2591948.896, 150
Trd, 2591949.413, 150
Trd, 2591950.679, 150
Trd, 2591951.496, 150
Trd, 2591951.513, 150
Trd, 2591952.263, 150
Trd, 2591952.963, 150
Trd, 2591953.663, 150
Trd, 2591954.413, 150
Trd, 2591954.596, 150
Trd, 2591955.346, 150
Trd, 2591955.979, 150
Trd, 2591956.079, 150
Trd, 2591956.146, 150
Trd, 2591956.213, 150
Trd, 2591956.279, 150
Trd, 2591956.446, 150
Trd, 2591956.479, 150
Trd, 2591957.396, 150
Trd, 2591957.413, 150
Trd, 2591957.679, 150
Trd, 2591957.829, 150
Trd, 2591958.046, 150
Trd, 2591958.563, 150
Trd, 2591958.779, 150
Trd, 2591959.196, 150
Trd, 2591959.346, 150
Trd, 2591959.596, 150
Trd, 2591959.879, 150
Trd, 2591961.179, 150
Trd, 2591961.263, 150
Trd, 2591961.713, 150
Trd, 2591962.246, 150
Trd, 2591962.329, 150
Trd, 2591962.613, 150
Trd, 2591962.946, 149
Trd, 2591964.796, 150
Trd, 2591965.163, 150
Trd, 2591965.913, 150
Trd, 2591966.846, 150
Trd, 2591966.929, 150
Trd, 2591967.946, 150
Trd, 2591968.013, 150
Trd, 2591968.079, 150
Trd, 2591968.663, 150
Trd, 2591968.863, 150
Trd, 2591968.879, 150
Trd, 2591969.063, 150
Trd, 2591969.129, 150
Trd, 2591970.413, 150
Trd, 2591970.813, 150
Trd, 2591972.163, 150
Trd, 2591972.546, 150
Trd, 2591973.463, 150
Trd, 2591973.729, 150
Trd, 2591973.996, 150
Trd, 2591974.263, 150
Trd, 2591974.296, 150
Trd, 2591974.796, 150
Trd, 2591975.263, 150
Trd, 2591975.896, 150
Trd, 2591976.013, 150
Trd, 2591976.063, 150
Trd, 2591976.229, 150
Trd, 2591976.279, 150
Trd, 2591976.379, 150
Trd, 2591976.413, 150
Trd, 2591976.446, 150
Trd, 2591976.729, 150
Trd, 2591976.763, 150
Trd, 2591977.296, 149
Trd, 2591977.913, 150
Trd, 2591978.529, 150
Trd, 2591979.929, 150
Trd, 2591980.196, 150
Trd, 2591980.329, 150
Trd, 2591980.579, 150
Trd, 2591980.613, 150
Trd, 2591980.729, 147
Trd, 2591980.796, 138
Trd, 2591980.896, 115
Trd, 2591981.379, 147
Trd, 2591981.546, 149
Trd, 2591982.046, 150
Trd, 2591982.313, 120
Trd, 2591983.979, 150
Trd, 2591984.096, 150
Trd, 2591984.213, 150
Trd, 2591984.296, 150
Trd, 2591984.696, 150
Trd, 2591984.829, 150
Trd, 2591984.879, 150
Trd, 2591985.046, 150
Trd, 2591985.079, 133
Trd, 2591985.363, 126
Trd, 2591985.879, 150
Trd, 2591986.296, 150
Trd, 2591986.379, 150
Trd, 2591986.496, 150
Trd, 2591987.396, 149
Trd, 2591987.646, 150
Trd, 2591988.263, 142
Trd, 2591988.346, 146
Trd, 2591988.479, 130
Trd, 2591988.629, 128
Trd, 2591988.663, 124
Trd, 2591988.846, 111
Trd, 2591989.546, 100
Trd, 2591991.279, 100
Trd, 2591991.996, 100
Trd, 2591992.013, 100
Trd, 2591993.163, 100
Trd, 2591993.196, 100
Trd, 2591993.313, 100
Trd, 2591994.313, 100
Trd, 2591994.346, 100
Trd, 2591994.396, 100
Trd, 2591994.513, 100
Trd, 2591994.863, 101
Trd, 2591994.913, 101
Trd, 2591995.313, 101
Trd, 2591995.363, 102
Trd, 2591995.413, 102
Trd, 2591995.679, 103
Trd, 2591995.763, 102
Trd, 2591996.429, 102
Trd, 2591996.913, 101
Trd, 2591997.246, 103
Trd, 2591997.396, 108
Trd, 2591998.079, 101
Trd, 2591998.479, 102
Trd, 2591999.529, 150
