Trd, 2590838.729, 118
Trd, 2590838.863, 112
Trd, 2590839.213, 117
Trd, 2590839.329, 115
Trd, 2590839.729, 118
Trd, 2590839.746, 116
Trd, 2590839.946, 126
Trd, 2590840.129, 128
Trd, 2590840.429, 129
Trd, 2590840.896, 121
Trd, 2590841.729, 121
Trd, 2590842.063, 121
Trd, 2590842.279, 120
Trd, 2590842.479, 147
Trd, 2590843.013, 150
Trd, 2590843.979, 150
Trd, 2590844.263, 150
Trd, 2590844.496, 150
Trd, 2590845.879, 150
Trd, 2590845.913, 150
Trd, 2590846.329, 150
Trd, 2590846.496, 150
Trd, 2590846.546, 150
Trd, 2590846.629, 150
Trd, 2590846.863, 150
Trd, 2590847.029, 149
Trd, 2590847.246, 150
Trd, 2590848.163, 150
Trd, 2590848.313, 150
Trd, 2590848.479, 101
Trd, 2590849.413, 100
Trd, 2590849.779, 100
Trd, 2590849.796, 101
Trd, 2590850.079, 118
Trd, 2590850.346, 120
Trd, 2590850.663, 102
Trd, 2590851.113, 120
Trd, 2590851.196, 119
Trd, 2590851.879, 102
Trd, 2590851.929, 106
Trd, 2590852.829, 103
Trd, 2590853.096, 105
Trd, 2590853.213, 106
Trd, 2590853.979, 108
Trd, 2590854.096, 121
Trd, 2590854.596, 150
Trd, 2590855.363, 150
Trd, 2590855.479, 150
Trd, 2590855.963, 150
Trd, 2590856.746, 150
Trd, 2590857.029, 150
Trd, 2590857.796, 150
Trd, 2590858.063, 150
Trd, 2590858.429, 150
Trd, 2590858.596, 150
Trd, 2590859.063, 150
Trd, 2590859.446, 150
Trd, 2590860.196, 150
Trd, 2590860.229, 150
Trd, 2590860.279, 150
Trd, 2590861.596, 150
Trd, 2590861.746, 150
Trd, 2590861.846, 150
Trd, 2590862.046, 150
Trd, 2590863.129, 150
Trd, 2590863.429, 150
Trd, 2590863.479, 149
Trd, 2590863.546, 149
Trd, 2590863.596, 148
Trd, 2590863.613, 143
Trd, 2590864.046, 147
Trd, 2590864.246, 145
Trd, 2590865.579, 148
Trd, 2590865.696, 135
Trd, 2590865.813, 129
Trd, 2590866.013, 117
Trd, 2590866.063, 114
Trd, 2590867.463, 150
Trd, 2590867.863, 150
Trd, 2590868.063, 150
Trd, 2590869.063, 150
Trd, 2590869.213, 150
Trd, 2590869.296, 150
Trd, 2590869.346, 147
Trd, 2590869.546, 147
Trd, 2590869.929, 149
Trd, 2590870.029, 150
Trd, 2590870.129, 132
Trd, 2590870.546, 150
Trd, 2590870.879, 128
Trd, 2590871.829, 107
Trd, 2590872.046, 140
Trd, 2590872.363, 100
Trd, 2590873.163, 102
Trd, 2590874.396, 100
Trd, 2590874.513, 103
Trd, 2590875.229, 100
Trd, 2590875.613, 104
Trd, 2590875.813, 109
Trd, 2590875.896, 109
Trd, 2590876.496, 115
Trd, 2590876.596, 114
Trd, 2590877.063, 117
Trd, 2590877.163, 118
Trd, 2590877.513, 119
Trd, 2590877.629, 118
Trd, 2590877.846, 117
Trd, 2590878.046, 117
Trd, 2590878.329, 145
Trd, 2590878.679, 150
Trd, 2590879.646, 150
Trd, 2590879.846, 150
Trd, 2590879.963, 150
Trd, 2590880.529, 150
Trd, 2590880.796, 150
Trd, 2590881.013, 150
Trd, 2590881.046, 124
Trd, 2590881.529, 112
Trd, 2590881.563, 127
Trd, 2590881.863, 128
Trd, 2590882.113, 111
Trd, 2590882.146, 125
Trd, 2590882.363, 129
Trd, 2590882.579, 150
Trd, 2590883.646, 150
Trd, 2590884.213, 150
Trd, 2590884.429, 150
Trd, 2590884.829, 150
Trd, 2590885.113, 150
Trd, 2590886.263, 150
Trd, 2590887.229, 150
Trd, 2590887.279, 150
Trd, 2590887.613, 150
Trd, 2590887.846, 150
Trd, 2590888.163, 150
Trd, 2590888.546, 150
Trd, 2590888.896, 150
Trd, 2590888.979, 150
Trd, 2590889.046, 150
Trd, 2590889.129, 150
Trd, 2590889.329, 150
Trd, 2590889.379, 117
Trd, 2590889.929, 111
Trd, 2590891.779, 104
Trd, 2590891.979, 107
Trd, 2590892.196, 111
Trd, 2590892.263, 102
Trd, 2590892.413, 102
Trd, 2590893.629, 142
Trd, 2590893.763, 140
Trd, 2590894.096, 122
Trd, 2590894.163, 116
Trd, 2590894.663, 143
Trd, 2590895.129, 142
Trd, 2590895.496, 124
Trd, 2590895.796, 126
Trd, 2590896.296, 126
Trd, 2590897.079, 129
Trd, 2590897.763, 131
Trd, 2590897.813, 130
Trd, 2590897.879, 129
Trd, 2590897.979, 126
Trd, 2590898.429, 128
Trd, 2590898.529, 129
Trd, 2590898.546, 131
Trd, 2590899.113, 130
Trd, 2590899.446, 105
Trd, 2590899.513, 132
Trd, 2590899.863, 101
Trd, 2590900.096, 150
Trd, 2590900.396, 150
Trd, 2590900.896, 150
Trd, 2590901.146, 133
Trd, 2590902.613, 150
Trd, 2590902.696, 107
Trd, 2590903.596, 150
Trd, 2590903.696, 149
Trd, 2590904.179, 150
Trd, 2590904.263, 137
Trd, 2590904.346, 116
Trd, 2590905.379, 101
Trd, 2590905.729, 102
Trd, 2590906.146, 100
Trd, 2590907.846, 100
Trd, 2590908.213, 100
Trd, 2590908.613, 100
Trd, 2590908.629, 100
Trd, 2590908.763, 100
Trd, 2590909.013, 100
Trd, 2590909.063, 100
Trd, 2590909.113, 100
Trd, 2590909.313, 100
Trd, 2590909.479, 101
Trd, 2590909.729, 101
Trd, 2590909.846, 101
Trd, 2590910.146, 103
Trd, 2590910.179, 102
Trd, 2590910.529, 105
Trd, 2590910.563, 107
Trd, 2590910.779, 105
Trd, 2590910.996, 107
Trd, 2590911.746, 142
Trd, 2590911.929, 128
Trd, 2590912.413, 148
Trd, 2590913.046, 149
Trd, 2590913.963, 150
Trd, 2590914.729, 150
Trd, 2590914.896, 150
Trd, 2590914.963, 150
Trd, 2590915.029, 150
Trd, 2590915.313, 150
Trd, 2590915.596, 150
Trd, 2590917.046, 150
Trd, 2590917.346, 150
Trd, 2590917.729, 150
Trd, 2590917.763, 150
Trd, 2590918.646, 150
Trd, 2590918.713, 150
Trd, 2590918.879, 150
Trd, 2590918.996, 150
Trd, 2590919.446, 146
Trd, 2590920.246, 146
Trd, 2590920.296, 145
Trd, 2590920.796, 132
Trd, 2590921.663, 146
Trd, 2590921.779, 117
Trd, 2590921.946, 117
Trd, 2590921.979, 149
Trd, 2590922.829, 119
Trd, 2590922.979, 117
Trd, 2590923.046, 108
Trd, 2590923.979, 122
Trd, 2590924.446, 148
Trd, 2590924.779, 100
Trd, 2590926.063, 100
Trd, 2590926.096, 100
Trd, 2590926.929, 100
Trd, 2590927.479, 100
Trd, 2590927.879, 100
Trd, 2590928.329, 100
Trd, 2590928.363, 100
Trd, 2590928.563, 100
Trd, 2590928.979, 101
Trd, 2590929.046, 102
Trd, 2590929.429, 103
Trd, 2590930.529, 112
Trd, 2590930.563, 109
Trd, 2590930.579, 108
Trd, 2590930.746, 112
Trd, 2590930.946, 115
Trd, 2590931.096, 111
Trd, 2590931.413, 115
Trd, 2590931.863, 118
Trd, 2590932.013, 117
Trd, 2590932.346, 117
Trd, 2590932.879, 132
Trd, 2590932.996, 140
Trd, 2590933.163, 118
Trd, 2590933.529, 148
Trd, 2590933.646, 119
Trd, 2590934.063, 121
Trd, 2590936.029, 127
Trd, 2590936.046, 126
Trd, 2590936.329, 126
Trd, 2590937.029, 138
Trd, 2590937.079, 136
Trd, 2590937.129, 141
Trd, 2590937.746, 150
Trd, 2590938.396, 150
Trd, 2590939.113, 137
Trd, 2590939.663, 150
Trd, 2590940.213, 150
Trd, 2590940.696, 150
Trd, 2590940.796, 150
Trd, 2590940.896, 150
Trd, 2590941.079, 150
Trd, 2590941.296, 150
Trd, 2590941.429, 150
Trd, 2590941.496, 149
Trd, 2590941.529, 146
Trd, 2590942.979, 150
Trd, 2590943.196, 150
Trd, 2590943.246, 150
Trd, 2590943.479, 150
Trd, 2590943.796, 150
Trd, 2590943.879, 150
Trd, 2590944.029, 150
Trd, 2590944.179, 138
Trd, 2590944.679, 137
Trd, 2590944.963, 129
Trd, 2590945.896, 101
Trd, 2590946.546, 100
Trd, 2590946.563, 100
Trd, 2590946.596, 100
Trd, 2590946.946, 100
Trd, 2590947.113, 101
Trd, 2590947.129, 102
Trd, 2590947.546, 101
Trd, 2590947.963, 101
Trd, 2590948.129, 101
Trd, 2590948.296, 105
Trd, 2590950.363, 150
Trd, 2590950.929, 150
Trd, 2590951.179, 150
Trd, 2590951.313, 150
Trd, 2590952.279, 150
Trd, 2590952.313, 150
Trd, 2590952.463, 150
Trd, 2590953.729, 150
Trd, 2590953.913, 150
Trd, 2590953.979, 150
Trd, 2590954.329, 150
Trd, 2590954.479, 150
Trd, 2590955.013, 150
Trd, 2590955.146, 150
Trd, 2590956.863, 150
Trd, 2590957.563, 150
Trd, 2590957.613, 150
Trd, 2590957.779, 150
Trd, 2590958.246, 150
Trd, 2590959.863, 150
Trd, 2590960.196, 150
Trd, 2590960.363, 150
Trd, 2590960.513, 150
Trd, 2590960.746, 150
Trd, 2590960.813, 150
Trd, 2590960.979, 146
Trd, 2590961.396, 126
Trd, 2590961.679, 148
Trd, 2590961.779, 150
Trd, 2590961.929, 137
Trd, 2590962.279, 126
Trd, 2590962.813, 132
Trd, 2590963.096, 140
Trd, 2590963.729, 137
Trd, 2590964.096, 139
Trd, 2590964.246, 141
Trd, 2590964.829, 143
Trd, 2590965.213, 150
Trd, 2590965.513, 145
Trd, 2590965.563, 143
Trd, 2590966.279, 150
Trd, 2590966.879, 150
Trd, 2590967.213, 150
Trd, 2590967.563, 150
Trd, 2590967.663, 149
Trd, 2590967.929, 144
Trd, 2590968.696, 141
Trd, 2590969.996, 150
Trd, 2590970.496, 150
Trd, 2590971.146, 150
Trd, 2590972.163, 150
Trd, 2590972.179, 150
Trd, 2590972.529, 150
Trd, 2590973.063, 150
Trd, 2590973.229, 150
Trd, 2590973.463, 150
Trd, 2590973.613, 150
Trd, 2590973.746, 150
Trd, 2590973.796, 150
Trd, 2590973.929, 150
Trd, 2590974.113, 150
Trd, 2590974.796, 145
Trd, 2590974.813, 139
Trd, 2590975.479, 101
Trd, 2590975.496, 102
Trd, 2590975.629, 111
Trd, 2590976.629, 150
Trd, 2590976.879, 150
Trd, 2590977.146, 150
Trd, 2590977.429, 150
Trd, 2590979.346, 150
Trd, 2590979.579, 150
Trd, 2590980.229, 150
Trd, 2590980.296, 150
Trd, 2590980.996, 150
Trd, 2590981.013, 150
Trd, 2590981.046, 150
Trd, 2590982.379, 150
Trd, 2590982.563, 150
Trd, 2590982.796, 150
Trd, 2590983.613, 150
Trd, 2590984.379, 150
Trd, 2590984.479, 150
Trd, 2590984.746, 150
Trd, 2590984.796, 150
Trd, 2590984.963, 150
Trd, 2590985.413, 150
Trd, 2590985.646, 150
Trd, 2590985.663, 150
Trd, 2590985.846, 150
Trd, 2590985.929, 149
Trd, 2590986.013, 130
Trd, 2590986.279, 125
Trd, 2590986.729, 147
Trd, 2590987.163, 150
Trd, 2590988.063, 120
Trd, 2590988.279, 150
Trd, 2590988.529, 118
Trd, 2590988.813, 150
Trd, 2590989.529, 148
Trd, 2590989.813, 116
Trd, 2590990.413, 119
Trd, 2590990.446, 136
Trd, 2590990.463, 118
Trd, 2590991.079, 115
Trd, 2590991.329, 103
Trd, 2590992.429, 139
Trd, 2590992.563, 140
Trd, 2590993.529, 100
Trd, 2590994.179, 100
Trd, 2590994.663, 101
Trd, 2590994.946, 103
Trd, 2590996.163, 101
Trd, 2590996.913, 102
Trd, 2590997.013, 102
Trd, 2590997.063, 101
Trd, 2590997.663, 103
Trd, 2590997.713, 104
Trd, 2590998.079, 104
Trd, 2590998.396, 105
Trd, 2590998.813, 107
Trd, 2590998.829, 106
Trd, 2590998.913, 104
Trd, 2590999.379, 112
Trd, 2591000.196, 102
Trd, 2591000.263, 113
Trd, 2591000.446, 109
Trd, 2591000.679, 126
Trd, 2591001.429, 128
Trd, 2591001.496, 127
Trd, 2591001.846, 133
Trd, 2591001.896, 127
Trd, 2591002.146, 126
Trd, 2591002.579, 113
Trd, 2591002.646, 134
Trd, 2591003.029, 150
Trd, 2591003.913, 150
Trd, 2591003.963, 150
Trd, 2591004.046, 150
Trd, 2591004.113, 148
Trd, 2591004.213, 135
Trd, 2591004.379, 127
Trd, 2591004.929, 102
Trd, 2591005.263, 103
Trd, 2591005.379, 102
Trd, 2591005.813, 102
Trd, 2591006.113, 102
Trd, 2591006.496, 107
Trd, 2591007.346, 109
Trd, 2591008.063, 101
Trd, 2591008.746, 140
Trd, 2591009.279, 146
Trd, 2591009.579, 149
Trd, 2591009.813, 147
Trd, 2591010.179, 150
Trd, 2591010.496, 150
Trd, 2591010.629, 148
Trd, 2591010.763, 150
Trd, 2591010.779, 147
Trd, 2591011.096, 143
Trd, 2591011.213, 142
Trd, 2591011.229, 140
Trd, 2591011.763, 103
Trd, 2591012.246, 102
Trd, 2591012.279, 104
Trd, 2591012.663, 100
Trd, 2591013.179, 101
Trd, 2591013.629, 148
Trd, 2591013.663, 116
Trd, 2591013.979, 100
Trd, 2591014.329, 102
Trd, 2591014.863, 100
Trd, 2591015.246, 100
Trd, 2591015.346, 101
Trd, 2591016.563, 103
Trd, 2591016.813, 106
Trd, 2591018.363, 150
Trd, 2591018.396, 150
Trd, 2591018.646, 150
Trd, 2591018.846, 150
Trd, 2591019.013, 150
Trd, 2591019.079, 150
Trd, 2591019.663, 150
Trd, 2591021.446, 150
Trd, 2591021.579, 150
Trd, 2591022.446, 150
Trd, 2591022.796, 150
Trd, 2591023.063, 150
Trd, 2591023.096, 150
Trd, 2591023.146, 150
Trd, 2591023.979, 150
Trd, 2591024.579, 150
Trd, 2591024.879, 150
Trd, 2591025.346, 150
Trd, 2591025.913, 150
Trd, 2591025.929, 150
Trd, 2591025.946, 150
Trd, 2591026.413, 150
Trd, 2591026.429, 135
Trd, 2591026.513, 131
Trd, 2591026.946, 122
Trd, 2591027.129, 149
Trd, 2591027.229, 109
Trd, 2591027.463, 101
Trd, 2591027.696, 102
Trd, 2591028.513, 147
Trd, 2591029.163, 149
Trd, 2591029.479, 148
Trd, 2591030.213, 150
Trd, 2591030.329, 149
Trd, 2591030.396, 147
Trd, 2591030.546, 150
Trd, 2591031.046, 150
Trd, 2591031.229, 150
Trd, 2591031.363, 149
Trd, 2591031.996, 146
Trd, 2591032.396, 150
Trd, 2591032.646, 147
Trd, 2591033.379, 149
Trd, 2591034.196, 150
Trd, 2591034.346, 150
Trd, 2591034.413, 150
Trd, 2591034.446, 150
Trd, 2591037.563, 150
Trd, 2591037.729, 150
Trd, 2591037.913, 150
Trd, 2591038.313, 150
Trd, 2591039.063, 150
Trd, 2591039.113, 150
Trd, 2591039.163, 150
Trd, 2591039.196, 150
Trd, 2591039.263, 150
Trd, 2591039.696, 148
Trd, 2591040.063, 148
Trd, 2591040.379, 149
Trd, 2591040.546, 149
Trd, 2591040.679, 149
Trd, 2591040.813, 148
Trd, 2591040.879, 147
Trd, 2591041.729, 150
Trd, 2591041.946, 150
Trd, 2591041.979, 149
Trd, 2591042.213, 144
Trd, 2591043.179, 150
Trd, 2591043.563, 150
Trd, 2591043.729, 150
Trd, 2591045.263, 150
Trd, 2591045.313, 150
Trd, 2591045.363, 149
Trd, 2591045.896, 150
Trd, 2591045.996, 150
Trd, 2591046.129, 123
Trd, 2591047.013, 150
Trd, 2591047.213, 148
Trd, 2591048.146, 150
Trd, 2591048.796, 150
Trd, 2591049.213, 150
Trd, 2591049.379, 150
Trd, 2591049.579, 150
Trd, 2591050.596, 150
Trd, 2591050.846, 150
Trd, 2591051.529, 150
Trd, 2591051.746, 150
Trd, 2591051.979, 149
Trd, 2591052.613, 150
Trd, 2591052.746, 150
Trd, 2591052.863, 149
Trd, 2591053.596, 149
Trd, 2591054.913, 150
Trd, 2591055.179, 150
Trd, 2591055.913, 150
Trd, 2591056.613, 150
Trd, 2591057.246, 150
Trd, 2591057.396, 150
Trd, 2591057.763, 150
Trd, 2591058.263, 150
Trd, 2591058.346, 150
Trd, 2591058.846, 150
Trd, 2591059.246, 150
Trd, 2591059.346, 150
Trd, 2591059.646, 150
Trd, 2591060.079, 150
Trd, 2591060.113, 150
Trd, 2591060.213, 147
Trd, 2591060.379, 117
Trd, 2591060.546, 114
Trd, 2591060.763, 105
Trd, 2591060.863, 104
Trd, 2591060.913, 121
Trd, 2591061.279, 145
Trd, 2591061.579, 105
Trd, 2591061.696, 145
Trd, 2591061.946, 103
Trd, 2591062.263, 104
Trd, 2591062.579, 104
Trd, 2591062.613, 102
Trd, 2591063.129, 103
Trd, 2591064.263, 100
Trd, 2591064.479, 100
Trd, 2591064.579, 100
Trd, 2591065.013, 100
Trd, 2591065.029, 100
Trd, 2591065.663, 100
Trd, 2591066.463, 101
Trd, 2591066.629, 101
Trd, 2591067.079, 100
Trd, 2591067.296, 100
Trd, 2591067.963, 101
Trd, 2591068.079, 101
Trd, 2591068.129, 100
Trd, 2591069.513, 100
Trd, 2591070.279, 100
Trd, 2591070.629, 100
Trd, 2591070.946, 100
Trd, 2591071.496, 100
Trd, 2591072.113, 101
Trd, 2591072.179, 102
Trd, 2591072.913, 104
Trd, 2591073.013, 103
Trd, 2591073.163, 119
Trd, 2591073.379, 103
Trd, 2591073.996, 107
Trd, 2591074.063, 106
Trd, 2591074.263, 105
Trd, 2591074.479, 103
Trd, 2591075.213, 106
Trd, 2591075.429, 105
Trd, 2591075.579, 104
Trd, 2591077.063, 116
Trd, 2591077.163, 117
Trd, 2591077.263, 105
Trd, 2591077.363, 140
Trd, 2591077.729, 150
Trd, 2591077.746, 106
Trd, 2591078.579, 150
Trd, 2591078.596, 150
Trd, 2591078.779, 150
Trd, 2591079.646, 150
Trd, 2591079.946, 150
Trd, 2591080.029, 150
Trd, 2591080.463, 150
Trd, 2591080.763, 150
Trd, 2591080.913, 150
Trd, 2591081.363, 150
Trd, 2591081.396, 150
Trd, 2591081.696, 150
Trd, 2591082.563, 150
Trd, 2591083.179, 150
Trd, 2591083.913, 150
Trd, 2591084.346, 150
Trd, 2591084.429, 150
Trd, 2591084.763, 150
Trd, 2591084.963, 150
Trd, 2591085.713, 150
Trd, 2591086.063, 150
Trd, 2591086.663, 150
Trd, 2591086.813, 150
Trd, 2591087.179, 148
Trd, 2591087.363, 150
Trd, 2591087.913, 149
Trd, 2591088.163, 150
Trd, 2591088.246, 146
Trd, 2591089.029, 118
Trd, 2591089.429, 150
Trd, 2591089.946, 150
Trd, 2591090.213, 149
Trd, 2591090.679, 149
Trd, 2591091.213, 146
Trd, 2591091.246, 145
Trd, 2591091.779, 150
Trd, 2591091.846, 118
Trd, 2591092.313, 115
Trd, 2591092.729, 119
Trd, 2591093.013, 149
Trd, 2591093.429, 130
Trd, 2591093.546, 129
Trd, 2591093.563, 150
Trd, 2591094.213, 121
Trd, 2591094.363, 122
Trd, 2591094.863, 120
Trd, 2591096.179, 148
Trd, 2591096.863, 150
Trd, 2591098.196, 150
Trd, 2591099.013, 150
Trd, 2591099.596, 150
Trd, 2591099.696, 150
Trd, 2591099.729, 150
Trd, 2591099.863, 150
Trd, 2591099.996, 150
Trd, 2591100.146, 150
Trd, 2591100.229, 150
Trd, 2591100.529, 150
Trd, 2591100.713, 150
Trd, 2591101.079, 150
Trd, 2591101.229, 150
Trd, 2591101.513, 135
Trd, 2591102.196, 150
Trd, 2591102.263, 149
Trd, 2591102.313, 149
Trd, 2591102.446, 148
Trd, 2591102.613, 147
Trd, 2591103.079, 146
Trd, 2591103.596, 128
Trd, 2591103.879, 145
Trd, 2591104.163, 145
Trd, 2591105.579, 139
Trd, 2591106.363, 132
Trd, 2591106.596, 105
Trd, 2591107.529, 100
Trd, 2591108.113, 100
Trd, 2591108.446, 100
Trd, 2591108.713, 100
Trd, 2591108.779, 100
Trd, 2591109.596, 100
Trd, 2591109.763, 100
Trd, 2591109.879, 101
Trd, 2591110.029, 103
Trd, 2591110.079, 101
Trd, 2591110.696, 102
Trd, 2591110.879, 138
Trd, 2591111.213, 116
Trd, 2591111.729, 107
Trd, 2591111.929, 116
Trd, 2591112.529, 113
Trd, 2591113.329, 126
Trd, 2591113.596, 129
Trd, 2591113.813, 130
Trd, 2591113.846, 127
Trd, 2591114.813, 150
Trd, 2591115.129, 150
Trd, 2591115.829, 150
Trd, 2591116.029, 150
Trd, 2591116.246, 150
Trd, 2591116.713, 150
Trd, 2591117.279, 150
Trd, 2591117.696, 150
Trd, 2591119.596, 150
Trd, 2591120.046, 150
Trd, 2591120.063, 150
Trd, 2591120.646, 150
Trd, 2591120.813, 150
Trd, 2591121.079, 150
Trd, 2591121.779, 150
Trd, 2591121.846, 150
Trd, 2591122.529, 150
Trd, 2591122.829, 150
Trd, 2591123.013, 150
Trd, 2591124.313, 150
Trd, 2591124.846, 150
Trd, 2591124.963, 150
Trd, 2591124.996, 150
Trd, 2591125.313, 150
Trd, 2591125.579, 150
Trd, 2591126.146, 150
Trd, 2591127.563, 150
Trd, 2591127.929, 150
Trd, 2591128.779, 150
Trd, 2591129.113, 150
Trd, 2591129.329, 150
Trd, 2591129.529, 150
Trd, 2591129.796, 150
Trd, 2591130.213, 150
Trd, 2591130.663, 150
Trd, 2591130.813, 150
Trd, 2591131.013, 150
Trd, 2591131.029, 150
Trd, 2591131.396, 150
Trd, 2591131.963, 149
Trd, 2591132.213, 148
Trd, 2591132.679, 124
Trd, 2591133.446, 150
Trd, 2591133.529, 150
Trd, 2591133.546, 149
Trd, 2591133.746, 136
Trd, 2591133.963, 137
Trd, 2591134.929, 145
Trd, 2591135.313, 139
Trd, 2591135.513, 138
Trd, 2591135.929, 138
Trd, 2591136.029, 143
Trd, 2591136.396, 127
Trd, 2591136.646, 119
Trd, 2591137.046, 134
Trd, 2591137.529, 123
Trd, 2591138.363, 150
Trd, 2591138.496, 150
Trd, 2591138.513, 150
Trd, 2591138.846, 146
Trd, 2591139.296, 150
Trd, 2591139.563, 150
Trd, 2591139.613, 150
Trd, 2591139.696, 150
Trd, 2591140.146, 125
Trd, 2591140.213, 150
Trd, 2591141.396, 150
Trd, 2591142.279, 150
Trd, 2591142.446, 150
Trd, 2591142.579, 150
Trd, 2591142.813, 150
Trd, 2591143.113, 150
Trd, 2591143.246, 150
Trd, 2591143.479, 150
Trd, 2591143.646, 150
Trd, 2591143.913, 150
Trd, 2591144.029, 150
Trd, 2591144.446, 150
Trd, 2591144.529, 150
Trd, 2591144.846, 150
Trd, 2591145.546, 150
Trd, 2591146.163, 149
Trd, 2591146.296, 111
Trd, 2591146.813, 111
Trd, 2591147.063, 150
Trd, 2591147.663, 150
Trd, 2591148.596, 150
Trd, 2591148.713, 149
Trd, 2591149.363, 150
Trd, 2591149.796, 138
Trd, 2591150.379, 147
Trd, 2591150.496, 141
Trd, 2591150.629, 148
Trd, 2591150.829, 150
Trd, 2591151.713, 129
Trd, 2591151.813, 128
Trd, 2591151.929, 119
Trd, 2591151.996, 148
Trd, 2591152.129, 119
Trd, 2591152.396, 100
Trd, 2591152.696, 130
Trd, 2591154.029, 126
Trd, 2591154.363, 145
Trd, 2591154.579, 129
Trd, 2591154.846, 125
Trd, 2591154.913, 124
Trd, 2591154.996, 123
Trd, 2591155.346, 134
Trd, 2591156.163, 122
Trd, 2591156.279, 122
Trd, 2591156.779, 150
Trd, 2591157.263, 150
Trd, 2591157.879, 150
Trd, 2591159.196, 150
Trd, 2591159.679, 150
Trd, 2591159.896, 150
Trd, 2591160.929, 150
Trd, 2591161.163, 150
Trd, 2591161.296, 150
Trd, 2591161.413, 150
Trd, 2591161.713, 150
Trd, 2591161.779, 150
Trd, 2591161.829, 150
Trd, 2591162.696, 127
Trd, 2591162.979, 128
Trd, 2591163.179, 150
Trd, 2591163.296, 127
Trd, 2591163.746, 149
Trd, 2591163.779, 126
Trd, 2591164.579, 146
Trd, 2591165.013, 134
Trd, 2591165.029, 134
Trd, 2591165.746, 142
Trd, 2591166.079, 143
Trd, 2591166.313, 145
Trd, 2591166.479, 138
Trd, 2591166.879, 138
Trd, 2591167.563, 139
Trd, 2591167.946, 140
Trd, 2591168.463, 150
Trd, 2591169.779, 150
Trd, 2591170.046, 150
Trd, 2591170.146, 150
Trd, 2591170.413, 149
Trd, 2591170.479, 138
Trd, 2591170.896, 116
Trd, 2591171.163, 129
Trd, 2591171.229, 111
Trd, 2591172.313, 142
Trd, 2591172.429, 117
Trd, 2591172.529, 116
Trd, 2591173.363, 132
Trd, 2591174.013, 125
Trd, 2591174.379, 130
Trd, 2591174.463, 123
Trd, 2591174.513, 116
Trd, 2591174.829, 101
Trd, 2591175.696, 141
Trd, 2591176.246, 117
Trd, 2591176.313, 141
Trd, 2591177.029, 141
Trd, 2591177.263, 150
Trd, 2591177.679, 150
Trd, 2591179.013, 150
Trd, 2591179.313, 150
Trd, 2591179.796, 150
Trd, 2591180.046, 150
Trd, 2591180.213, 150
Trd, 2591180.479, 150
Trd, 2591180.846, 150
Trd, 2591181.379, 150
Trd, 2591181.429, 150
Trd, 2591181.846, 150
Trd, 2591182.596, 150
Trd, 2591182.613, 150
Trd, 2591182.663, 150
Trd, 2591182.713, 150
Trd, 2591182.729, 150
Trd, 2591183.079, 150
Trd, 2591183.496, 150
Trd, 2591183.896, 139
Trd, 2591183.996, 138
Trd, 2591184.563, 149
Trd, 2591184.846, 150
Trd, 2591184.996, 145
Trd, 2591185.346, 142
Trd, 2591185.813, 138
Trd, 2591186.346, 142
Trd, 2591186.546, 139
Trd, 2591186.813, 137
Trd, 2591186.863, 109
Trd, 2591187.613, 150
Trd, 2591187.663, 148
Trd, 2591187.996, 112
Trd, 2591188.079, 141
Trd, 2591189.629, 117
Trd, 2591189.846, 116
Trd, 2591190.113, 150
Trd, 2591191.729, 116
Trd, 2591191.779, 114
Trd, 2591191.813, 113
Trd, 2591192.729, 116
Trd, 2591193.063, 128
Trd, 2591193.146, 129
Trd, 2591193.296, 118
Trd, 2591193.479, 117
Trd, 2591193.496, 141
Trd, 2591193.946, 139
Trd, 2591194.046, 142
Trd, 2591194.096, 144
Trd, 2591194.329, 120
Trd, 2591194.496, 146
Trd, 2591194.629, 149
Trd, 2591194.963, 150
Trd, 2591195.296, 142
Trd, 2591196.279, 122
Trd, 2591196.746, 128
Trd, 2591197.313, 123
Trd, 2591197.563, 122
Trd, 2591197.979, 122
Trd, 2591198.613, 123
Trd, 2591199.079, 138
Trd, 2591199.396, 126
Trd, 2591199.679, 126
Trd, 2591199.896, 122
Trd, 2591200.163, 150
Trd, 2591200.746, 104
Trd, 2591201.413, 150
Trd, 2591201.879, 150
Trd, 2591202.713, 148
Trd, 2591203.779, 129
Trd, 2591203.813, 128
Trd, 2591203.879, 111
Trd, 2591204.346, 111
Trd, 2591205.396, 113
Trd, 2591205.629, 112
Trd, 2591205.963, 113
Trd, 2591206.163, 128
Trd, 2591206.179, 111
Trd, 2591206.379, 109
Trd, 2591207.163, 115
Trd, 2591207.179, 127
Trd, 2591207.246, 128
Trd, 2591207.296, 139
Trd, 2591207.746, 103
Trd, 2591208.663, 150
Trd, 2591208.996, 150
Trd, 2591209.029, 150
Trd, 2591209.163, 150
Trd, 2591209.429, 150
Trd, 2591209.629, 150
Trd, 2591210.529, 150
Trd, 2591210.829, 150
Trd, 2591210.946, 150
Trd, 2591211.079, 150
Trd, 2591211.546, 149
Trd, 2591211.713, 143
Trd, 2591212.063, 118
Trd, 2591212.229, 149
Trd, 2591213.379, 149
Trd, 2591213.446, 148
Trd, 2591213.813, 142
Trd, 2591214.246, 149
Trd, 2591214.629, 150
Trd, 2591214.763, 150
Trd, 2591216.013, 150
Trd, 2591216.963, 150
Trd, 2591217.263, 150
Trd, 2591217.279, 150
Trd, 2591217.313, 150
Trd, 2591217.963, 150
Trd, 2591218.213, 150
Trd, 2591218.246, 150
Trd, 2591218.396, 150
Trd, 2591218.429, 150
Trd, 2591219.963, 150
Trd, 2591220.163, 150
Trd, 2591220.196, 150
Trd, 2591220.663, 150
Trd, 2591220.696, 147
Trd, 2591221.779, 147
Trd, 2591221.846, 145
Trd, 2591222.263, 104
Trd, 2591222.329, 110
Trd, 2591222.829, 110
Trd, 2591223.646, 100
Trd, 2591224.296, 100
Trd, 2591224.929, 100
Trd, 2591225.879, 100
Trd, 2591226.313, 100
Trd, 2591226.479, 100
Trd, 2591226.679, 100
Trd, 2591226.996, 100
Trd, 2591227.496, 104
Trd, 2591228.279, 101
Trd, 2591228.663, 102
Trd, 2591228.829, 103
Trd, 2591228.896, 103
Trd, 2591228.963, 106
Trd, 2591229.046, 105
Trd, 2591229.113, 110
Trd, 2591229.246, 111
Trd, 2591229.329, 138
Trd, 2591230.679, 150
Trd, 2591230.696, 150
Trd, 2591230.779, 150
Trd, 2591230.896, 150
Trd, 2591231.179, 150
Trd, 2591231.579, 150
Trd, 2591232.046, 150
Trd, 2591233.846, 150
Trd, 2591233.929, 150
Trd, 2591234.079, 150
Trd, 2591234.129, 149
Trd, 2591235.129, 150
Trd, 2591235.529, 150
Trd, 2591235.646, 150
Trd, 2591235.779, 150
Trd, 2591236.346, 149
Trd, 2591236.513, 150
Trd, 2591237.346, 150
Trd, 2591237.613, 150
Trd, 2591237.929, 130
Trd, 2591238.046, 124
Trd, 2591239.079, 145
Trd, 2591239.163, 144
Trd, 2591239.429, 146
Trd, 2591239.513, 134
Trd, 2591239.629, 133
Trd, 2591240.129, 101
Trd, 2591240.663, 133
Trd, 2591240.713, 142
Trd, 2591241.263, 108
Trd, 2591242.363, 101
Trd, 2591242.396, 117
Trd, 2591242.963, 105
Trd, 2591243.013, 104
Trd, 2591243.613, 117
Trd, 2591243.846, 137
Trd, 2591244.063, 109
Trd, 2591244.763, 150
Trd, 2591244.996, 150
Trd, 2591245.663, 149
Trd, 2591246.163, 141
Trd, 2591246.196, 131
Trd, 2591246.329, 150
Trd, 2591247.629, 150
Trd, 2591247.796, 150
Trd, 2591248.496, 150
Trd, 2591248.729, 150
Trd, 2591248.813, 150
Trd, 2591249.313, 150
Trd, 2591249.829, 150
Trd, 2591250.096, 150
Trd, 2591250.129, 149
Trd, 2591251.346, 100
Trd, 2591251.363, 100
Trd, 2591251.463, 102
Trd, 2591251.529, 120
Trd, 2591252.046, 100
Trd, 2591252.129, 104
Trd, 2591252.579, 101
Trd, 2591252.596, 105
Trd, 2591253.813, 113
Trd, 2591253.996, 130
Trd, 2591254.663, 150
Trd, 2591256.613, 150
Trd, 2591256.996, 150
Trd, 2591257.129, 150
Trd, 2591257.596, 150
Trd, 2591257.779, 150
Trd, 2591257.829, 150
Trd, 2591257.846, 150
Trd, 2591258.079, 150
Trd, 2591258.479, 150
Trd, 2591259.229, 150
Trd, 2591259.463, 150
Trd, 2591259.729, 150
Trd, 2591259.979, 150
Trd, 2591260.029, 150
Trd, 2591260.046, 150
Trd, 2591260.179, 149
Trd, 2591260.729, 150
Trd, 2591261.613, 149
Trd, 2591261.629, 149
Trd, 2591262.013, 101
Trd, 2591262.213, 116
Trd, 2591262.279, 116
Trd, 2591262.663, 146
Trd, 2591262.813, 132
Trd, 2591263.546, 134
Trd, 2591264.146, 117
Trd, 2591266.829, 100
Trd, 2591266.946, 101
Trd, 2591266.996, 102
Trd, 2591267.096, 101
Trd, 2591267.246, 101
Trd, 2591267.546, 101
Trd, 2591267.646, 102
Trd, 2591267.829, 102
Trd, 2591268.163, 100
Trd, 2591268.513, 100
Trd, 2591268.729, 100
Trd, 2591268.946, 100
Trd, 2591269.096, 101
Trd, 2591269.179, 102
Trd, 2591269.446, 103
Trd, 2591269.746, 102
Trd, 2591269.813, 105
Trd, 2591270.346, 102
Trd, 2591270.496, 104
Trd, 2591270.763, 105
Trd, 2591270.913, 110
Trd, 2591271.413, 120
Trd, 2591271.429, 107
Trd, 2591271.696, 102
Trd, 2591271.896, 101
Trd, 2591273.179, 100
Trd, 2591273.496, 100
Trd, 2591274.179, 100
Trd, 2591274.946, 100
Trd, 2591275.096, 100
Trd, 2591275.829, 100
Trd, 2591277.113, 100
Trd, 2591277.763, 100
Trd, 2591278.496, 100
Trd, 2591279.229, 100
Trd, 2591279.996, 100
Trd, 2591280.029, 100
Trd, 2591280.113, 100
Trd, 2591280.163, 100
Trd, 2591280.229, 100
Trd, 2591280.279, 101
Trd, 2591280.546, 102
Trd, 2591280.979, 103
Trd, 2591281.013, 104
Trd, 2591281.029, 102
Trd, 2591281.296, 104
Trd, 2591281.429, 103
Trd, 2591281.896, 105
Trd, 2591281.929, 103
Trd, 2591282.646, 103
Trd, 2591283.346, 100
Trd, 2591283.363, 118
Trd, 2591283.879, 102
Trd, 2591284.046, 103
Trd, 2591284.063, 121
Trd, 2591284.913, 113
Trd, 2591285.329, 111
Trd, 2591285.463, 134
Trd, 2591285.979, 125
Trd, 2591286.429, 125
Trd, 2591286.496, 124
Trd, 2591286.729, 124
Trd, 2591286.996, 131
Trd, 2591287.213, 126
Trd, 2591287.763, 127
Trd, 2591287.846, 126
Trd, 2591288.563, 110
Trd, 2591289.096, 141
Trd, 2591289.463, 111
Trd, 2591289.546, 150
Trd, 2591289.746, 112
Trd, 2591290.646, 114
Trd, 2591290.963, 149
Trd, 2591291.663, 138
Trd, 2591293.313, 150
Trd, 2591293.813, 150
Trd, 2591294.129, 150
Trd, 2591294.296, 150
Trd, 2591294.379, 150
Trd, 2591294.463, 150
Trd, 2591294.746, 150
Trd, 2591295.246, 150
Trd, 2591295.796, 150
Trd, 2591295.929, 150
Trd, 2591296.829, 150
Trd, 2591297.079, 150
Trd, 2591297.113, 150
Trd, 2591297.246, 150
Trd, 2591297.863, 150
Trd, 2591298.063, 150
Trd, 2591298.129, 149
Trd, 2591298.646, 148
Trd, 2591298.713, 117
Trd, 2591298.746, 116
Trd, 2591298.779, 127
Trd, 2591299.613, 100
Trd, 2591299.796, 102
Trd, 2591299.963, 101
Trd, 2591300.646, 100
Trd, 2591300.729, 101
Trd, 2591300.929, 102
Trd, 2591301.329, 103
Trd, 2591302.313, 100
Trd, 2591302.429, 101
Trd, 2591302.946, 100
Trd, 2591303.396, 107
Trd, 2591304.046, 102
Trd, 2591304.063, 104
Trd, 2591305.829, 102
Trd, 2591305.896, 109
Trd, 2591306.913, 129
Trd, 2591306.979, 129
Trd, 2591307.096, 130
Trd, 2591307.329, 131
Trd, 2591307.513, 146
Trd, 2591308.446, 134
Trd, 2591308.463, 135
Trd, 2591309.146, 141
Trd, 2591309.213, 140
Trd, 2591309.446, 139
Trd, 2591309.863, 138
Trd, 2591310.246, 138
Trd, 2591310.329, 137
Trd, 2591310.413, 137
Trd, 2591310.746, 136
Trd, 2591310.779, 132
Trd, 2591310.913, 126
Trd, 2591312.363, 150
Trd, 2591313.613, 150
Trd, 2591314.196, 150
Trd, 2591315.679, 150
Trd, 2591316.363, 150
Trd, 2591316.496, 150
Trd, 2591316.746, 150
Trd, 2591317.013, 150
Trd, 2591317.329, 150
Trd, 2591317.413, 150
Trd, 2591317.496, 150
Trd, 2591317.563, 150
Trd, 2591318.096, 150
Trd, 2591318.179, 150
Trd, 2591318.496, 150
Trd, 2591318.896, 150
Trd, 2591319.496, 150
Trd, 2591320.079, 150
Trd, 2591320.213, 150
Trd, 2591320.363, 150
Trd, 2591320.796, 150
Trd, 2591321.329, 127
Trd, 2591321.563, 126
Trd, 2591321.679, 148
Trd, 2591321.946, 119
Trd, 2591322.313, 131
Trd, 2591322.346, 147
Trd, 2591322.396, 112
Trd, 2591322.663, 145
Trd, 2591323.579, 137
Trd, 2591323.796, 136
Trd, 2591325.279, 150
Trd, 2591327.179, 150
Trd, 2591327.429, 150
Trd, 2591327.513, 150
Trd, 2591328.113, 150
Trd, 2591328.263, 150
Trd, 2591328.613, 150
Trd, 2591328.829, 150
Trd, 2591328.929, 150
Trd, 2591329.029, 150
Trd, 2591329.229, 150
Trd, 2591330.113, 150
Trd, 2591330.446, 150
Trd, 2591331.096, 150
Trd, 2591331.246, 150
Trd, 2591331.313, 150
Trd, 2591331.579, 148
Trd, 2591331.813, 147
Trd, 2591332.096, 128
Trd, 2591332.346, 122
Trd, 2591332.646, 109
Trd, 2591332.813, 126
Trd, 2591333.046, 103
Trd, 2591333.863, 100
Trd, 2591334.313, 100
Trd, 2591334.813, 100
Trd, 2591335.963, 100
Trd, 2591336.813, 100
Trd, 2591336.863, 100
Trd, 2591337.096, 100
Trd, 2591337.196, 101
Trd, 2591337.396, 101
Trd, 2591337.513, 101
Trd, 2591337.596, 103
Trd, 2591337.996, 104
Trd, 2591338.029, 105
Trd, 2591338.079, 105
Trd, 2591338.113, 124
Trd, 2591338.696, 111
Trd, 2591338.979, 122
Trd, 2591339.379, 112
Trd, 2591339.396, 111
Trd, 2591339.446, 130
Trd, 2591340.579, 150
Trd, 2591340.929, 150
Trd, 2591341.213, 150
Trd, 2591341.913, 150
Trd, 2591342.113, 150
Trd, 2591342.579, 150
Trd, 2591342.913, 150
Trd, 2591342.929, 150
Trd, 2591343.863, 133
Trd, 2591343.879, 148
Trd, 2591344.446, 148
Trd, 2591344.463, 149
Trd, 2591345.546, 150
Trd, 2591345.746, 150
Trd, 2591346.179, 140
Trd, 2591346.346, 134
Trd, 2591346.413, 132
Trd, 2591346.596, 115
Trd, 2591346.946, 150
Trd, 2591347.096, 149
Trd, 2591347.913, 133
Trd, 2591348.129, 132
Trd, 2591348.179, 113
Trd, 2591348.796, 150
Trd, 2591349.113, 142
Trd, 2591349.513, 115
Trd, 2591349.613, 103
Trd, 2591349.863, 116
Trd, 2591349.963, 103
Trd, 2591350.263, 117
Trd, 2591350.479, 127
Trd, 2591350.996, 143
Trd, 2591351.029, 107
Trd, 2591351.929, 131
Trd, 2591352.713, 145
Trd, 2591353.746, 138
Trd, 2591353.963, 140
Trd, 2591354.379, 145
Trd, 2591354.496, 147
Trd, 2591354.663, 144
Trd, 2591354.979, 147
Trd, 2591355.079, 146
Trd, 2591355.396, 147
Trd, 2591356.046, 149
Trd, 2591356.196, 149
Trd, 2591356.229, 147
Trd, 2591356.846, 140
Trd, 2591357.763, 149
Trd, 2591357.913, 149
Trd, 2591357.996, 148
Trd, 2591358.496, 150
Trd, 2591358.896, 149
Trd, 2591358.946, 147
Trd, 2591360.279, 100
Trd, 2591360.896, 100
Trd, 2591361.013, 100
Trd, 2591361.129, 100
Trd, 2591361.146, 101
Trd, 2591361.529, 100
Trd, 2591361.663, 100
Trd, 2591361.996, 100
Trd, 2591362.013, 104
Trd, 2591363.479, 101
Trd, 2591363.596, 103
Trd, 2591363.696, 105
Trd, 2591364.813, 100
Trd, 2591365.896, 100
Trd, 2591367.646, 100
Trd, 2591367.763, 100
Trd, 2591367.879, 100
Trd, 2591367.913, 100
Trd, 2591368.463, 100
Trd, 2591368.829, 100
Trd, 2591369.146, 100
Trd, 2591369.496, 101
Trd, 2591369.596, 105
Trd, 2591370.296, 100
Trd, 2591370.396, 100
Trd, 2591370.513, 100
Trd, 2591370.796, 101
Trd, 2591370.863, 102
Trd, 2591371.379, 100
Trd, 2591371.696, 100
Trd, 2591371.763, 102
Trd, 2591371.863, 102
Trd, 2591372.263, 104
Trd, 2591372.796, 103
Trd, 2591372.879, 110
Trd, 2591373.463, 150
Trd, 2591373.629, 149
Trd, 2591373.663, 148
Trd, 2591373.846, 147
Trd, 2591375.163, 150
Trd, 2591375.479, 150
Trd, 2591375.796, 149
Trd, 2591376.029, 149
Trd, 2591376.146, 148
Trd, 2591376.213, 147
Trd, 2591376.296, 120
Trd, 2591376.846, 103
Trd, 2591377.429, 104
Trd, 2591378.229, 101
Trd, 2591379.213, 107
Trd, 2591380.129, 100
Trd, 2591380.446, 100
Trd, 2591381.063, 100
Trd, 2591382.646, 100
Trd, 2591382.946, 100
Trd, 2591382.979, 100
Trd, 2591383.546, 100
Trd, 2591383.596, 100
Trd, 2591383.629, 100
Trd, 2591383.813, 101
Trd, 2591383.963, 102
Trd, 2591384.063, 101
Trd, 2591384.146, 104
Trd, 2591384.429, 106
Trd, 2591384.796, 108
Trd, 2591384.813, 107
Trd, 2591384.846, 106
Trd, 2591385.229, 113
Trd, 2591385.329, 113
Trd, 2591385.529, 114
Trd, 2591385.579, 112
Trd, 2591385.696, 107
Trd, 2591385.746, 105
Trd, 2591385.996, 107
Trd, 2591386.179, 104
Trd, 2591386.446, 105
Trd, 2591386.929, 101
Trd, 2591387.863, 149
Trd, 2591389.496, 150
Trd, 2591390.229, 150
Trd, 2591390.513, 150
Trd, 2591391.646, 150
Trd, 2591391.929, 150
Trd, 2591392.146, 150
Trd, 2591392.329, 150
Trd, 2591392.646, 150
Trd, 2591392.746, 150
Trd, 2591392.846, 150
Trd, 2591393.129, 150
Trd, 2591393.379, 150
Trd, 2591393.629, 150
Trd, 2591393.879, 150
Trd, 2591393.896, 150
Trd, 2591393.929, 150
Trd, 2591394.063, 150
Trd, 2591394.779, 132
Trd, 2591394.796, 107
Trd, 2591395.196, 110
Trd, 2591395.646, 124
Trd, 2591395.779, 120
Trd, 2591395.796, 143
Trd, 2591395.913, 119
Trd, 2591396.479, 144
Trd, 2591396.863, 101
Trd, 2591397.263, 101
Trd, 2591397.679, 102
Trd, 2591397.879, 100
Trd, 2591397.929, 103
Trd, 2591398.996, 107
Trd, 2591399.163, 110
Trd, 2591399.813, 105
Trd, 2591399.896, 106
Trd, 2591400.563, 105
Trd, 2591400.663, 108
Trd, 2591402.879, 150
Trd, 2591402.963, 150
Trd, 2591403.446, 150
Trd, 2591403.546, 150
Trd, 2591403.646, 150
Trd, 2591403.679, 150
Trd, 2591404.079, 150
Trd, 2591404.196, 150
Trd, 2591404.513, 150
Trd, 2591404.846, 150
Trd, 2591405.463, 150
Trd, 2591405.596, 150
Trd, 2591405.813, 150
Trd, 2591407.446, 150
Trd, 2591407.679, 148
Trd, 2591408.146, 147
Trd, 2591408.796, 150
Trd, 2591409.396, 150
Trd, 2591409.596, 150
Trd, 2591410.779, 150
Trd, 2591411.529, 150
Trd, 2591412.013, 150
Trd, 2591412.029, 150
Trd, 2591412.079, 150
Trd, 2591412.113, 149
Trd, 2591412.129, 148
Trd, 2591412.463, 130
Trd, 2591413.546, 130
Trd, 2591413.796, 150
Trd, 2591413.879, 150
Trd, 2591414.263, 125
Trd, 2591414.896, 126
Trd, 2591415.179, 142
Trd, 2591415.446, 126
Trd, 2591415.513, 143
Trd, 2591415.529, 125
Trd, 2591415.646, 145
Trd, 2591416.296, 145
Trd, 2591416.846, 138
Trd, 2591417.029, 130
Trd, 2591417.229, 143
Trd, 2591417.363, 143
Trd, 2591417.479, 143
Trd, 2591417.579, 122
Trd, 2591417.763, 122
Trd, 2591418.963, 100
Trd, 2591419.846, 103
Trd, 2591419.863, 105
Trd, 2591419.946, 106
Trd, 2591420.346, 105
Trd, 2591420.813, 107
Trd, 2591421.079, 106
Trd, 2591421.279, 105
Trd, 2591422.363, 130
Trd, 2591422.613, 107
Trd, 2591422.663, 116
Trd, 2591422.863, 130
Trd, 2591422.896, 141
Trd, 2591423.046, 107
Trd, 2591423.929, 122
Trd, 2591423.946, 120
Trd, 2591424.029, 141
Trd, 2591424.229, 119
Trd, 2591424.313, 143
Trd, 2591426.029, 100
Trd, 2591426.079, 100
Trd, 2591426.429, 101
Trd, 2591426.696, 101
Trd, 2591426.979, 102
Trd, 2591427.246, 103
Trd, 2591427.413, 105
Trd, 2591427.596, 113
Trd, 2591429.046, 150
Trd, 2591429.313, 150
Trd, 2591429.796, 150
Trd, 2591429.996, 150
Trd, 2591430.679, 150
Trd, 2591431.763, 150
Trd, 2591432.563, 150
Trd, 2591432.579, 150
Trd, 2591432.596, 150
Trd, 2591432.929, 149
Trd, 2591433.213, 149
Trd, 2591434.363, 150
Trd, 2591434.479, 150
Trd, 2591435.063, 150
Trd, 2591435.163, 150
Trd, 2591437.029, 150
Trd, 2591437.529, 150
Trd, 2591437.729, 150
Trd, 2591437.779, 150
Trd, 2591437.879, 150
Trd, 2591439.029, 150
Trd, 2591439.196, 150
Trd, 2591440.179, 150
Trd, 2591440.279, 150
Trd, 2591440.596, 150
Trd, 2591440.829, 150
Trd, 2591440.879, 150
Trd, 2591441.096, 150
Trd, 2591441.246, 150
Trd, 2591441.829, 150
Trd, 2591441.896, 149
Trd, 2591442.179, 150
Trd, 2591442.313, 149
Trd, 2591442.463, 149
Trd, 2591443.746, 150
Trd, 2591444.213, 149
Trd, 2591444.363, 149
Trd, 2591444.479, 147
Trd, 2591444.979, 138
Trd, 2591445.146, 141
Trd, 2591445.213, 134
Trd, 2591445.329, 105
Trd, 2591445.363, 145
Trd, 2591446.913, 100
Trd, 2591447.163, 100
Trd, 2591447.546, 100
Trd, 2591447.729, 100
Trd, 2591447.763, 104
Trd, 2591447.946, 119
Trd, 2591448.413, 111
Trd, 2591448.529, 102
Trd, 2591450.063, 105
Trd, 2591450.146, 148
Trd, 2591450.679, 112
Trd, 2591450.746, 143
Trd, 2591450.813, 144
Trd, 2591450.929, 113
Trd, 2591451.279, 115
Trd, 2591452.629, 150
Trd, 2591452.813, 150
Trd, 2591452.946, 150
Trd, 2591453.846, 150
Trd, 2591454.096, 150
Trd, 2591454.379, 150
Trd, 2591455.546, 150
Trd, 2591455.913, 150
Trd, 2591458.063, 150
Trd, 2591458.096, 150
Trd, 2591458.246, 150
Trd, 2591458.446, 150
Trd, 2591458.913, 150
Trd, 2591459.296, 150
Trd, 2591459.429, 150
Trd, 2591459.963, 150
Trd, 2591460.029, 150
Trd, 2591460.346, 150
Trd, 2591460.463, 150
Trd, 2591460.729, 150
Trd, 2591461.029, 150
Trd, 2591461.296, 149
Trd, 2591462.113, 150
Trd, 2591462.129, 150
Trd, 2591462.396, 150
Trd, 2591462.663, 149
Trd, 2591462.746, 149
Trd, 2591462.913, 149
Trd, 2591463.096, 107
Trd, 2591463.529, 104
Trd, 2591463.563, 108
Trd, 2591464.229, 105
Trd, 2591464.529, 106
Trd, 2591465.129, 140
Trd, 2591465.479, 138
Trd, 2591465.746, 122
Trd, 2591466.279, 124
Trd, 2591466.829, 147
Trd, 2591466.863, 124
Trd, 2591467.046, 148
Trd, 2591467.263, 125
Trd, 2591467.313, 123
Trd, 2591468.563, 150
Trd, 2591468.963, 150
Trd, 2591469.263, 150
Trd, 2591469.363, 150
Trd, 2591469.679, 150
Trd, 2591471.146, 150
Trd, 2591471.329, 150
Trd, 2591471.879, 150
Trd, 2591472.313, 150
Trd, 2591472.379, 150
Trd, 2591472.996, 150
Trd, 2591473.246, 150
Trd, 2591473.529, 150
Trd, 2591474.696, 150
Trd, 2591474.996, 150
Trd, 2591475.296, 150
Trd, 2591475.429, 150
Trd, 2591475.963, 150
Trd, 2591476.096, 149
Trd, 2591476.196, 149
Trd, 2591476.529, 150
Trd, 2591476.946, 150
Trd, 2591477.129, 148
Trd, 2591477.563, 150
Trd, 2591478.529, 150
Trd, 2591478.796, 150
Trd, 2591479.113, 150
Trd, 2591479.279, 150
Trd, 2591479.513, 130
Trd, 2591479.613, 129
Trd, 2591479.813, 101
Trd, 2591480.113, 150
Trd, 2591480.413, 114
Trd, 2591480.979, 107
Trd, 2591482.546, 101
Trd, 2591482.946, 102
Trd, 2591483.629, 100
Trd, 2591483.746, 100
Trd, 2591483.796, 103
Trd, 2591484.679, 105
Trd, 2591485.063, 125
Trd, 2591485.079, 132
Trd, 2591485.429, 103
Trd, 2591485.729, 102
Trd, 2591487.246, 101
Trd, 2591487.613, 101
Trd, 2591487.779, 103
Trd, 2591488.096, 101
Trd, 2591488.179, 107
Trd, 2591488.413, 102
Trd, 2591488.496, 124
Trd, 2591489.063, 106
Trd, 2591489.463, 108
Trd, 2591490.229, 111
Trd, 2591490.629, 111
Trd, 2591490.679, 110
Trd, 2591491.129, 150
Trd, 2591491.763, 150
Trd, 2591492.363, 150
Trd, 2591493.046, 150
Trd, 2591493.229, 150
Trd, 2591493.363, 150
Trd, 2591493.413, 150
Trd, 2591493.913, 150
Trd, 2591493.946, 148
Trd, 2591494.296, 149
Trd, 2591494.479, 148
Trd, 2591495.329, 142
Trd, 2591495.429, 141
Trd, 2591495.629, 140
Trd, 2591496.646, 100
Trd, 2591497.379, 100
Trd, 2591497.613, 100
Trd, 2591497.996, 100
Trd, 2591499.313, 100
Trd, 2591500.229, 102
Trd, 2591500.346, 102
Trd, 2591500.729, 103
Trd, 2591501.446, 103
Trd, 2591501.496, 102
Trd, 2591501.529, 107
Trd, 2591501.613, 101
Trd, 2591502.346, 125
Trd, 2591502.429, 126
Trd, 2591502.513, 139
Trd, 2591502.696, 126
Trd, 2591502.963, 139
Trd, 2591503.013, 125
Trd, 2591504.546, 150
Trd, 2591504.929, 150
Trd, 2591505.096, 150
Trd, 2591505.996, 150
Trd, 2591506.663, 150
Trd, 2591507.046, 150
Trd, 2591507.329, 150
Trd, 2591508.063, 150
Trd, 2591508.079, 150
Trd, 2591508.146, 150
Trd, 2591508.529, 150
Trd, 2591508.663, 150
Trd, 2591508.729, 150
Trd, 2591509.013, 149
Trd, 2591509.729, 141
Trd, 2591510.279, 147
Trd, 2591510.313, 148
Trd, 2591510.329, 142
Trd, 2591510.396, 150
Trd, 2591511.413, 147
Trd, 2591511.463, 146
Trd, 2591512.129, 150
Trd, 2591512.429, 147
Trd, 2591512.896, 149
Trd, 2591513.113, 149
Trd, 2591513.929, 150
Trd, 2591515.113, 150
Trd, 2591515.329, 150
Trd, 2591515.829, 149
Trd, 2591516.463, 150
Trd, 2591516.929, 150
Trd, 2591519.263, 150
Trd, 2591519.363, 150
Trd, 2591519.446, 150
Trd, 2591519.529, 150
Trd, 2591519.546, 150
Trd, 2591519.846, 150
Trd, 2591520.346, 150
Trd, 2591520.363, 150
Trd, 2591520.513, 150
Trd, 2591520.796, 150
Trd, 2591520.996, 149
Trd, 2591521.046, 148
Trd, 2591521.213, 128
Trd, 2591521.329, 128
Trd, 2591521.663, 150
Trd, 2591521.829, 127
Trd, 2591522.263, 141
Trd, 2591522.663, 108
Trd, 2591522.779, 107
Trd, 2591523.096, 104
Trd, 2591525.179, 103
Trd, 2591525.229, 103
Trd, 2591525.379, 103
Trd, 2591525.479, 103
Trd, 2591525.613, 103
Trd, 2591525.746, 103
Trd, 2591525.963, 104
Trd, 2591526.513, 105
Trd, 2591526.729, 106
Trd, 2591527.196, 112
Trd, 2591527.363, 108
Trd, 2591527.646, 109
Trd, 2591528.713, 109
Trd, 2591528.763, 110
Trd, 2591529.279, 101
Trd, 2591529.863, 100
Trd, 2591530.679, 112
Trd, 2591530.896, 101
Trd, 2591531.646, 102
Trd, 2591531.813, 102
Trd, 2591532.263, 103
Trd, 2591532.813, 110
Trd, 2591533.563, 105
Trd, 2591533.646, 106
Trd, 2591533.713, 105
Trd, 2591533.746, 108
Trd, 2591533.796, 104
Trd, 2591533.996, 102
Trd, 2591534.379, 103
Trd, 2591534.596, 145
Trd, 2591534.996, 110
Trd, 2591535.013, 107
Trd, 2591536.129, 150
Trd, 2591536.579, 150
Trd, 2591536.763, 150
Trd, 2591537.513, 150
Trd, 2591537.729, 150
Trd, 2591537.796, 150
Trd, 2591537.813, 150
Trd, 2591538.046, 150
Trd, 2591538.279, 150
Trd, 2591538.496, 150
Trd, 2591538.963, 150
Trd, 2591539.963, 150
Trd, 2591540.996, 150
Trd, 2591541.963, 150
Trd, 2591542.146, 150
Trd, 2591542.629, 150
Trd, 2591543.013, 150
Trd, 2591543.196, 150
Trd, 2591543.363, 150
Trd, 2591543.796, 150
Trd, 2591544.013, 148
Trd, 2591544.029, 147
Trd, 2591544.279, 147
Trd, 2591545.379, 144
Trd, 2591545.463, 136
Trd, 2591546.746, 150
Trd, 2591546.829, 139
Trd, 2591547.946, 150
Trd, 2591548.063, 150
Trd, 2591548.079, 149
Trd, 2591548.913, 148
Trd, 2591548.979, 149
Trd, 2591549.196, 150
Trd, 2591549.279, 150
Trd, 2591549.429, 149
Trd, 2591549.796, 149
Trd, 2591549.979, 150
Trd, 2591550.846, 100
Trd, 2591551.063, 101
Trd, 2591551.396, 102
Trd, 2591551.846, 101
Trd, 2591552.063, 100
Trd, 2591552.096, 104
Trd, 2591553.079, 101
Trd, 2591553.313, 100
Trd, 2591553.613, 101
Trd, 2591554.113, 102
Trd, 2591554.363, 102
Trd, 2591554.763, 107
Trd, 2591555.279, 102
Trd, 2591555.879, 150
Trd, 2591556.163, 149
Trd, 2591556.463, 150
Trd, 2591556.696, 150
Trd, 2591556.979, 150
Trd, 2591557.179, 150
Trd, 2591558.313, 150
Trd, 2591558.563, 150
Trd, 2591558.663, 150
Trd, 2591558.679, 149
Trd, 2591559.146, 124
Trd, 2591560.046, 150
Trd, 2591560.696, 110
Trd, 2591561.629, 139
Trd, 2591562.279, 111
Trd, 2591562.479, 112
Trd, 2591562.496, 117
Trd, 2591562.979, 118
Trd, 2591563.013, 119
Trd, 2591563.579, 115
Trd, 2591563.963, 117
Trd, 2591564.146, 129
Trd, 2591565.179, 138
Trd, 2591565.379, 148
Trd, 2591565.713, 137
Trd, 2591566.213, 150
Trd, 2591566.429, 149
Trd, 2591566.463, 136
Trd, 2591566.613, 136
Trd, 2591567.863, 138
Trd, 2591569.496, 142
Trd, 2591569.579, 141
Trd, 2591570.163, 150
Trd, 2591570.313, 149
Trd, 2591571.263, 149
Trd, 2591571.479, 144
Trd, 2591571.646, 143
Trd, 2591571.846, 140
Trd, 2591572.079, 126
Trd, 2591572.379, 148
Trd, 2591572.779, 115
Trd, 2591572.913, 147
Trd, 2591572.946, 147
Trd, 2591573.113, 114
Trd, 2591573.479, 102
Trd, 2591573.679, 101
Trd, 2591573.763, 148
Trd, 2591573.846, 131
Trd, 2591574.096, 102
Trd, 2591575.396, 100
Trd, 2591575.813, 100
Trd, 2591575.963, 100
Trd, 2591576.279, 103
Trd, 2591576.963, 101
Trd, 2591577.379, 101
Trd, 2591577.696, 103
Trd, 2591577.746, 101
Trd, 2591578.113, 107
Trd, 2591578.163, 101
Trd, 2591578.346, 108
Trd, 2591578.729, 100
Trd, 2591579.079, 101
Trd, 2591579.263, 114
Trd, 2591580.229, 100
Trd, 2591581.063, 100
Trd, 2591581.846, 100
Trd, 2591582.579, 100
Trd, 2591582.813, 101
Trd, 2591583.279, 100
Trd, 2591583.746, 102
Trd, 2591583.796, 102
Trd, 2591583.913, 103
Trd, 2591583.979, 103
Trd, 2591584.129, 102
Trd, 2591584.213, 102
Trd, 2591584.629, 105
Trd, 2591584.813, 107
Trd, 2591585.163, 108
Trd, 2591585.213, 106
Trd, 2591585.779, 149
Trd, 2591586.179, 139
Trd, 2591586.679, 117
Trd, 2591586.829, 116
Trd, 2591587.613, 149
Trd, 2591587.979, 148
Trd, 2591587.996, 147
Trd, 2591588.896, 144
Trd, 2591589.229, 150
Trd, 2591589.246, 150
Trd, 2591589.929, 150
Trd, 2591590.146, 150
Trd, 2591591.313, 148
Trd, 2591591.429, 147
Trd, 2591591.479, 144
Trd, 2591591.546, 144
Trd, 2591591.846, 148
Trd, 2591592.229, 143
Trd, 2591592.529, 133
Trd, 2591592.613, 101
Trd, 2591592.946, 107
Trd, 2591594.363, 150
Trd, 2591594.813, 150
Trd, 2591595.663, 150
Trd, 2591595.979, 150
Trd, 2591595.996, 150
Trd, 2591596.079, 150
Trd, 2591596.146, 150
Trd, 2591596.213, 150
Trd, 2591596.829, 150
Trd, 2591597.113, 150
Trd, 2591597.196, 150
Trd, 2591597.946, 150
Trd, 2591598.096, 150
Trd, 2591598.246, 149
Trd, 2591598.829, 150
Trd, 2591599.713, 149
Trd, 2591599.963, 150
Trd, 2591600.013, 149
Trd, 2591600.429, 116
Trd, 2591601.029, 136
Trd, 2591601.496, 150
Trd, 2591601.529, 149
Trd, 2591601.679, 148
Trd, 2591602.179, 150
Trd, 2591602.763, 150
Trd, 2591602.796, 150
Trd, 2591603.563, 138
Trd, 2591604.296, 150
Trd, 2591604.846, 139
Trd, 2591604.946, 149
Trd, 2591605.613, 150
Trd, 2591606.429, 150
Trd, 2591606.629, 149
Trd, 2591607.046, 141
Trd, 2591607.163, 140
Trd, 2591607.279, 113
Trd, 2591607.363, 119
Trd, 2591607.629, 112
Trd, 2591607.846, 136
Trd, 2591608.929, 133
Trd, 2591609.029, 129
Trd, 2591609.346, 136
Trd, 2591609.863, 146
Trd, 2591610.963, 100
Trd, 2591611.079, 100
Trd, 2591612.013, 101
Trd, 2591612.129, 101
Trd, 2591612.196, 102
Trd, 2591612.496, 106
Trd, 2591612.696, 117
Trd, 2591612.829, 125
Trd, 2591613.596, 150
Trd, 2591614.246, 150
Trd, 2591614.313, 150
Trd, 2591614.446, 150
Trd, 2591614.529, 150
Trd, 2591614.913, 150
Trd, 2591615.013, 150
Trd, 2591615.413, 150
Trd, 2591615.863, 150
Trd, 2591616.479, 150
Trd, 2591616.796, 150
Trd, 2591617.729, 150
Trd, 2591617.763, 150
Trd, 2591618.396, 150
Trd, 2591618.696, 150
Trd, 2591619.646, 150
Trd, 2591619.896, 150
Trd, 2591620.496, 150
Trd, 2591620.679, 150
Trd, 2591620.846, 150
Trd, 2591621.246, 150
Trd, 2591621.496, 150
Trd, 2591622.213, 150
Trd, 2591622.263, 150
Trd, 2591622.896, 150
Trd, 2591623.429, 149
Trd, 2591624.046, 149
Trd, 2591624.229, 149
Trd, 2591624.246, 148
Trd, 2591624.296, 100
Trd, 2591624.913, 100
Trd, 2591625.446, 105
Trd, 2591626.279, 144
Trd, 2591626.596, 147
Trd, 2591627.079, 146
Trd, 2591627.146, 117
Trd, 2591627.179, 147
Trd, 2591627.379, 148
Trd, 2591627.913, 149
Trd, 2591628.163, 121
Trd, 2591628.296, 150
Trd, 2591628.413, 150
Trd, 2591628.429, 150
Trd, 2591629.513, 149
Trd, 2591629.613, 150
Trd, 2591629.629, 148
Trd, 2591630.179, 150
Trd, 2591630.596, 150
Trd, 2591631.096, 150
Trd, 2591632.329, 150
Trd, 2591632.363, 150
Trd, 2591632.479, 150
Trd, 2591632.979, 148
Trd, 2591633.913, 150
Trd, 2591634.313, 150
Trd, 2591634.329, 148
Trd, 2591635.246, 149
Trd, 2591635.363, 149
Trd, 2591635.596, 148
Trd, 2591635.663, 149
Trd, 2591636.096, 150
Trd, 2591636.146, 150
Trd, 2591636.746, 150
Trd, 2591637.079, 150
Trd, 2591637.679, 150
Trd, 2591637.879, 150
Trd, 2591638.596, 150
Trd, 2591640.679, 150
Trd, 2591641.029, 150
Trd, 2591641.229, 150
Trd, 2591641.563, 150
Trd, 2591641.579, 150
Trd, 2591641.746, 150
Trd, 2591641.863, 150
Trd, 2591641.879, 149
Trd, 2591642.146, 145
Trd, 2591642.563, 144
Trd, 2591642.813, 145
Trd, 2591642.979, 143
Trd, 2591642.996, 127
Trd, 2591644.246, 114
Trd, 2591644.413, 144
Trd, 2591644.446, 107
Trd, 2591644.763, 103
Trd, 2591645.363, 100
Trd, 2591645.696, 105
Trd, 2591646.179, 100
Trd, 2591646.279, 101
Trd, 2591646.496, 105
Trd, 2591646.529, 106
Trd, 2591647.429, 125
Trd, 2591647.829, 102
Trd, 2591648.379, 104
Trd, 2591648.829, 104
Trd, 2591649.463, 149
Trd, 2591649.579, 148
Trd, 2591649.913, 148
Trd, 2591650.463, 150
Trd, 2591650.496, 150
Trd, 2591650.913, 150
Trd, 2591651.046, 149
Trd, 2591651.179, 150
Trd, 2591651.946, 149
Trd, 2591651.963, 147
Trd, 2591652.796, 110
Trd, 2591653.513, 133
Trd, 2591653.646, 128
Trd, 2591653.863, 128
Trd, 2591654.429, 132
Trd, 2591654.646, 129
Trd, 2591654.829, 129
Trd, 2591655.213, 127
Trd, 2591655.296, 125
Trd, 2591655.829, 121
Trd, 2591656.613, 150
Trd, 2591656.813, 127
Trd, 2591657.279, 117
Trd, 2591658.013, 149
Trd, 2591659.146, 146
Trd, 2591660.146, 150
Trd, 2591660.496, 150
Trd, 2591660.663, 150
Trd, 2591660.929, 150
Trd, 2591661.029, 150
Trd, 2591661.779, 150
Trd, 2591661.896, 150
Trd, 2591662.146, 150
Trd, 2591662.279, 148
Trd, 2591662.529, 150
Trd, 2591663.346, 150
Trd, 2591664.013, 150
Trd, 2591664.096, 150
Trd, 2591665.163, 150
Trd, 2591665.213, 150
Trd, 2591665.229, 150
Trd, 2591665.413, 150
Trd, 2591665.729, 150
Trd, 2591665.813, 150
Trd, 2591665.963, 148
Trd, 2591666.013, 133
Trd, 2591666.063, 148
Trd, 2591666.246, 148
Trd, 2591666.396, 133
Trd, 2591666.546, 147
Trd, 2591667.246, 104
Trd, 2591667.779, 104
Trd, 2591669.213, 101
Trd, 2591669.296, 102
Trd, 2591669.463, 100
Trd, 2591670.163, 100
Trd, 2591670.179, 104
Trd, 2591670.496, 103
Trd, 2591671.646, 106
Trd, 2591672.096, 101
Trd, 2591673.246, 100
Trd, 2591673.596, 101
Trd, 2591673.846, 103
Trd, 2591673.963, 105
Trd, 2591674.096, 105
Trd, 2591674.579, 108
Trd, 2591674.896, 148
Trd, 2591675.796, 150
Trd, 2591675.929, 150
Trd, 2591675.979, 150
Trd, 2591676.046, 150
Trd, 2591676.696, 150
Trd, 2591676.796, 149
Trd, 2591677.596, 150
Trd, 2591678.513, 150
Trd, 2591678.613, 150
Trd, 2591679.063, 150
Trd, 2591680.146, 150
Trd, 2591680.163, 150
Trd, 2591680.363, 150
Trd, 2591681.396, 150
Trd, 2591681.429, 150
Trd, 2591681.679, 150
Trd, 2591681.746, 150
Trd, 2591681.979, 150
Trd, 2591682.346, 150
Trd, 2591682.463, 150
Trd, 2591682.879, 150
Trd, 2591683.013, 150
Trd, 2591683.296, 150
Trd, 2591683.329, 132
Trd, 2591683.546, 131
Trd, 2591684.179, 100
Trd, 2591684.246, 102
Trd, 2591685.413, 100
Trd, 2591685.613, 101
Trd, 2591685.846, 100
Trd, 2591687.146, 100
Trd, 2591687.296, 100
Trd, 2591687.646, 106
Trd, 2591687.796, 108
Trd, 2591687.996, 109
Trd, 2591688.013, 108
Trd, 2591688.096, 121
Trd, 2591688.829, 103
Trd, 2591688.979, 102
Trd, 2591689.363, 101
Trd, 2591689.813, 102
Trd, 2591690.513, 107
Trd, 2591690.646, 109
Trd, 2591691.196, 125
Trd, 2591691.329, 105
Trd, 2591691.346, 133
Trd, 2591691.813, 100
Trd, 2591692.046, 101
Trd, 2591693.096, 137
Trd, 2591693.313, 138
Trd, 2591693.629, 140
Trd, 2591693.879, 150
Trd, 2591693.896, 148
Trd, 2591694.863, 149
Trd, 2591695.229, 149
Trd, 2591696.229, 150
Trd, 2591696.313, 150
Trd, 2591696.379, 150
Trd, 2591697.129, 150
Trd, 2591697.663, 150
Trd, 2591698.113, 150
Trd, 2591698.963, 150
Trd, 2591699.646, 150
Trd, 2591700.696, 150
Trd, 2591700.896, 150
Trd, 2591702.079, 150
Trd, 2591702.146, 150
Trd, 2591702.413, 150
Trd, 2591702.746, 150
Trd, 2591702.763, 150
Trd, 2591703.213, 150
Trd, 2591703.329, 150
Trd, 2591703.496, 148
Trd, 2591703.746, 142
Trd, 2591703.813, 141
Trd, 2591704.029, 137
Trd, 2591704.046, 147
Trd, 2591704.096, 148
Trd, 2591704.763, 147
Trd, 2591705.263, 146
Trd, 2591705.363, 147
Trd, 2591705.463, 143
Trd, 2591705.679, 139
Trd, 2591706.679, 150
Trd, 2591706.913, 150
Trd, 2591707.079, 150
Trd, 2591707.596, 149
Trd, 2591708.896, 133
Trd, 2591709.229, 133
Trd, 2591709.296, 131
Trd, 2591709.913, 150
Trd, 2591710.179, 149
Trd, 2591710.596, 150
Trd, 2591710.896, 150
Trd, 2591711.296, 150
Trd, 2591711.946, 150
Trd, 2591712.263, 150
Trd, 2591712.396, 150
Trd, 2591712.446, 150
Trd, 2591712.479, 150
Trd, 2591712.529, 149
Trd, 2591712.979, 148
Trd, 2591713.096, 147
Trd, 2591713.363, 135
Trd, 2591713.963, 135
Trd, 2591714.213, 150
Trd, 2591715.079, 132
Trd, 2591715.963, 144
Trd, 2591717.046, 100
Trd, 2591717.296, 101
Trd, 2591717.729, 101
Trd, 2591717.996, 101
Trd, 2591718.129, 104
Trd, 2591718.163, 102
Trd, 2591718.413, 109
Trd, 2591718.813, 121
Trd, 2591719.096, 145
Trd, 2591719.296, 144
Trd, 2591719.813, 132
Trd, 2591719.829, 131
Trd, 2591720.179, 139
Trd, 2591720.496, 141
Trd, 2591720.863, 140
Trd, 2591721.013, 130
Trd, 2591722.613, 150
Trd, 2591722.729, 149
Trd, 2591722.979, 150
Trd, 2591724.196, 150
Trd, 2591724.229, 150
Trd, 2591724.563, 150
Trd, 2591724.596, 150
Trd, 2591724.696, 150
Trd, 2591724.713, 150
Trd, 2591724.813, 148
Trd, 2591725.379, 150
Trd, 2591726.029, 150
Trd, 2591726.229, 148
Trd, 2591726.346, 120
Trd, 2591726.446, 150
Trd, 2591726.929, 103
Trd, 2591727.646, 128
Trd, 2591729.196, 100
Trd, 2591729.663, 100
Trd, 2591729.679, 100
Trd, 2591731.379, 100
Trd, 2591731.679, 100
Trd, 2591731.979, 100
Trd, 2591732.063, 100
Trd, 2591732.229, 100
Trd, 2591732.846, 106
Trd, 2591733.163, 105
Trd, 2591733.246, 104
Trd, 2591733.596, 104
Trd, 2591733.846, 105
Trd, 2591733.996, 107
Trd, 2591734.163, 109
Trd, 2591734.279, 106
Trd, 2591734.363, 126
Trd, 2591735.063, 110
Trd, 2591735.496, 110
Trd, 2591735.663, 109
Trd, 2591736.529, 101
Trd, 2591737.079, 129
Trd, 2591737.563, 150
Trd, 2591738.413, 150
Trd, 2591738.963, 150
Trd, 2591739.013, 150
Trd, 2591739.113, 150
Trd, 2591739.413, 150
Trd, 2591739.479, 150
Trd, 2591739.896, 150
Trd, 2591740.496, 149
Trd, 2591740.646, 148
Trd, 2591741.096, 148
Trd, 2591741.513, 147
Trd, 2591741.796, 150
Trd, 2591742.146, 149
Trd, 2591742.646, 122
Trd, 2591742.663, 121
Trd, 2591742.879, 148
Trd, 2591743.313, 148
Trd, 2591743.396, 118
Trd, 2591743.629, 150
Trd, 2591743.846, 150
Trd, 2591744.263, 148
Trd, 2591744.363, 150
Trd, 2591744.429, 149
Trd, 2591744.679, 149
Trd, 2591744.846, 148
Trd, 2591746.463, 149
Trd, 2591746.579, 149
Trd, 2591746.763, 147
Trd, 2591746.896, 149
Trd, 2591746.963, 114
Trd, 2591747.463, 103
Trd, 2591747.896, 100
Trd, 2591748.196, 100
Trd, 2591749.129, 100
Trd, 2591750.396, 100
Trd, 2591750.413, 100
Trd, 2591750.646, 100
Trd, 2591750.729, 101
Trd, 2591750.929, 102
Trd, 2591751.079, 118
Trd, 2591751.663, 137
Trd, 2591752.246, 108
Trd, 2591752.279, 107
Trd, 2591752.813, 129
Trd, 2591753.529, 128
Trd, 2591753.563, 127
Trd, 2591754.263, 128
Trd, 2591754.396, 130
Trd, 2591754.429, 129
Trd, 2591755.413, 132
Trd, 2591755.563, 132
Trd, 2591755.846, 132
Trd, 2591756.596, 136
Trd, 2591757.063, 137
Trd, 2591757.363, 149
Trd, 2591758.813, 150
Trd, 2591759.363, 150
Trd, 2591759.579, 150
Trd, 2591760.213, 150
Trd, 2591760.246, 150
Trd, 2591760.429, 150
Trd, 2591760.613, 150
Trd, 2591760.629, 149
Trd, 2591761.446, 150
Trd, 2591761.529, 150
Trd, 2591761.546, 150
Trd, 2591761.913, 150
Trd, 2591761.929, 148
Trd, 2591762.413, 144
Trd, 2591762.763, 147
Trd, 2591762.813, 144
Trd, 2591763.296, 126
Trd, 2591763.863, 125
Trd, 2591764.079, 144
Trd, 2591764.679, 114
Trd, 2591764.829, 131
Trd, 2591766.129, 138
Trd, 2591766.246, 139
Trd, 2591766.296, 140
Trd, 2591766.313, 110
Trd, 2591767.113, 107
Trd, 2591767.196, 107
Trd, 2591767.413, 108
Trd, 2591767.563, 108
Trd, 2591767.963, 111
Trd, 2591768.146, 112
Trd, 2591769.196, 121
Trd, 2591769.696, 120
Trd, 2591769.713, 118
Trd, 2591769.796, 117
Trd, 2591770.513, 122
Trd, 2591770.629, 108
Trd, 2591770.863, 125
Trd, 2591771.013, 111
Trd, 2591771.546, 115
Trd, 2591771.646, 111
Trd, 2591771.763, 111
Trd, 2591772.946, 101
Trd, 2591773.229, 100
Trd, 2591773.246, 101
Trd, 2591773.313, 100
Trd, 2591773.963, 100
Trd, 2591774.146, 100
Trd, 2591774.179, 103
Trd, 2591774.846, 100
Trd, 2591775.163, 109
Trd, 2591775.763, 148
Trd, 2591775.896, 103
Trd, 2591776.213, 107
Trd, 2591776.346, 104
Trd, 2591776.446, 128
Trd, 2591777.663, 124
Trd, 2591777.779, 123
Trd, 2591777.946, 121
Trd, 2591778.279, 100
Trd, 2591778.446, 127
Trd, 2591778.813, 103
Trd, 2591779.563, 100
Trd, 2591781.263, 100
Trd, 2591781.929, 100
Trd, 2591782.579, 100
Trd, 2591782.863, 100
Trd, 2591782.996, 102
Trd, 2591783.179, 106
Trd, 2591783.463, 105
Trd, 2591783.763, 106
Trd, 2591783.779, 104
Trd, 2591783.846, 103
Trd, 2591784.429, 110
Trd, 2591784.679, 104
Trd, 2591784.879, 129
Trd, 2591785.146, 103
Trd, 2591785.413, 105
Trd, 2591785.529, 105
Trd, 2591785.663, 104
Trd, 2591786.079, 102
Trd, 2591786.496, 105
Trd, 2591787.696, 111
Trd, 2591788.013, 112
Trd, 2591788.596, 108
Trd, 2591788.679, 112
Trd, 2591788.946, 108
Trd, 2591789.213, 107
Trd, 2591789.363, 105
Trd, 2591789.613, 105
Trd, 2591789.679, 104
Trd, 2591789.846, 101
Trd, 2591791.029, 150
Trd, 2591791.229, 150
Trd, 2591791.979, 104
Trd, 2591792.463, 150
Trd, 2591792.579, 111
Trd, 2591794.029, 107
Trd, 2591794.129, 108
Trd, 2591795.463, 138
Trd, 2591795.479, 126
Trd, 2591795.663, 125
Trd, 2591796.063, 125
Trd, 2591796.529, 139
Trd, 2591798.379, 147
Trd, 2591798.413, 141
Trd, 2591798.629, 142
Trd, 2591798.646, 141
Trd, 2591798.663, 116
Trd, 2591799.129, 148
Trd, 2591799.479, 148
Trd, 2591800.263, 150
Trd, 2591800.413, 150
Trd, 2591800.596, 150
Trd, 2591800.879, 150
Trd, 2591801.129, 150
Trd, 2591801.296, 150
Trd, 2591801.396, 150
Trd, 2591801.463, 150
Trd, 2591801.663, 128
Trd, 2591802.413, 128
Trd, 2591802.579, 100
Trd, 2591803.229, 109
Trd, 2591803.863, 149
Trd, 2591804.596, 146
Trd, 2591804.613, 145
Trd, 2591804.679, 142
Trd, 2591804.796, 142
Trd, 2591804.813, 141
Trd, 2591805.079, 118
Trd, 2591805.946, 142
Trd, 2591805.963, 126
Trd, 2591806.113, 144
Trd, 2591806.563, 120
Trd, 2591806.996, 120
Trd, 2591807.129, 119
Trd, 2591807.863, 143
Trd, 2591808.979, 123
Trd, 2591809.696, 124
Trd, 2591809.979, 124
Trd, 2591810.113, 142
Trd, 2591810.213, 118
Trd, 2591810.413, 148
Trd, 2591811.546, 150
Trd, 2591811.896, 149
Trd, 2591812.113, 100
Trd, 2591813.146, 100
Trd, 2591813.213, 100
Trd, 2591813.313, 100
Trd, 2591813.496, 101
Trd, 2591813.529, 103
Trd, 2591813.546, 104
Trd, 2591813.896, 103
Trd, 2591813.929, 102
Trd, 2591814.296, 101
Trd, 2591814.563, 150
Trd, 2591815.296, 117
Trd, 2591816.929, 100
Trd, 2591817.596, 101
Trd, 2591817.613, 101
Trd, 2591817.696, 102
Trd, 2591818.479, 101
Trd, 2591818.913, 102
Trd, 2591819.279, 104
Trd, 2591819.529, 105
Trd, 2591819.613, 106
Trd, 2591820.046, 111
Trd, 2591820.146, 107
Trd, 2591820.263, 106
Trd, 2591820.629, 115
Trd, 2591820.979, 128
Trd, 2591821.746, 108
Trd, 2591821.779, 107
Trd, 2591822.513, 145
Trd, 2591823.246, 150
Trd, 2591823.446, 150
Trd, 2591823.846, 150
Trd, 2591824.463, 150
Trd, 2591824.629, 150
Trd, 2591824.929, 150
Trd, 2591825.163, 150
Trd, 2591825.329, 150
Trd, 2591825.846, 150
Trd, 2591826.196, 150
Trd, 2591826.379, 147
Trd, 2591826.429, 147
Trd, 2591827.429, 110
Trd, 2591828.063, 150
Trd, 2591828.579, 150
Trd, 2591829.279, 150
Trd, 2591829.946, 150
Trd, 2591830.063, 150
Trd, 2591830.296, 149
Trd, 2591831.229, 150
Trd, 2591832.129, 150
Trd, 2591832.846, 150
Trd, 2591833.613, 150
Trd, 2591833.763, 150
Trd, 2591833.879, 150
Trd, 2591834.013, 150
Trd, 2591834.313, 150
Trd, 2591834.363, 149
Trd, 2591835.246, 150
Trd, 2591835.296, 150
Trd, 2591835.363, 150
Trd, 2591835.613, 120
Trd, 2591835.763, 110
Trd, 2591835.929, 150
Trd, 2591836.279, 110
Trd, 2591836.813, 146
Trd, 2591837.563, 150
Trd, 2591837.663, 150
Trd, 2591837.679, 149
Trd, 2591838.196, 150
Trd, 2591838.829, 150
Trd, 2591839.213, 150
Trd, 2591840.546, 150
Trd, 2591841.029, 147
Trd, 2591841.513, 150
Trd, 2591841.563, 147
Trd, 2591841.579, 146
Trd, 2591841.646, 146
Trd, 2591842.129, 148
Trd, 2591842.296, 127
Trd, 2591842.396, 150
Trd, 2591843.046, 115
Trd, 2591843.246, 131
Trd, 2591843.846, 123
Trd, 2591843.863, 122
Trd, 2591843.879, 121
Trd, 2591843.996, 147
Trd, 2591844.429, 114
Trd, 2591844.979, 111
Trd, 2591844.996, 125
Trd, 2591845.429, 126
Trd, 2591847.596, 108
Trd, 2591847.863, 100
Trd, 2591847.996, 109
Trd, 2591848.146, 102
Trd, 2591849.396, 100
Trd, 2591849.729, 100
Trd, 2591850.329, 100
Trd, 2591850.363, 100
Trd, 2591850.546, 100
Trd, 2591851.146, 100
Trd, 2591851.346, 100
Trd, 2591851.413, 100
Trd, 2591851.996, 100
Trd, 2591852.013, 100
Trd, 2591852.046, 101
Trd, 2591852.079, 101
Trd, 2591852.929, 100
Trd, 2591852.946, 100
Trd, 2591853.013, 102
Trd, 2591853.146, 103
Trd, 2591854.063, 101
Trd, 2591854.629, 100
Trd, 2591854.746, 101
Trd, 2591855.079, 150
Trd, 2591855.629, 150
Trd, 2591855.846, 150
Trd, 2591855.913, 150
Trd, 2591856.779, 150
Trd, 2591857.013, 150
Trd, 2591857.113, 150
Trd, 2591857.179, 149
Trd, 2591858.779, 134
Trd, 2591858.896, 133
Trd, 2591859.229, 131
Trd, 2591859.363, 150
Trd, 2591861.196, 150
Trd, 2591861.229, 150
Trd, 2591861.279, 150
Trd, 2591861.946, 150
Trd, 2591862.346, 150
Trd, 2591862.363, 150
Trd, 2591862.729, 150
Trd, 2591862.746, 150
Trd, 2591862.846, 150
Trd, 2591862.963, 149
Trd, 2591863.346, 150
Trd, 2591863.396, 149
Trd, 2591863.646, 148
Trd, 2591863.863, 148
Trd, 2591865.096, 141
Trd, 2591865.346, 131
Trd, 2591865.513, 130
Trd, 2591865.579, 143
Trd, 2591865.663, 145
Trd, 2591865.896, 118
Trd, 2591866.863, 103
Trd, 2591867.313, 102
Trd, 2591868.329, 103
Trd, 2591868.913, 100
Trd, 2591868.929, 100
Trd, 2591869.179, 116
Trd, 2591869.329, 104
Trd, 2591870.779, 119
Trd, 2591871.513, 119
Trd, 2591871.796, 125
Trd, 2591871.879, 132
Trd, 2591872.113, 127
Trd, 2591872.146, 126
Trd, 2591872.179, 126
Trd, 2591872.246, 126
Trd, 2591872.996, 132
Trd, 2591873.146, 129
Trd, 2591873.196, 129
Trd, 2591873.213, 128
Trd, 2591874.146, 150
Trd, 2591874.396, 150
Trd, 2591874.446, 150
Trd, 2591874.546, 150
Trd, 2591876.013, 150
Trd, 2591876.296, 150
Trd, 2591876.346, 150
Trd, 2591876.579, 150
Trd, 2591876.713, 150
Trd, 2591877.329, 150
Trd, 2591877.563, 150
Trd, 2591877.746, 150
Trd, 2591878.029, 150
Trd, 2591878.463, 102
Trd, 2591878.629, 109
Trd, 2591878.829, 101
Trd, 2591879.346, 101
Trd, 2591879.813, 101
Trd, 2591879.846, 101
Trd, 2591879.896, 101
Trd, 2591880.179, 105
Trd, 2591880.479, 133
Trd, 2591881.579, 140
Trd, 2591882.179, 141
Trd, 2591882.463, 148
Trd, 2591882.713, 139
Trd, 2591883.496, 136
Trd, 2591883.996, 142
Trd, 2591885.713, 150
Trd, 2591886.129, 150
Trd, 2591886.263, 150
Trd, 2591886.696, 149
Trd, 2591887.029, 146
Trd, 2591887.429, 146
Trd, 2591887.713, 148
Trd, 2591887.896, 142
Trd, 2591887.996, 141
Trd, 2591888.546, 141
Trd, 2591889.413, 149
Trd, 2591889.429, 148
Trd, 2591889.629, 150
Trd, 2591890.029, 143
Trd, 2591890.563, 143
Trd, 2591891.313, 150
Trd, 2591891.463, 150
Trd, 2591891.779, 150
Trd, 2591892.129, 150
Trd, 2591892.179, 150
Trd, 2591892.213, 150
Trd, 2591892.329, 150
Trd, 2591892.463, 148
Trd, 2591893.063, 149
Trd, 2591893.896, 146
Trd, 2591893.913, 142
Trd, 2591894.813, 141
Trd, 2591894.913, 112
Trd, 2591895.096, 141
Trd, 2591895.513, 114
Trd, 2591895.829, 115
Trd, 2591896.113, 116
Trd, 2591896.529, 118
Trd, 2591896.596, 127
Trd, 2591896.713, 117
Trd, 2591897.313, 117
Trd, 2591897.413, 118
Trd, 2591897.613, 117
Trd, 2591899.146, 113
Trd, 2591899.496, 112
Trd, 2591900.029, 112
Trd, 2591900.096, 113
Trd, 2591900.163, 113
Trd, 2591900.229, 112
Trd, 2591900.246, 114
Trd, 2591900.479, 112
Trd, 2591900.829, 111
Trd, 2591901.096, 150
Trd, 2591901.246, 105
Trd, 2591902.063, 150
Trd, 2591902.296, 148
Trd, 2591902.529, 110
Trd, 2591903.463, 112
Trd, 2591903.729, 113
Trd, 2591904.179, 147
Trd, 2591906.029, 100
Trd, 2591906.196, 100
Trd, 2591906.513, 100
Trd, 2591906.829, 101
Trd, 2591907.046, 103
Trd, 2591907.096, 103
Trd, 2591907.246, 103
Trd, 2591907.496, 105
Trd, 2591907.613, 105
Trd, 2591907.629, 104
Trd, 2591907.996, 105
Trd, 2591908.113, 103
Trd, 2591910.279, 100
Trd, 2591910.879, 100
Trd, 2591911.179, 100
Trd, 2591911.663, 100
Trd, 2591912.613, 102
Trd, 2591912.763, 103
Trd, 2591912.813, 106
Trd, 2591913.029, 103
Trd, 2591913.046, 107
Trd, 2591913.246, 102
Trd, 2591913.446, 100
Trd, 2591913.546, 100
Trd, 2591913.596, 101
Trd, 2591914.396, 104
Trd, 2591914.446, 103
Trd, 2591915.246, 105
Trd, 2591915.279, 104
Trd, 2591915.979, 102
Trd, 2591916.013, 107
Trd, 2591916.346, 111
Trd, 2591916.929, 138
Trd, 2591918.213, 136
Trd, 2591918.596, 150
Trd, 2591918.679, 150
Trd, 2591918.713, 117
Trd, 2591918.896, 131
Trd, 2591919.513, 150
Trd, 2591919.729, 150
Trd, 2591920.046, 150
Trd, 2591920.129, 120
Trd, 2591920.463, 150
Trd, 2591921.479, 150
Trd, 2591921.496, 150
Trd, 2591921.813, 150
Trd, 2591922.546, 150
Trd, 2591922.563, 150
Trd, 2591922.796, 150
Trd, 2591922.813, 115
Trd, 2591923.313, 108
Trd, 2591925.129, 139
Trd, 2591925.596, 136
Trd, 2591925.763, 111
Trd, 2591926.863, 136
Trd, 2591927.013, 129
Trd, 2591927.096, 128
Trd, 2591927.413, 127
Trd, 2591927.596, 107
Trd, 2591927.779, 106
Trd, 2591928.079, 106
Trd, 2591928.579, 107
Trd, 2591928.596, 108
Trd, 2591928.813, 106
Trd, 2591929.346, 144
Trd, 2591929.579, 109
Trd, 2591929.646, 108
Trd, 2591930.429, 135
Trd, 2591930.913, 150
Trd, 2591930.929, 149
Trd, 2591931.329, 121
Trd, 2591931.546, 142
Trd, 2591932.029, 142
Trd, 2591933.329, 100
Trd, 2591933.379, 100
Trd, 2591933.463, 101
Trd, 2591933.629, 102
Trd, 2591934.796, 104
Trd, 2591935.229, 104
Trd, 2591935.363, 104
Trd, 2591935.529, 105
Trd, 2591935.596, 104
Trd, 2591935.896, 150
Trd, 2591936.179, 150
Trd, 2591936.679, 122
Trd, 2591937.613, 150
Trd, 2591938.146, 150
Trd, 2591938.246, 150
Trd, 2591938.579, 150
Trd, 2591938.779, 150
Trd, 2591939.163, 150
Trd, 2591939.496, 150
Trd, 2591940.329, 149
Trd, 2591940.579, 150
Trd, 2591941.146, 125
Trd, 2591941.279, 117
Trd, 2591942.146, 150
Trd, 2591943.479, 150
Trd, 2591943.746, 150
Trd, 2591943.796, 150
Trd, 2591943.896, 150
Trd, 2591944.246, 150
Trd, 2591944.679, 150
Trd, 2591944.729, 150
Trd, 2591944.979, 149
Trd, 2591945.646, 100
Trd, 2591945.746, 101
Trd, 2591946.663, 100
Trd, 2591947.196, 100
Trd, 2591947.779, 100
Trd, 2591947.896, 100
Trd, 2591948.263, 102
Trd, 2591948.679, 100
Trd, 2591948.913, 104
Trd, 2591949.179, 106
Trd, 2591950.496, 100
Trd, 2591950.563, 101
Trd, 2591950.913, 102
Trd, 2591951.063, 102
Trd, 2591951.129, 102
Trd, 2591951.229, 104
Trd, 2591951.479, 107
Trd, 2591951.629, 105
Trd, 2591951.663, 108
Trd, 2591951.896, 106
Trd, 2591952.563, 106
Trd, 2591952.596, 108
Trd, 2591953.263, 132
Trd, 2591953.696, 135
Trd, 2591953.763, 134
Trd, 2591953.796, 132
Trd, 2591953.996, 133
Trd, 2591954.163, 137
Trd, 2591954.313, 147
Trd, 2591954.529, 133
Trd, 2591954.646, 124
Trd, 2591955.063, 101
Trd, 2591955.763, 129
Trd, 2591956.396, 101
Trd, 2591956.596, 109
Trd, 2591957.513, 128
Trd, 2591957.579, 127
Trd, 2591958.313, 150
Trd, 2591958.813, 150
Trd, 2591959.246, 150
Trd, 2591960.063, 150
Trd, 2591960.729, 150
Trd, 2591960.896, 150
Trd, 2591961.146, 150
Trd, 2591963.446, 150
Trd, 2591963.596, 150
Trd, 2591963.663, 150
Trd, 2591963.779, 150
Trd, 2591963.829, 150
Trd, 2591963.879, 150
Trd, 2591963.963, 150
Trd, 2591964.413, 125
Trd, 2591964.479, 124
Trd, 2591964.979, 149
Trd, 2591965.013, 146
Trd, 2591965.479, 150
Trd, 2591966.813, 150
Trd, 2591967.279, 150
Trd, 2591967.763, 150
Trd, 2591968.196, 150
Trd, 2591968.513, 150
Trd, 2591968.979, 150
Trd, 2591969.096, 150
Trd, 2591969.163, 150
Trd, 2591969.463, 147
Trd, 2591969.629, 148
Trd, 2591970.346, 130
Trd, 2591970.563, 130
Trd, 2591971.029, 129
Trd, 2591971.179, 129
Trd, 2591971.463, 114
Trd, 2591971.979, 149
Trd, 2591972.079, 113
Trd, 2591972.879, 100
Trd, 2591973.763, 100
Trd, 2591973.946, 100
Trd, 2591973.979, 100
Trd, 2591974.379, 100
Trd, 2591974.446, 100
Trd, 2591975.513, 101
Trd, 2591976.129, 101
Trd, 2591976.213, 101
Trd, 2591976.229, 102
Trd, 2591976.396, 102
Trd, 2591976.479, 100
Trd, 2591977.863, 101
Trd, 2591978.313, 101
Trd, 2591978.696, 101
Trd, 2591979.013, 106
Trd, 2591979.279, 101
Trd, 2591979.679, 101
Trd, 2591980.279, 108
Trd, 2591980.963, 113
Trd, 2591981.129, 114
Trd, 2591981.263, 114
Trd, 2591981.663, 114
Trd, 2591981.979, 119
Trd, 2591982.013, 113
Trd, 2591982.096, 120
Trd, 2591982.579, 120
Trd, 2591982.779, 116
Trd, 2591983.246, 115
Trd, 2591983.463, 118
Trd, 2591983.563, 120
Trd, 2591984.013, 150
Trd, 2591984.096, 150
Trd, 2591984.596, 150
Trd, 2591985.679, 133
Trd, 2591986.329, 150
Trd, 2591986.446, 150
Trd, 2591986.996, 148
Trd, 2591987.229, 147
Trd, 2591988.163, 150
Trd, 2591988.696, 150
Trd, 2591989.129, 150
Trd, 2591989.246, 149
Trd, 2591989.696, 150
Trd, 2591989.846, 150
Trd, 2591989.996, 150
Trd, 2591990.096, 150
Trd, 2591990.429, 150
Trd, 2591990.446, 150
Trd, 2591990.779, 149
Trd, 2591991.113, 149
Trd, 2591991.629, 143
Trd, 2591992.013, 150
Trd, 2591992.029, 133
Trd, 2591993.129, 131
Trd, 2591993.263, 150
Trd, 2591993.279, 131
Trd, 2591994.263, 150
Trd, 2591994.563, 150
Trd, 2591994.746, 150
Trd, 2591994.829, 143
Trd, 2591994.863, 119
Trd, 2591994.929, 106
Trd, 2591995.363, 149
Trd, 2591996.079, 149
Trd, 2591997.063, 150
Trd, 2591997.413, 150
Trd, 2591997.563, 150
Trd, 2591997.846, 150
Trd, 2591998.863, 150
Trd, 2591999.179, 150
Trd, 2591999.763, 150
