Trd, 2590845.146, 116
Trd, 2590845.613, 120
Trd, 2590846.013, 120
Trd, 2590846.096, 123
Trd, 2590846.279, 124
Trd, 2590846.496, 125
Trd, 2590846.613, 142
Trd, 2590846.629, 112
Trd, 2590846.729, 119
Trd, 2590846.996, 112
Trd, 2590847.713, 150
Trd, 2590848.679, 150
Trd, 2590848.729, 150
Trd, 2590848.846, 148
Trd, 2590849.313, 148
Trd, 2590849.329, 146
Trd, 2590851.613, 150
Trd, 2590851.879, 150
Trd, 2590851.946, 150
Trd, 2590852.213, 150
Trd, 2590852.646, 148
Trd, 2590853.063, 145
Trd, 2590854.096, 131
Trd, 2590854.113, 117
Trd, 2590854.446, 100
Trd, 2590854.696, 100
Trd, 2590854.796, 100
Trd, 2590855.479, 100
Trd, 2590855.513, 100
Trd, 2590855.863, 100
Trd, 2590856.013, 100
Trd, 2590856.063, 100
Trd, 2590856.163, 100
Trd, 2590856.646, 100
Trd, 2590856.929, 100
Trd, 2590857.079, 100
Trd, 2590857.113, 102
Trd, 2590857.579, 107
Trd, 2590858.246, 102
Trd, 2590858.263, 103
Trd, 2590858.513, 111
Trd, 2590858.746, 129
Trd, 2590859.296, 108
Trd, 2590859.346, 105
Trd, 2590859.779, 127
Trd, 2590860.079, 128
Trd, 2590860.129, 129
Trd, 2590860.663, 112
Trd, 2590861.863, 150
Trd, 2590864.279, 150
Trd, 2590864.296, 149
Trd, 2590865.279, 150
Trd, 2590865.463, 150
Trd, 2590865.713, 150
Trd, 2590865.796, 149
Trd, 2590865.946, 148
Trd, 2590865.963, 149
Trd, 2590866.013, 148
Trd, 2590866.129, 137
Trd, 2590866.263, 147
Trd, 2590866.779, 132
Trd, 2590866.796, 130
Trd, 2590867.429, 139
Trd, 2590868.279, 101
Trd, 2590868.546, 100
Trd, 2590868.879, 100
Trd, 2590869.263, 101
Trd, 2590869.479, 113
Trd, 2590869.996, 103
Trd, 2590870.596, 114
Trd, 2590870.746, 106
Trd, 2590870.963, 109
Trd, 2590871.029, 108
Trd, 2590871.313, 107
Trd, 2590871.679, 108
Trd, 2590871.763, 113
Trd, 2590871.879, 114
Trd, 2590872.596, 101
Trd, 2590873.196, 100
Trd, 2590873.679, 100
Trd, 2590873.929, 100
Trd, 2590874.996, 101
Trd, 2590875.063, 101
Trd, 2590875.213, 104
Trd, 2590876.579, 100
Trd, 2590876.896, 100
Trd, 2590876.963, 100
Trd, 2590877.529, 100
Trd, 2590877.679, 100
Trd, 2590877.829, 100
Trd, 2590877.913, 100
Trd, 2590878.013, 100
Trd, 2590878.196, 101
Trd, 2590878.579, 100
Trd, 2590878.629, 100
Trd, 2590878.779, 100
Trd, 2590878.829, 100
Trd, 2590879.063, 100
Trd, 2590879.663, 100
Trd, 2590879.679, 100
Trd, 2590880.529, 101
Trd, 2590880.746, 102
Trd, 2590881.063, 103
Trd, 2590881.279, 141
Trd, 2590882.813, 150
Trd, 2590882.946, 150
Trd, 2590882.963, 150
Trd, 2590883.046, 150
Trd, 2590883.313, 150
Trd, 2590883.696, 150
Trd, 2590883.829, 150
Trd, 2590884.046, 150
Trd, 2590885.529, 149
Trd, 2590886.163, 119
Trd, 2590886.529, 118
Trd, 2590886.713, 116
Trd, 2590887.296, 123
Trd, 2590887.579, 126
Trd, 2590887.663, 121
Trd, 2590888.163, 141
Trd, 2590888.463, 101
Trd, 2590888.496, 142
Trd, 2590889.179, 130
Trd, 2590889.813, 100
Trd, 2590890.013, 100
Trd, 2590890.829, 100
Trd, 2590890.879, 100
Trd, 2590891.113, 100
Trd, 2590891.846, 100
Trd, 2590893.629, 100
Trd, 2590893.746, 100
Trd, 2590893.829, 100
Trd, 2590894.029, 100
Trd, 2590894.279, 100
Trd, 2590894.546, 100
Trd, 2590894.813, 100
Trd, 2590895.463, 100
Trd, 2590895.479, 100
Trd, 2590895.513, 101
Trd, 2590895.596, 101
Trd, 2590896.079, 106
Trd, 2590896.546, 110
Trd, 2590896.729, 110
Trd, 2590896.879, 111
Trd, 2590896.996, 110
Trd, 2590897.729, 116
Trd, 2590897.813, 115
Trd, 2590899.396, 150
Trd, 2590899.896, 150
Trd, 2590900.113, 149
Trd, 2590900.563, 149
Trd, 2590900.763, 150
Trd, 2590900.946, 118
Trd, 2590901.229, 108
Trd, 2590901.413, 106
Trd, 2590901.763, 104
Trd, 2590902.596, 100
Trd, 2590903.229, 100
Trd, 2590904.463, 100
Trd, 2590904.479, 100
Trd, 2590904.796, 100
Trd, 2590905.146, 100
Trd, 2590905.279, 100
Trd, 2590905.496, 100
Trd, 2590905.663, 100
Trd, 2590905.779, 100
Trd, 2590906.596, 100
Trd, 2590906.896, 100
Trd, 2590907.163, 101
Trd, 2590907.279, 100
Trd, 2590907.596, 100
Trd, 2590907.663, 100
Trd, 2590907.679, 100
Trd, 2590907.896, 100
Trd, 2590908.229, 100
Trd, 2590908.913, 100
Trd, 2590909.763, 100
Trd, 2590910.029, 100
Trd, 2590910.129, 100
Trd, 2590910.363, 100
Trd, 2590910.479, 100
Trd, 2590912.179, 100
Trd, 2590912.229, 100
Trd, 2590912.413, 100
Trd, 2590912.963, 100
Trd, 2590913.196, 100
Trd, 2590913.246, 101
Trd, 2590913.563, 101
Trd, 2590917.129, 100
Trd, 2590917.746, 100
Trd, 2590918.829, 100
Trd, 2590918.896, 100
Trd, 2590919.046, 100
Trd, 2590919.196, 100
Trd, 2590919.213, 100
Trd, 2590919.479, 100
Trd, 2590919.529, 101
Trd, 2590919.896, 101
Trd, 2590919.963, 102
Trd, 2590920.129, 103
Trd, 2590920.313, 102
Trd, 2590920.363, 102
Trd, 2590920.679, 100
Trd, 2590920.863, 100
Trd, 2590921.229, 100
Trd, 2590921.313, 100
Trd, 2590922.163, 100
Trd, 2590922.396, 100
Trd, 2590922.529, 100
Trd, 2590922.696, 100
Trd, 2590923.563, 100
Trd, 2590923.746, 100
Trd, 2590924.063, 100
Trd, 2590924.679, 102
Trd, 2590924.763, 101
Trd, 2590924.829, 103
Trd, 2590925.096, 102
Trd, 2590925.463, 103
Trd, 2590925.613, 106
Trd, 2590926.479, 148
Trd, 2590926.679, 139
Trd, 2590928.013, 149
Trd, 2590928.346, 142
Trd, 2590928.663, 147
Trd, 2590928.779, 145
Trd, 2590929.213, 149
Trd, 2590929.229, 148
Trd, 2590930.146, 147
Trd, 2590930.329, 146
Trd, 2590930.446, 145
Trd, 2590930.879, 141
Trd, 2590931.079, 140
Trd, 2590931.113, 141
Trd, 2590932.713, 107
Trd, 2590933.029, 108
Trd, 2590933.779, 103
Trd, 2590933.813, 103
Trd, 2590934.013, 103
Trd, 2590934.179, 102
Trd, 2590934.363, 100
Trd, 2590934.429, 100
Trd, 2590934.546, 100
Trd, 2590934.813, 103
Trd, 2590935.229, 104
Trd, 2590935.696, 100
Trd, 2590935.746, 104
Trd, 2590936.696, 103
Trd, 2590937.329, 100
Trd, 2590937.463, 102
Trd, 2590938.179, 101
Trd, 2590938.296, 100
Trd, 2590938.863, 100
Trd, 2590939.213, 101
Trd, 2590939.696, 103
Trd, 2590940.179, 103
Trd, 2590940.696, 107
Trd, 2590940.946, 102
Trd, 2590941.079, 103
Trd, 2590941.446, 112
Trd, 2590941.463, 119
Trd, 2590941.646, 135
Trd, 2590941.913, 149
Trd, 2590942.029, 110
Trd, 2590942.396, 108
Trd, 2590944.079, 150
Trd, 2590944.246, 150
Trd, 2590944.546, 150
Trd, 2590945.079, 150
Trd, 2590945.996, 150
Trd, 2590946.096, 150
Trd, 2590946.413, 150
Trd, 2590946.463, 150
Trd, 2590946.746, 150
Trd, 2590946.796, 150
Trd, 2590946.929, 150
Trd, 2590947.446, 150
Trd, 2590947.463, 150
Trd, 2590947.513, 149
Trd, 2590947.779, 149
Trd, 2590947.963, 148
Trd, 2590948.646, 149
Trd, 2590949.296, 142
Trd, 2590949.513, 145
Trd, 2590949.863, 116
Trd, 2590950.396, 140
Trd, 2590950.479, 140
Trd, 2590950.713, 139
Trd, 2590950.746, 134
Trd, 2590951.529, 105
Trd, 2590953.129, 100
Trd, 2590953.346, 100
Trd, 2590953.646, 100
Trd, 2590954.546, 100
Trd, 2590954.679, 100
Trd, 2590955.279, 100
Trd, 2590955.579, 100
Trd, 2590957.829, 100
Trd, 2590958.279, 100
Trd, 2590958.929, 100
Trd, 2590958.946, 100
Trd, 2590959.129, 100
Trd, 2590959.379, 100
Trd, 2590959.513, 100
Trd, 2590959.663, 100
Trd, 2590959.763, 100
Trd, 2590960.346, 100
Trd, 2590960.413, 100
Trd, 2590960.879, 100
Trd, 2590961.946, 100
Trd, 2590962.646, 100
Trd, 2590962.696, 100
Trd, 2590962.729, 100
Trd, 2590962.779, 100
Trd, 2590962.796, 101
Trd, 2590963.079, 100
Trd, 2590963.229, 101
Trd, 2590963.313, 100
Trd, 2590964.213, 100
Trd, 2590964.646, 100
Trd, 2590964.863, 100
Trd, 2590965.113, 103
Trd, 2590965.279, 101
Trd, 2590965.496, 100
Trd, 2590965.729, 102
Trd, 2590966.613, 100
Trd, 2590967.296, 100
Trd, 2590968.163, 100
Trd, 2590968.196, 101
Trd, 2590968.279, 101
Trd, 2590969.396, 100
Trd, 2590969.429, 100
Trd, 2590969.913, 100
Trd, 2590970.063, 100
Trd, 2590970.163, 101
Trd, 2590970.579, 111
Trd, 2590970.846, 100
Trd, 2590972.096, 100
Trd, 2590972.196, 100
Trd, 2590972.379, 100
Trd, 2590972.413, 100
Trd, 2590972.513, 101
Trd, 2590972.829, 101
Trd, 2590973.046, 105
Trd, 2590973.279, 105
Trd, 2590973.413, 106
Trd, 2590973.429, 101
Trd, 2590973.729, 116
Trd, 2590974.346, 116
Trd, 2590974.513, 116
Trd, 2590975.029, 105
Trd, 2590975.129, 104
Trd, 2590975.413, 114
Trd, 2590975.663, 115
Trd, 2590975.996, 106
Trd, 2590976.496, 116
Trd, 2590977.579, 150
Trd, 2590977.979, 150
Trd, 2590979.146, 134
Trd, 2590979.163, 126
Trd, 2590979.196, 103
Trd, 2590979.413, 147
Trd, 2590979.629, 150
Trd, 2590979.863, 115
Trd, 2590980.229, 150
Trd, 2590980.413, 149
Trd, 2590980.613, 149
Trd, 2590981.013, 150
Trd, 2590981.079, 150
Trd, 2590981.713, 150
Trd, 2590982.046, 150
Trd, 2590982.196, 148
Trd, 2590982.513, 150
Trd, 2590983.013, 100
Trd, 2590983.463, 100
Trd, 2590983.546, 100
Trd, 2590984.296, 104
Trd, 2590984.596, 115
Trd, 2590986.429, 116
Trd, 2590986.746, 113
Trd, 2590986.963, 137
Trd, 2590987.313, 136
Trd, 2590987.479, 136
Trd, 2590988.029, 121
Trd, 2590988.213, 132
Trd, 2590988.329, 121
Trd, 2590988.813, 127
Trd, 2590989.229, 124
Trd, 2590989.363, 126
Trd, 2590989.546, 129
Trd, 2590989.579, 126
Trd, 2590989.629, 124
Trd, 2590990.379, 150
Trd, 2590990.613, 150
Trd, 2590991.646, 150
Trd, 2590992.446, 150
Trd, 2590992.746, 150
Trd, 2590993.396, 150
Trd, 2590993.446, 148
Trd, 2590994.263, 136
Trd, 2590994.313, 135
Trd, 2590996.946, 150
Trd, 2590997.196, 150
Trd, 2590997.329, 150
Trd, 2590997.596, 150
Trd, 2590997.696, 149
Trd, 2590997.829, 148
Trd, 2590998.129, 148
Trd, 2590998.329, 148
Trd, 2590998.446, 147
Trd, 2590998.763, 148
Trd, 2590998.979, 148
Trd, 2590999.029, 149
Trd, 2590999.079, 146
Trd, 2590999.946, 144
Trd, 2590999.963, 143
Trd, 2591000.546, 116
Trd, 2591000.613, 140
Trd, 2591000.996, 106
Trd, 2591001.213, 100
Trd, 2591001.313, 100
Trd, 2591001.629, 103
Trd, 2591002.246, 125
Trd, 2591002.329, 126
Trd, 2591002.863, 102
Trd, 2591003.863, 101
Trd, 2591004.713, 100
Trd, 2591005.396, 100
Trd, 2591005.446, 100
Trd, 2591005.513, 100
Trd, 2591005.713, 100
Trd, 2591006.096, 100
Trd, 2591006.263, 100
Trd, 2591006.329, 100
Trd, 2591006.396, 100
Trd, 2591006.579, 100
Trd, 2591007.246, 100
Trd, 2591007.263, 101
Trd, 2591007.296, 101
Trd, 2591007.746, 102
Trd, 2591007.846, 101
Trd, 2591008.079, 103
Trd, 2591008.263, 107
Trd, 2591008.879, 119
Trd, 2591008.929, 125
Trd, 2591009.696, 150
Trd, 2591011.246, 150
Trd, 2591012.263, 150
Trd, 2591013.413, 150
Trd, 2591013.546, 150
Trd, 2591013.713, 150
Trd, 2591014.796, 150
Trd, 2591014.979, 150
Trd, 2591016.279, 150
Trd, 2591017.413, 150
Trd, 2591017.546, 150
Trd, 2591017.779, 150
Trd, 2591017.963, 150
Trd, 2591018.046, 150
Trd, 2591018.063, 150
Trd, 2591018.163, 150
Trd, 2591018.196, 150
Trd, 2591018.796, 149
Trd, 2591018.813, 150
Trd, 2591019.346, 150
Trd, 2591019.413, 149
Trd, 2591019.813, 150
Trd, 2591020.429, 150
Trd, 2591020.529, 150
Trd, 2591020.696, 150
Trd, 2591021.179, 149
Trd, 2591021.363, 148
Trd, 2591022.563, 150
Trd, 2591022.713, 150
Trd, 2591022.979, 150
Trd, 2591023.213, 150
Trd, 2591024.329, 150
Trd, 2591024.813, 150
Trd, 2591024.829, 150
Trd, 2591025.863, 150
Trd, 2591025.963, 150
Trd, 2591025.979, 150
Trd, 2591026.346, 150
Trd, 2591026.646, 150
Trd, 2591026.746, 150
Trd, 2591026.896, 150
Trd, 2591027.163, 149
Trd, 2591027.679, 149
Trd, 2591027.779, 149
Trd, 2591028.063, 147
Trd, 2591028.213, 150
Trd, 2591028.446, 148
Trd, 2591028.729, 138
Trd, 2591028.963, 146
Trd, 2591028.996, 113
Trd, 2591029.646, 132
Trd, 2591030.079, 100
Trd, 2591030.379, 100
Trd, 2591030.579, 105
Trd, 2591031.096, 133
Trd, 2591031.146, 130
Trd, 2591031.163, 134
Trd, 2591031.829, 101
Trd, 2591032.496, 100
Trd, 2591033.129, 100
Trd, 2591033.379, 100
Trd, 2591033.879, 100
Trd, 2591035.863, 100
Trd, 2591036.829, 100
Trd, 2591037.229, 100
Trd, 2591037.346, 100
Trd, 2591037.429, 100
Trd, 2591037.446, 100
Trd, 2591037.513, 100
Trd, 2591037.963, 100
Trd, 2591038.146, 100
Trd, 2591038.313, 103
Trd, 2591038.579, 100
Trd, 2591038.679, 103
Trd, 2591039.213, 100
Trd, 2591039.396, 100
Trd, 2591039.463, 104
Trd, 2591039.596, 104
Trd, 2591039.963, 101
Trd, 2591040.213, 105
Trd, 2591040.446, 105
Trd, 2591040.563, 102
Trd, 2591040.796, 103
Trd, 2591040.863, 104
Trd, 2591040.896, 106
Trd, 2591042.363, 150
Trd, 2591042.429, 150
Trd, 2591043.996, 150
Trd, 2591044.096, 150
Trd, 2591044.246, 150
Trd, 2591044.996, 150
Trd, 2591045.563, 150
Trd, 2591045.729, 150
Trd, 2591045.813, 149
Trd, 2591045.929, 149
Trd, 2591047.096, 147
Trd, 2591047.763, 146
Trd, 2591047.946, 146
Trd, 2591048.363, 100
Trd, 2591049.246, 100
Trd, 2591049.363, 100
Trd, 2591049.529, 100
Trd, 2591050.313, 100
Trd, 2591050.463, 100
Trd, 2591050.763, 100
Trd, 2591050.779, 101
Trd, 2591050.913, 101
Trd, 2591050.946, 104
Trd, 2591050.979, 105
Trd, 2591051.496, 124
Trd, 2591052.163, 150
Trd, 2591052.546, 150
Trd, 2591052.813, 150
Trd, 2591053.146, 150
Trd, 2591053.496, 148
Trd, 2591053.796, 150
Trd, 2591053.963, 149
Trd, 2591054.046, 117
Trd, 2591054.596, 148
Trd, 2591054.796, 105
Trd, 2591054.813, 104
Trd, 2591055.563, 127
Trd, 2591055.946, 108
Trd, 2591056.213, 125
Trd, 2591056.379, 125
Trd, 2591057.046, 123
Trd, 2591057.979, 102
Trd, 2591058.563, 119
Trd, 2591058.829, 107
Trd, 2591059.063, 118
Trd, 2591059.679, 117
Trd, 2591060.079, 114
Trd, 2591060.346, 112
Trd, 2591060.846, 110
Trd, 2591061.346, 111
Trd, 2591061.463, 110
Trd, 2591061.479, 109
Trd, 2591061.529, 108
Trd, 2591061.946, 120
Trd, 2591062.396, 148
Trd, 2591062.763, 140
Trd, 2591062.863, 139
Trd, 2591063.129, 148
Trd, 2591063.313, 102
Trd, 2591064.929, 105
Trd, 2591064.963, 106
Trd, 2591065.046, 107
Trd, 2591065.396, 107
Trd, 2591065.563, 148
Trd, 2591066.296, 148
Trd, 2591066.346, 147
Trd, 2591066.596, 145
Trd, 2591066.829, 103
Trd, 2591067.096, 100
Trd, 2591068.029, 100
Trd, 2591068.429, 100
Trd, 2591068.613, 100
Trd, 2591068.913, 100
Trd, 2591069.563, 100
Trd, 2591070.096, 100
Trd, 2591070.679, 100
Trd, 2591070.863, 100
Trd, 2591071.063, 100
Trd, 2591071.179, 102
Trd, 2591072.196, 101
Trd, 2591072.279, 103
Trd, 2591072.396, 103
Trd, 2591073.346, 101
Trd, 2591073.679, 103
Trd, 2591073.929, 105
Trd, 2591074.196, 103
Trd, 2591074.329, 103
Trd, 2591074.596, 103
Trd, 2591075.063, 100
Trd, 2591075.329, 100
Trd, 2591075.396, 100
Trd, 2591075.646, 100
Trd, 2591075.713, 100
Trd, 2591075.946, 100
Trd, 2591077.063, 100
Trd, 2591077.863, 102
Trd, 2591077.963, 108
Trd, 2591078.613, 113
Trd, 2591078.746, 120
Trd, 2591079.213, 114
Trd, 2591079.429, 134
Trd, 2591079.479, 111
Trd, 2591079.546, 109
Trd, 2591079.813, 109
Trd, 2591079.979, 134
Trd, 2591080.079, 108
Trd, 2591081.496, 150
Trd, 2591081.829, 150
Trd, 2591082.113, 149
Trd, 2591082.396, 149
Trd, 2591082.479, 145
Trd, 2591082.496, 103
Trd, 2591083.379, 150
Trd, 2591083.996, 150
Trd, 2591085.546, 150
Trd, 2591087.279, 150
Trd, 2591087.413, 150
Trd, 2591087.663, 150
Trd, 2591088.579, 150
Trd, 2591088.713, 150
Trd, 2591088.796, 150
Trd, 2591088.913, 149
Trd, 2591088.946, 147
Trd, 2591089.079, 130
Trd, 2591089.113, 148
Trd, 2591089.529, 142
Trd, 2591090.063, 105
Trd, 2591090.179, 135
Trd, 2591090.629, 122
Trd, 2591090.679, 133
Trd, 2591090.896, 133
Trd, 2591091.479, 129
Trd, 2591091.496, 107
Trd, 2591091.813, 129
Trd, 2591091.846, 130
Trd, 2591092.279, 130
Trd, 2591092.363, 133
Trd, 2591093.029, 132
Trd, 2591093.046, 124
Trd, 2591094.696, 123
Trd, 2591095.129, 100
Trd, 2591095.396, 100
Trd, 2591095.496, 100
Trd, 2591095.546, 100
Trd, 2591095.679, 100
Trd, 2591095.929, 100
Trd, 2591096.263, 101
Trd, 2591096.396, 102
Trd, 2591096.496, 102
Trd, 2591096.529, 105
Trd, 2591096.846, 100
Trd, 2591097.146, 100
Trd, 2591097.246, 102
Trd, 2591097.613, 104
Trd, 2591097.796, 105
Trd, 2591097.963, 111
Trd, 2591099.429, 112
Trd, 2591099.746, 109
Trd, 2591099.863, 108
Trd, 2591100.629, 148
Trd, 2591101.679, 150
Trd, 2591102.663, 150
Trd, 2591103.363, 150
Trd, 2591103.446, 150
Trd, 2591104.096, 150
Trd, 2591104.196, 150
Trd, 2591104.229, 150
Trd, 2591104.729, 148
Trd, 2591104.746, 133
Trd, 2591105.029, 118
Trd, 2591105.746, 140
Trd, 2591106.829, 123
Trd, 2591107.279, 128
Trd, 2591107.329, 127
Trd, 2591107.546, 114
Trd, 2591107.613, 108
Trd, 2591107.813, 119
Trd, 2591108.129, 110
Trd, 2591108.813, 111
Trd, 2591109.046, 110
Trd, 2591109.179, 109
Trd, 2591109.413, 110
Trd, 2591109.629, 111
Trd, 2591109.696, 110
Trd, 2591109.729, 111
Trd, 2591110.413, 108
Trd, 2591110.579, 107
Trd, 2591111.429, 104
Trd, 2591111.646, 104
Trd, 2591111.746, 106
Trd, 2591112.563, 100
Trd, 2591112.613, 102
Trd, 2591113.796, 105
Trd, 2591113.913, 128
Trd, 2591115.246, 150
Trd, 2591115.579, 150
Trd, 2591115.746, 150
Trd, 2591115.896, 150
Trd, 2591115.946, 150
Trd, 2591116.246, 123
Trd, 2591116.796, 100
Trd, 2591117.246, 100
Trd, 2591117.579, 100
Trd, 2591118.346, 100
Trd, 2591118.363, 100
Trd, 2591118.379, 100
Trd, 2591118.546, 101
Trd, 2591118.746, 101
Trd, 2591119.429, 100
Trd, 2591119.663, 101
Trd, 2591119.813, 102
Trd, 2591120.246, 103
Trd, 2591120.713, 102
Trd, 2591121.063, 101
Trd, 2591121.263, 103
Trd, 2591121.846, 102
Trd, 2591122.296, 103
Trd, 2591122.363, 104
Trd, 2591122.396, 111
Trd, 2591122.646, 150
Trd, 2591124.079, 150
Trd, 2591125.146, 150
Trd, 2591126.396, 150
Trd, 2591127.063, 150
Trd, 2591129.246, 150
Trd, 2591129.346, 150
Trd, 2591129.546, 150
Trd, 2591129.563, 150
Trd, 2591129.763, 150
Trd, 2591129.929, 150
Trd, 2591129.946, 150
Trd, 2591130.146, 149
Trd, 2591130.179, 149
Trd, 2591130.229, 148
Trd, 2591130.246, 150
Trd, 2591130.396, 148
Trd, 2591130.446, 147
Trd, 2591130.563, 147
Trd, 2591131.163, 109
Trd, 2591131.429, 111
Trd, 2591131.596, 128
Trd, 2591132.296, 112
Trd, 2591133.079, 110
Trd, 2591133.629, 120
Trd, 2591133.729, 121
Trd, 2591134.013, 122
Trd, 2591134.379, 100
Trd, 2591134.479, 122
Trd, 2591134.746, 121
Trd, 2591135.213, 121
Trd, 2591135.529, 121
Trd, 2591136.096, 121
Trd, 2591136.296, 150
Trd, 2591136.679, 120
Trd, 2591137.413, 116
Trd, 2591137.513, 150
Trd, 2591137.829, 150
Trd, 2591137.879, 149
Trd, 2591138.029, 150
Trd, 2591138.079, 150
Trd, 2591138.213, 101
Trd, 2591138.279, 102
Trd, 2591138.479, 113
Trd, 2591138.529, 114
Trd, 2591140.613, 150
Trd, 2591140.913, 150
Trd, 2591141.313, 150
Trd, 2591142.063, 150
Trd, 2591142.113, 149
Trd, 2591142.279, 148
Trd, 2591142.979, 142
Trd, 2591143.013, 143
Trd, 2591143.746, 112
Trd, 2591144.729, 100
Trd, 2591145.479, 100
Trd, 2591145.579, 100
Trd, 2591146.213, 100
Trd, 2591146.763, 100
Trd, 2591147.646, 100
Trd, 2591147.663, 100
Trd, 2591147.963, 100
Trd, 2591148.229, 100
Trd, 2591149.363, 100
Trd, 2591149.513, 100
Trd, 2591149.579, 100
Trd, 2591149.846, 100
Trd, 2591150.129, 100
Trd, 2591150.196, 101
Trd, 2591150.429, 100
Trd, 2591150.729, 102
Trd, 2591150.913, 101
Trd, 2591151.046, 101
Trd, 2591151.146, 103
Trd, 2591151.346, 103
Trd, 2591151.496, 102
Trd, 2591151.546, 104
Trd, 2591151.646, 101
Trd, 2591151.863, 101
Trd, 2591152.063, 100
Trd, 2591153.179, 100
Trd, 2591154.613, 100
Trd, 2591154.646, 100
Trd, 2591155.063, 100
Trd, 2591155.363, 100
Trd, 2591155.679, 100
Trd, 2591156.146, 102
Trd, 2591156.246, 102
Trd, 2591156.363, 103
Trd, 2591156.629, 105
Trd, 2591156.779, 108
Trd, 2591156.846, 129
Trd, 2591157.279, 138
Trd, 2591157.329, 133
Trd, 2591157.779, 132
Trd, 2591158.246, 149
Trd, 2591158.463, 149
Trd, 2591159.179, 103
Trd, 2591159.279, 104
Trd, 2591160.079, 100
Trd, 2591161.513, 100
Trd, 2591161.896, 100
Trd, 2591162.079, 100
Trd, 2591162.229, 100
Trd, 2591163.596, 100
Trd, 2591163.713, 100
Trd, 2591164.313, 100
Trd, 2591164.763, 100
Trd, 2591164.796, 100
Trd, 2591164.929, 100
Trd, 2591165.113, 100
Trd, 2591165.179, 100
Trd, 2591165.379, 100
Trd, 2591165.579, 101
Trd, 2591165.779, 100
Trd, 2591166.196, 100
Trd, 2591166.496, 102
Trd, 2591166.696, 100
Trd, 2591166.846, 100
Trd, 2591167.379, 102
Trd, 2591168.046, 102
Trd, 2591168.763, 100
Trd, 2591169.596, 100
Trd, 2591170.179, 100
Trd, 2591171.229, 100
Trd, 2591171.646, 100
Trd, 2591171.679, 100
Trd, 2591171.713, 100
Trd, 2591171.813, 100
Trd, 2591171.963, 100
Trd, 2591172.329, 101
Trd, 2591172.463, 101
Trd, 2591172.579, 101
Trd, 2591172.629, 149
Trd, 2591173.296, 126
Trd, 2591173.496, 146
Trd, 2591174.579, 150
Trd, 2591175.396, 150
Trd, 2591176.529, 150
Trd, 2591176.696, 150
Trd, 2591176.729, 150
Trd, 2591177.329, 150
Trd, 2591177.563, 150
Trd, 2591177.613, 149
Trd, 2591177.796, 148
Trd, 2591177.813, 145
Trd, 2591177.846, 150
Trd, 2591178.346, 150
Trd, 2591178.579, 150
Trd, 2591179.029, 125
Trd, 2591179.413, 124
Trd, 2591179.613, 111
Trd, 2591179.763, 145
Trd, 2591180.229, 145
Trd, 2591180.729, 103
Trd, 2591180.963, 100
Trd, 2591181.279, 101
Trd, 2591181.429, 102
Trd, 2591182.313, 100
Trd, 2591182.529, 100
Trd, 2591182.596, 101
Trd, 2591182.846, 102
Trd, 2591183.463, 100
Trd, 2591183.596, 101
Trd, 2591184.013, 101
Trd, 2591184.179, 103
Trd, 2591184.463, 103
Trd, 2591184.663, 103
Trd, 2591184.763, 144
Trd, 2591185.679, 123
Trd, 2591186.046, 103
Trd, 2591186.813, 150
Trd, 2591186.829, 150
Trd, 2591187.646, 123
Trd, 2591188.813, 101
Trd, 2591189.429, 145
Trd, 2591190.046, 106
Trd, 2591190.063, 107
Trd, 2591190.596, 103
Trd, 2591191.046, 100
Trd, 2591191.229, 100
Trd, 2591191.296, 100
Trd, 2591192.163, 100
Trd, 2591192.363, 100
Trd, 2591193.263, 100
Trd, 2591193.979, 100
Trd, 2591194.246, 100
Trd, 2591194.279, 100
Trd, 2591194.596, 100
Trd, 2591194.713, 100
Trd, 2591194.813, 100
Trd, 2591195.113, 100
Trd, 2591195.263, 101
Trd, 2591195.913, 103
Trd, 2591196.013, 102
Trd, 2591196.496, 100
Trd, 2591196.713, 101
Trd, 2591196.846, 100
Trd, 2591197.163, 100
Trd, 2591198.063, 100
Trd, 2591199.463, 100
Trd, 2591199.663, 100
Trd, 2591199.813, 100
Trd, 2591200.196, 100
Trd, 2591201.279, 100
Trd, 2591201.546, 100
Trd, 2591201.629, 100
Trd, 2591201.729, 100
Trd, 2591203.013, 100
Trd, 2591203.329, 100
Trd, 2591203.813, 101
Trd, 2591203.913, 103
Trd, 2591203.929, 106
Trd, 2591204.713, 108
Trd, 2591204.863, 109
Trd, 2591205.013, 113
Trd, 2591205.263, 110
Trd, 2591205.663, 115
Trd, 2591206.146, 116
Trd, 2591206.296, 116
Trd, 2591206.446, 116
Trd, 2591206.829, 115
Trd, 2591207.913, 149
Trd, 2591207.929, 129
Trd, 2591208.313, 148
Trd, 2591208.429, 145
Trd, 2591209.029, 133
Trd, 2591209.213, 131
Trd, 2591209.946, 106
Trd, 2591210.163, 103
Trd, 2591210.363, 106
Trd, 2591210.463, 102
Trd, 2591210.613, 106
Trd, 2591210.829, 104
Trd, 2591211.996, 100
Trd, 2591212.229, 100
Trd, 2591212.346, 100
Trd, 2591212.579, 100
Trd, 2591213.563, 100
Trd, 2591213.613, 100
Trd, 2591213.979, 100
Trd, 2591214.079, 100
Trd, 2591214.329, 100
Trd, 2591214.429, 100
Trd, 2591214.779, 101
Trd, 2591215.213, 103
Trd, 2591216.096, 103
Trd, 2591216.179, 103
Trd, 2591216.329, 105
Trd, 2591216.829, 104
Trd, 2591217.479, 150
Trd, 2591218.296, 109
Trd, 2591218.729, 111
Trd, 2591219.279, 111
Trd, 2591219.513, 119
Trd, 2591219.713, 120
Trd, 2591219.896, 121
Trd, 2591219.913, 124
Trd, 2591220.629, 111
Trd, 2591221.179, 150
Trd, 2591221.213, 121
Trd, 2591221.863, 150
Trd, 2591222.279, 150
Trd, 2591222.763, 149
Trd, 2591223.163, 150
Trd, 2591223.263, 150
Trd, 2591223.296, 150
Trd, 2591223.413, 130
Trd, 2591224.129, 100
Trd, 2591224.229, 100
Trd, 2591224.496, 100
Trd, 2591225.129, 100
Trd, 2591225.279, 100
Trd, 2591225.463, 100
Trd, 2591225.663, 100
Trd, 2591226.379, 112
Trd, 2591226.846, 111
Trd, 2591227.129, 113
Trd, 2591227.846, 105
Trd, 2591229.113, 100
Trd, 2591229.213, 100
Trd, 2591229.629, 100
Trd, 2591229.679, 100
Trd, 2591229.846, 100
Trd, 2591230.263, 102
Trd, 2591230.496, 101
Trd, 2591230.646, 101
Trd, 2591230.929, 102
Trd, 2591230.946, 103
Trd, 2591231.146, 103
Trd, 2591231.329, 103
Trd, 2591232.379, 115
Trd, 2591232.879, 115
Trd, 2591233.063, 104
Trd, 2591233.079, 116
Trd, 2591233.596, 102
Trd, 2591233.729, 102
Trd, 2591233.979, 102
Trd, 2591233.996, 101
Trd, 2591235.629, 148
Trd, 2591235.846, 149
Trd, 2591236.163, 121
Trd, 2591236.763, 126
Trd, 2591236.829, 106
Trd, 2591237.313, 107
Trd, 2591237.646, 108
Trd, 2591237.746, 107
Trd, 2591237.913, 108
Trd, 2591238.263, 100
Trd, 2591238.713, 108
Trd, 2591239.013, 123
Trd, 2591239.096, 107
Trd, 2591239.996, 112
Trd, 2591240.113, 113
Trd, 2591240.279, 138
Trd, 2591240.846, 109
Trd, 2591240.929, 108
Trd, 2591242.513, 150
Trd, 2591243.296, 150
Trd, 2591243.696, 150
Trd, 2591243.863, 150
Trd, 2591243.929, 150
Trd, 2591244.046, 150
Trd, 2591244.546, 150
Trd, 2591244.696, 149
Trd, 2591245.046, 148
Trd, 2591245.863, 101
Trd, 2591245.896, 106
Trd, 2591246.346, 110
Trd, 2591247.213, 100
Trd, 2591247.546, 100
Trd, 2591247.746, 100
Trd, 2591248.146, 100
Trd, 2591248.463, 100
Trd, 2591248.529, 100
Trd, 2591248.813, 100
Trd, 2591249.063, 100
Trd, 2591249.529, 100
Trd, 2591250.696, 100
Trd, 2591251.479, 100
Trd, 2591251.679, 100
Trd, 2591252.163, 100
Trd, 2591252.246, 100
Trd, 2591252.313, 100
Trd, 2591252.696, 100
Trd, 2591252.763, 100
Trd, 2591253.263, 100
Trd, 2591253.713, 100
Trd, 2591253.746, 100
Trd, 2591254.279, 100
Trd, 2591254.446, 100
Trd, 2591254.496, 101
Trd, 2591254.579, 102
Trd, 2591254.796, 101
Trd, 2591255.513, 101
Trd, 2591255.763, 101
Trd, 2591256.863, 106
Trd, 2591256.896, 107
Trd, 2591257.213, 130
Trd, 2591257.829, 107
Trd, 2591258.313, 100
Trd, 2591258.746, 101
Trd, 2591258.863, 101
Trd, 2591259.413, 100
Trd, 2591259.713, 100
Trd, 2591260.479, 101
Trd, 2591260.646, 100
Trd, 2591261.363, 100
Trd, 2591261.413, 102
Trd, 2591261.746, 100
Trd, 2591261.879, 100
Trd, 2591262.013, 100
Trd, 2591262.879, 102
Trd, 2591263.296, 103
Trd, 2591263.329, 103
Trd, 2591263.463, 104
Trd, 2591263.546, 105
Trd, 2591264.079, 103
Trd, 2591264.413, 106
Trd, 2591265.313, 104
Trd, 2591265.529, 103
Trd, 2591265.629, 101
Trd, 2591265.679, 120
Trd, 2591265.913, 106
Trd, 2591266.563, 116
Trd, 2591266.879, 101
Trd, 2591267.029, 111
Trd, 2591267.896, 103
Trd, 2591267.913, 104
Trd, 2591268.029, 104
Trd, 2591268.146, 105
Trd, 2591268.296, 105
Trd, 2591268.396, 106
Trd, 2591268.796, 107
Trd, 2591269.063, 108
Trd, 2591269.129, 106
Trd, 2591269.696, 112
Trd, 2591271.229, 110
Trd, 2591272.196, 123
Trd, 2591272.463, 121
Trd, 2591272.529, 124
Trd, 2591272.746, 121
Trd, 2591272.913, 121
Trd, 2591274.329, 122
Trd, 2591274.463, 121
Trd, 2591274.796, 120
Trd, 2591275.063, 118
Trd, 2591275.463, 116
Trd, 2591275.546, 117
Trd, 2591275.796, 112
Trd, 2591276.546, 103
Trd, 2591276.729, 100
Trd, 2591277.113, 100
Trd, 2591277.163, 102
Trd, 2591277.346, 102
Trd, 2591277.779, 100
Trd, 2591277.913, 101
Trd, 2591278.013, 101
Trd, 2591278.529, 100
Trd, 2591279.113, 100
Trd, 2591279.729, 100
Trd, 2591279.746, 103
Trd, 2591280.696, 150
Trd, 2591280.846, 150
Trd, 2591281.313, 150
Trd, 2591281.446, 150
Trd, 2591281.629, 150
Trd, 2591282.063, 150
Trd, 2591283.096, 150
Trd, 2591283.463, 149
Trd, 2591284.113, 139
Trd, 2591284.413, 132
Trd, 2591284.446, 131
Trd, 2591284.846, 150
Trd, 2591285.029, 150
Trd, 2591285.263, 146
Trd, 2591286.713, 150
Trd, 2591287.179, 148
Trd, 2591287.879, 138
Trd, 2591287.946, 139
Trd, 2591288.296, 131
Trd, 2591288.446, 148
Trd, 2591288.529, 147
Trd, 2591288.696, 131
Trd, 2591289.363, 143
Trd, 2591291.029, 120
Trd, 2591291.229, 121
Trd, 2591291.413, 120
Trd, 2591291.446, 119
Trd, 2591291.513, 119
Trd, 2591291.529, 118
Trd, 2591291.579, 121
Trd, 2591291.963, 119
Trd, 2591292.196, 119
Trd, 2591292.413, 117
Trd, 2591292.813, 116
Trd, 2591292.996, 116
Trd, 2591293.013, 117
Trd, 2591293.246, 118
Trd, 2591293.579, 120
Trd, 2591293.663, 116
Trd, 2591294.913, 150
Trd, 2591295.446, 150
Trd, 2591295.479, 150
Trd, 2591295.946, 150
Trd, 2591296.763, 150
Trd, 2591296.979, 150
Trd, 2591297.063, 150
Trd, 2591297.313, 150
Trd, 2591297.329, 150
Trd, 2591297.746, 150
Trd, 2591297.963, 150
Trd, 2591298.029, 150
Trd, 2591298.313, 149
Trd, 2591299.629, 124
Trd, 2591299.713, 129
Trd, 2591300.246, 127
Trd, 2591300.263, 128
Trd, 2591301.029, 126
Trd, 2591301.613, 100
Trd, 2591302.129, 100
Trd, 2591302.346, 100
Trd, 2591302.363, 101
Trd, 2591302.613, 101
Trd, 2591303.546, 106
Trd, 2591303.613, 108
Trd, 2591303.646, 104
Trd, 2591303.679, 103
Trd, 2591303.829, 104
Trd, 2591304.046, 102
Trd, 2591304.279, 107
Trd, 2591304.546, 109
Trd, 2591304.596, 117
Trd, 2591305.229, 150
Trd, 2591305.579, 108
Trd, 2591305.996, 107
Trd, 2591306.529, 150
Trd, 2591308.913, 150
Trd, 2591308.996, 150
Trd, 2591309.079, 150
Trd, 2591309.113, 149
Trd, 2591309.246, 149
Trd, 2591309.529, 149
Trd, 2591309.596, 100
Trd, 2591309.796, 100
Trd, 2591309.913, 101
Trd, 2591310.396, 101
Trd, 2591311.963, 136
Trd, 2591312.529, 140
Trd, 2591313.063, 139
Trd, 2591313.229, 140
Trd, 2591313.379, 143
Trd, 2591313.396, 144
Trd, 2591313.463, 145
Trd, 2591314.579, 144
Trd, 2591314.613, 143
Trd, 2591315.463, 144
Trd, 2591315.913, 143
Trd, 2591316.596, 148
Trd, 2591317.463, 149
Trd, 2591317.746, 148
Trd, 2591317.913, 142
Trd, 2591318.563, 119
Trd, 2591318.729, 120
Trd, 2591318.813, 117
Trd, 2591319.163, 108
Trd, 2591319.429, 106
Trd, 2591319.646, 106
Trd, 2591319.679, 107
Trd, 2591320.979, 124
Trd, 2591321.296, 107
Trd, 2591321.329, 106
Trd, 2591321.429, 108
Trd, 2591321.563, 102
Trd, 2591321.913, 103
Trd, 2591322.146, 100
Trd, 2591322.479, 100
Trd, 2591322.579, 100
Trd, 2591322.663, 100
Trd, 2591323.146, 100
Trd, 2591323.946, 100
Trd, 2591324.046, 100
Trd, 2591324.396, 100
Trd, 2591324.446, 100
Trd, 2591324.563, 100
Trd, 2591326.146, 100
Trd, 2591326.446, 100
Trd, 2591327.113, 100
Trd, 2591327.713, 100
Trd, 2591329.246, 100
Trd, 2591329.779, 100
Trd, 2591329.929, 100
Trd, 2591330.179, 100
Trd, 2591330.346, 100
Trd, 2591330.379, 100
Trd, 2591330.479, 100
Trd, 2591330.763, 105
Trd, 2591331.029, 100
Trd, 2591331.079, 101
Trd, 2591331.196, 103
Trd, 2591331.379, 103
Trd, 2591331.663, 100
Trd, 2591331.829, 100
Trd, 2591332.029, 103
Trd, 2591332.096, 100
Trd, 2591332.646, 100
Trd, 2591332.879, 101
Trd, 2591333.279, 100
Trd, 2591333.463, 101
Trd, 2591333.863, 102
Trd, 2591334.263, 103
Trd, 2591334.296, 114
Trd, 2591334.729, 146
Trd, 2591335.346, 127
Trd, 2591335.479, 148
Trd, 2591335.896, 128
Trd, 2591336.129, 148
Trd, 2591336.296, 126
Trd, 2591336.529, 140
Trd, 2591337.013, 135
Trd, 2591337.029, 123
Trd, 2591337.896, 122
Trd, 2591337.946, 131
Trd, 2591338.413, 116
Trd, 2591339.246, 101
Trd, 2591339.346, 101
Trd, 2591339.413, 102
Trd, 2591339.463, 101
Trd, 2591339.746, 101
Trd, 2591339.929, 102
Trd, 2591340.463, 101
Trd, 2591342.763, 110
Trd, 2591342.996, 110
Trd, 2591343.313, 111
Trd, 2591343.446, 110
Trd, 2591343.913, 109
Trd, 2591343.979, 110
Trd, 2591344.013, 111
Trd, 2591344.496, 136
Trd, 2591344.563, 108
Trd, 2591344.763, 103
Trd, 2591345.046, 104
Trd, 2591346.263, 104
Trd, 2591346.363, 105
Trd, 2591347.196, 100
Trd, 2591347.546, 100
Trd, 2591348.213, 100
Trd, 2591348.246, 100
Trd, 2591348.363, 100
Trd, 2591348.579, 100
Trd, 2591348.713, 100
Trd, 2591348.746, 101
Trd, 2591349.296, 109
Trd, 2591349.846, 124
Trd, 2591350.013, 126
Trd, 2591350.479, 131
Trd, 2591350.996, 117
Trd, 2591351.229, 116
Trd, 2591351.296, 132
Trd, 2591352.029, 127
Trd, 2591352.313, 113
Trd, 2591352.963, 100
Trd, 2591353.063, 100
Trd, 2591354.079, 100
Trd, 2591354.179, 100
Trd, 2591354.763, 100
Trd, 2591355.063, 100
Trd, 2591355.663, 100
Trd, 2591355.829, 100
Trd, 2591356.379, 100
Trd, 2591356.646, 100
Trd, 2591356.996, 101
Trd, 2591357.029, 100
Trd, 2591358.063, 100
Trd, 2591358.729, 100
Trd, 2591358.929, 100
Trd, 2591359.413, 100
Trd, 2591359.496, 100
Trd, 2591359.763, 100
Trd, 2591359.913, 100
Trd, 2591360.263, 100
Trd, 2591361.196, 100
Trd, 2591361.363, 100
Trd, 2591361.529, 102
Trd, 2591361.679, 124
Trd, 2591362.429, 100
Trd, 2591362.613, 100
Trd, 2591362.696, 106
Trd, 2591362.829, 114
Trd, 2591362.846, 115
Trd, 2591362.996, 118
Trd, 2591363.396, 101
Trd, 2591363.796, 104
Trd, 2591364.013, 104
Trd, 2591364.146, 104
Trd, 2591364.296, 105
Trd, 2591364.779, 105
Trd, 2591365.279, 102
Trd, 2591365.746, 104
Trd, 2591366.029, 103
Trd, 2591366.746, 104
Trd, 2591366.913, 106
Trd, 2591367.263, 104
Trd, 2591367.396, 105
Trd, 2591368.196, 142
Trd, 2591369.546, 100
Trd, 2591369.713, 100
Trd, 2591369.746, 101
Trd, 2591370.229, 100
Trd, 2591370.313, 100
Trd, 2591370.813, 101
Trd, 2591370.863, 103
Trd, 2591371.229, 101
Trd, 2591371.363, 101
Trd, 2591371.679, 103
Trd, 2591371.963, 112
Trd, 2591372.663, 117
Trd, 2591372.796, 105
Trd, 2591373.963, 150
Trd, 2591376.029, 150
Trd, 2591376.263, 150
Trd, 2591376.396, 150
Trd, 2591376.546, 150
Trd, 2591376.679, 150
Trd, 2591377.196, 150
Trd, 2591377.513, 150
Trd, 2591378.213, 150
Trd, 2591378.246, 150
Trd, 2591378.279, 150
Trd, 2591378.646, 150
Trd, 2591378.846, 150
Trd, 2591378.863, 150
Trd, 2591378.879, 149
Trd, 2591379.413, 150
Trd, 2591379.646, 149
Trd, 2591380.513, 124
Trd, 2591380.729, 113
Trd, 2591381.129, 128
Trd, 2591381.179, 129
Trd, 2591381.913, 100
Trd, 2591382.179, 103
Trd, 2591382.596, 100
Trd, 2591382.746, 100
Trd, 2591382.763, 100
Trd, 2591382.813, 104
Trd, 2591382.913, 113
Trd, 2591383.196, 148
Trd, 2591384.229, 150
Trd, 2591384.379, 150
Trd, 2591384.813, 150
Trd, 2591385.213, 150
Trd, 2591385.229, 150
Trd, 2591385.346, 150
Trd, 2591386.613, 150
Trd, 2591386.846, 150
Trd, 2591386.879, 150
Trd, 2591386.946, 150
Trd, 2591387.429, 149
Trd, 2591387.679, 138
Trd, 2591388.463, 145
Trd, 2591388.696, 144
Trd, 2591388.963, 143
Trd, 2591388.996, 125
Trd, 2591389.113, 144
Trd, 2591389.179, 124
Trd, 2591389.613, 145
Trd, 2591389.646, 124
Trd, 2591390.013, 122
Trd, 2591390.546, 100
Trd, 2591390.646, 102
Trd, 2591390.713, 106
Trd, 2591392.396, 100
Trd, 2591392.846, 100
Trd, 2591392.946, 100
Trd, 2591393.029, 100
Trd, 2591393.463, 100
Trd, 2591393.596, 100
Trd, 2591395.629, 101
Trd, 2591396.079, 102
Trd, 2591396.863, 100
Trd, 2591397.346, 100
Trd, 2591397.396, 100
Trd, 2591397.429, 102
Trd, 2591398.029, 100
Trd, 2591398.179, 101
Trd, 2591398.279, 102
Trd, 2591398.413, 102
Trd, 2591398.479, 101
Trd, 2591398.713, 101
Trd, 2591399.063, 101
Trd, 2591399.163, 102
Trd, 2591399.529, 102
Trd, 2591399.796, 103
Trd, 2591399.979, 103
Trd, 2591400.279, 110
Trd, 2591400.379, 124
Trd, 2591400.479, 108
Trd, 2591400.863, 100
Trd, 2591401.096, 100
Trd, 2591401.413, 100
Trd, 2591401.479, 102
Trd, 2591401.696, 103
Trd, 2591402.513, 100
Trd, 2591403.729, 100
Trd, 2591403.913, 100
Trd, 2591404.679, 100
Trd, 2591405.229, 100
Trd, 2591405.563, 100
Trd, 2591405.729, 100
Trd, 2591406.396, 100
Trd, 2591406.429, 100
Trd, 2591407.913, 100
Trd, 2591408.213, 100
Trd, 2591409.463, 100
Trd, 2591409.613, 100
Trd, 2591409.713, 100
Trd, 2591410.063, 100
Trd, 2591410.113, 100
Trd, 2591410.429, 100
Trd, 2591410.463, 101
Trd, 2591410.513, 102
Trd, 2591410.646, 101
Trd, 2591410.746, 100
Trd, 2591411.213, 101
Trd, 2591411.296, 100
Trd, 2591411.813, 100
Trd, 2591412.829, 100
Trd, 2591413.346, 100
Trd, 2591413.579, 100
Trd, 2591413.946, 100
Trd, 2591414.196, 100
Trd, 2591414.579, 100
Trd, 2591414.929, 100
Trd, 2591415.196, 100
Trd, 2591415.329, 100
Trd, 2591415.679, 100
Trd, 2591415.779, 100
Trd, 2591415.863, 100
Trd, 2591416.513, 100
Trd, 2591416.913, 100
Trd, 2591417.296, 100
Trd, 2591417.329, 100
Trd, 2591417.546, 100
Trd, 2591419.629, 100
Trd, 2591419.679, 100
Trd, 2591420.129, 100
Trd, 2591420.196, 100
Trd, 2591420.279, 100
Trd, 2591420.379, 101
Trd, 2591420.496, 102
Trd, 2591421.113, 100
Trd, 2591421.979, 100
Trd, 2591422.779, 100
Trd, 2591422.996, 100
Trd, 2591423.029, 100
Trd, 2591423.179, 100
Trd, 2591423.463, 119
Trd, 2591424.079, 150
Trd, 2591424.946, 150
Trd, 2591425.363, 150
Trd, 2591425.813, 150
Trd, 2591425.863, 150
Trd, 2591426.213, 150
Trd, 2591426.413, 150
Trd, 2591426.663, 150
Trd, 2591426.896, 150
Trd, 2591427.313, 149
Trd, 2591427.429, 150
Trd, 2591427.663, 138
Trd, 2591428.879, 146
Trd, 2591428.963, 139
Trd, 2591429.729, 117
Trd, 2591430.596, 106
Trd, 2591431.013, 131
Trd, 2591431.313, 106
Trd, 2591431.363, 105
Trd, 2591431.496, 133
Trd, 2591431.529, 136
Trd, 2591431.796, 102
Trd, 2591431.813, 135
Trd, 2591432.963, 125
Trd, 2591433.663, 108
Trd, 2591433.746, 126
Trd, 2591434.213, 106
Trd, 2591434.379, 107
Trd, 2591434.546, 108
Trd, 2591434.829, 132
Trd, 2591434.846, 133
Trd, 2591434.946, 134
Trd, 2591435.296, 134
Trd, 2591436.063, 150
Trd, 2591437.979, 150
Trd, 2591438.646, 150
Trd, 2591438.813, 150
Trd, 2591438.946, 150
Trd, 2591439.479, 150
Trd, 2591439.546, 150
Trd, 2591440.179, 150
Trd, 2591440.729, 150
Trd, 2591440.963, 150
Trd, 2591441.963, 150
Trd, 2591442.179, 150
Trd, 2591442.713, 150
Trd, 2591443.063, 150
Trd, 2591443.096, 150
Trd, 2591443.246, 150
Trd, 2591443.579, 150
Trd, 2591443.829, 149
Trd, 2591443.846, 150
Trd, 2591443.929, 149
Trd, 2591444.379, 150
Trd, 2591444.829, 150
Trd, 2591444.896, 150
Trd, 2591444.946, 150
Trd, 2591445.263, 150
Trd, 2591445.729, 150
Trd, 2591446.296, 149
Trd, 2591446.646, 150
Trd, 2591446.896, 150
Trd, 2591447.396, 144
Trd, 2591447.879, 141
Trd, 2591449.196, 150
Trd, 2591449.496, 149
Trd, 2591449.529, 149
Trd, 2591449.896, 146
Trd, 2591450.063, 133
Trd, 2591450.663, 147
Trd, 2591451.246, 123
Trd, 2591451.313, 145
Trd, 2591452.079, 127
Trd, 2591452.946, 130
Trd, 2591453.013, 131
Trd, 2591453.063, 132
Trd, 2591453.896, 102
Trd, 2591454.679, 103
Trd, 2591455.713, 100
Trd, 2591456.663, 100
Trd, 2591457.113, 100
Trd, 2591457.396, 100
Trd, 2591457.829, 100
Trd, 2591458.213, 100
Trd, 2591458.696, 100
Trd, 2591458.996, 100
Trd, 2591459.046, 101
Trd, 2591459.629, 100
Trd, 2591459.879, 102
Trd, 2591460.013, 102
Trd, 2591460.246, 102
Trd, 2591460.329, 102
Trd, 2591460.479, 103
Trd, 2591460.563, 106
Trd, 2591460.629, 108
Trd, 2591461.146, 121
Trd, 2591461.396, 119
Trd, 2591461.896, 119
Trd, 2591462.096, 109
Trd, 2591462.113, 120
Trd, 2591462.229, 108
Trd, 2591462.679, 124
Trd, 2591463.246, 121
Trd, 2591463.696, 119
Trd, 2591463.979, 121
Trd, 2591464.563, 121
Trd, 2591464.696, 120
Trd, 2591465.313, 122
Trd, 2591466.279, 125
Trd, 2591466.363, 123
Trd, 2591466.813, 121
Trd, 2591468.079, 150
Trd, 2591468.113, 150
Trd, 2591468.579, 150
Trd, 2591468.746, 150
Trd, 2591469.096, 150
Trd, 2591469.463, 150
Trd, 2591469.629, 150
Trd, 2591469.746, 149
Trd, 2591469.996, 148
Trd, 2591470.263, 148
Trd, 2591470.313, 145
Trd, 2591470.479, 144
Trd, 2591470.713, 136
Trd, 2591471.979, 128
Trd, 2591472.463, 100
Trd, 2591472.529, 100
Trd, 2591473.296, 100
Trd, 2591473.329, 100
Trd, 2591473.479, 100
Trd, 2591473.496, 100
Trd, 2591473.963, 101
Trd, 2591475.946, 100
Trd, 2591476.763, 100
Trd, 2591476.896, 100
Trd, 2591477.113, 101
Trd, 2591477.163, 101
Trd, 2591477.663, 101
Trd, 2591478.213, 105
Trd, 2591478.496, 104
Trd, 2591478.513, 103
Trd, 2591479.679, 100
Trd, 2591480.246, 100
Trd, 2591480.296, 100
Trd, 2591480.379, 100
Trd, 2591480.663, 100
Trd, 2591480.813, 100
Trd, 2591481.046, 101
Trd, 2591481.129, 101
Trd, 2591481.446, 103
Trd, 2591481.496, 110
Trd, 2591481.963, 107
Trd, 2591482.063, 133
Trd, 2591483.063, 129
Trd, 2591483.196, 133
Trd, 2591483.213, 108
Trd, 2591483.379, 133
Trd, 2591483.663, 134
Trd, 2591485.229, 148
Trd, 2591487.263, 143
Trd, 2591488.246, 150
Trd, 2591488.763, 150
Trd, 2591488.913, 150
Trd, 2591489.046, 150
Trd, 2591489.679, 150
Trd, 2591489.779, 150
Trd, 2591490.013, 150
Trd, 2591490.229, 150
Trd, 2591490.579, 150
Trd, 2591490.596, 150
Trd, 2591490.679, 150
Trd, 2591491.579, 146
Trd, 2591491.679, 145
Trd, 2591491.763, 144
Trd, 2591492.079, 141
Trd, 2591492.196, 138
Trd, 2591492.829, 133
Trd, 2591493.063, 133
Trd, 2591493.163, 134
Trd, 2591493.213, 134
Trd, 2591493.796, 130
Trd, 2591494.229, 120
Trd, 2591494.363, 120
Trd, 2591494.479, 120
Trd, 2591494.729, 121
Trd, 2591495.013, 126
Trd, 2591495.129, 127
Trd, 2591495.313, 118
Trd, 2591496.363, 150
Trd, 2591496.613, 150
Trd, 2591498.013, 150
Trd, 2591498.863, 150
Trd, 2591500.679, 150
Trd, 2591500.896, 150
Trd, 2591501.679, 150
Trd, 2591501.813, 150
Trd, 2591501.863, 150
Trd, 2591501.979, 150
Trd, 2591501.996, 150
Trd, 2591502.046, 150
Trd, 2591502.129, 150
Trd, 2591502.246, 150
Trd, 2591502.579, 149
Trd, 2591502.779, 149
Trd, 2591503.096, 150
Trd, 2591503.129, 150
Trd, 2591503.179, 150
Trd, 2591503.496, 149
Trd, 2591503.629, 149
Trd, 2591503.729, 148
Trd, 2591503.879, 149
Trd, 2591504.979, 150
Trd, 2591505.429, 148
Trd, 2591505.479, 148
Trd, 2591505.729, 148
Trd, 2591505.963, 147
Trd, 2591506.213, 120
Trd, 2591508.146, 133
Trd, 2591508.296, 133
Trd, 2591508.746, 130
Trd, 2591509.063, 130
Trd, 2591509.213, 129
Trd, 2591509.596, 117
Trd, 2591509.646, 130
Trd, 2591510.029, 131
Trd, 2591510.129, 132
Trd, 2591511.829, 100
Trd, 2591511.996, 102
Trd, 2591512.296, 100
Trd, 2591512.313, 102
Trd, 2591512.696, 102
Trd, 2591513.029, 102
Trd, 2591513.396, 102
Trd, 2591513.496, 102
Trd, 2591513.579, 103
Trd, 2591514.429, 103
Trd, 2591514.946, 108
Trd, 2591514.963, 109
Trd, 2591515.929, 116
Trd, 2591516.446, 117
Trd, 2591516.479, 117
Trd, 2591516.529, 117
Trd, 2591517.213, 125
Trd, 2591517.413, 127
Trd, 2591517.663, 125
Trd, 2591517.779, 127
Trd, 2591518.513, 124
Trd, 2591518.696, 105
Trd, 2591519.313, 125
Trd, 2591520.229, 104
Trd, 2591520.579, 115
Trd, 2591520.713, 125
Trd, 2591521.163, 148
Trd, 2591521.496, 150
Trd, 2591522.063, 150
Trd, 2591522.363, 150
Trd, 2591522.579, 150
Trd, 2591523.379, 150
Trd, 2591524.946, 150
Trd, 2591525.679, 150
Trd, 2591526.513, 150
Trd, 2591527.179, 150
Trd, 2591527.413, 150
Trd, 2591527.596, 150
Trd, 2591527.696, 150
Trd, 2591527.779, 150
Trd, 2591527.896, 150
Trd, 2591528.096, 150
Trd, 2591528.196, 150
Trd, 2591528.563, 150
Trd, 2591528.629, 150
Trd, 2591529.029, 150
Trd, 2591529.213, 150
Trd, 2591530.129, 150
Trd, 2591532.129, 150
Trd, 2591532.413, 150
Trd, 2591532.629, 150
Trd, 2591532.679, 150
Trd, 2591532.713, 150
Trd, 2591532.963, 150
Trd, 2591533.096, 149
Trd, 2591533.279, 149
Trd, 2591533.496, 150
Trd, 2591533.546, 138
Trd, 2591535.346, 144
Trd, 2591535.379, 145
Trd, 2591535.713, 145
Trd, 2591535.729, 146
Trd, 2591536.313, 150
Trd, 2591536.829, 150
Trd, 2591537.079, 150
Trd, 2591537.796, 150
Trd, 2591537.929, 150
Trd, 2591538.096, 149
Trd, 2591538.413, 144
Trd, 2591538.596, 143
Trd, 2591540.046, 150
Trd, 2591540.679, 150
Trd, 2591541.063, 150
Trd, 2591541.296, 150
Trd, 2591541.446, 150
Trd, 2591541.896, 150
Trd, 2591542.029, 150
Trd, 2591542.196, 150
Trd, 2591542.263, 134
Trd, 2591542.579, 134
Trd, 2591543.213, 134
Trd, 2591543.329, 114
Trd, 2591543.729, 101
Trd, 2591544.579, 100
Trd, 2591545.063, 100
Trd, 2591545.229, 100
Trd, 2591545.563, 100
Trd, 2591546.179, 100
Trd, 2591546.546, 100
Trd, 2591546.613, 100
Trd, 2591546.763, 100
Trd, 2591546.879, 100
Trd, 2591546.979, 100
Trd, 2591547.279, 101
Trd, 2591547.446, 100
Trd, 2591547.579, 101
Trd, 2591547.829, 100
Trd, 2591547.929, 105
Trd, 2591548.179, 106
Trd, 2591548.379, 107
Trd, 2591549.063, 100
Trd, 2591549.296, 100
Trd, 2591549.929, 102
Trd, 2591550.329, 102
Trd, 2591550.713, 100
Trd, 2591550.763, 101
Trd, 2591551.096, 102
Trd, 2591551.346, 100
Trd, 2591551.596, 101
Trd, 2591552.346, 103
Trd, 2591552.396, 115
Trd, 2591552.913, 103
Trd, 2591553.213, 103
Trd, 2591553.363, 103
Trd, 2591553.629, 104
Trd, 2591554.529, 110
Trd, 2591554.829, 111
Trd, 2591555.313, 132
Trd, 2591555.879, 100
Trd, 2591556.646, 100
Trd, 2591557.879, 100
Trd, 2591558.113, 100
Trd, 2591558.196, 111
Trd, 2591558.513, 111
Trd, 2591558.746, 112
Trd, 2591558.863, 112
Trd, 2591559.013, 134
Trd, 2591559.329, 111
Trd, 2591559.596, 108
Trd, 2591560.046, 109
Trd, 2591560.096, 110
Trd, 2591561.863, 121
Trd, 2591561.896, 141
Trd, 2591561.946, 124
Trd, 2591562.613, 130
Trd, 2591562.879, 129
Trd, 2591563.129, 129
Trd, 2591563.396, 129
Trd, 2591563.579, 131
Trd, 2591563.729, 131
Trd, 2591563.796, 131
Trd, 2591563.813, 133
Trd, 2591564.013, 134
Trd, 2591564.229, 140
Trd, 2591564.529, 129
Trd, 2591564.613, 128
Trd, 2591564.996, 131
Trd, 2591565.213, 132
Trd, 2591566.263, 150
Trd, 2591566.829, 150
Trd, 2591568.396, 150
Trd, 2591568.846, 150
Trd, 2591568.946, 149
Trd, 2591570.613, 149
Trd, 2591570.779, 150
Trd, 2591570.829, 149
Trd, 2591570.913, 150
Trd, 2591571.263, 149
Trd, 2591571.663, 150
Trd, 2591571.829, 149
Trd, 2591571.863, 148
Trd, 2591572.179, 145
Trd, 2591572.413, 143
Trd, 2591572.479, 141
Trd, 2591573.229, 146
Trd, 2591573.246, 142
Trd, 2591573.296, 147
Trd, 2591573.496, 149
Trd, 2591574.479, 150
Trd, 2591575.413, 150
Trd, 2591575.779, 150
Trd, 2591576.096, 147
Trd, 2591576.279, 143
Trd, 2591576.396, 137
Trd, 2591576.629, 134
Trd, 2591576.729, 134
Trd, 2591577.029, 133
Trd, 2591577.496, 136
Trd, 2591578.363, 112
Trd, 2591578.563, 115
Trd, 2591578.829, 112
Trd, 2591578.996, 112
Trd, 2591579.279, 113
Trd, 2591579.546, 114
Trd, 2591580.929, 100
Trd, 2591581.563, 100
Trd, 2591582.113, 100
Trd, 2591582.279, 100
Trd, 2591582.379, 100
Trd, 2591582.679, 103
Trd, 2591583.613, 100
Trd, 2591583.663, 101
Trd, 2591583.746, 104
Trd, 2591584.213, 100
Trd, 2591584.996, 100
Trd, 2591585.213, 101
Trd, 2591585.329, 100
Trd, 2591585.496, 101
Trd, 2591585.846, 104
Trd, 2591585.913, 106
Trd, 2591586.263, 122
Trd, 2591586.596, 125
Trd, 2591587.079, 130
Trd, 2591587.129, 132
Trd, 2591587.163, 107
Trd, 2591587.979, 138
Trd, 2591588.596, 111
Trd, 2591588.613, 110
Trd, 2591588.879, 135
Trd, 2591588.896, 136
Trd, 2591589.046, 109
Trd, 2591589.879, 136
Trd, 2591590.079, 150
Trd, 2591592.546, 150
Trd, 2591592.646, 150
Trd, 2591592.813, 150
Trd, 2591594.179, 150
Trd, 2591594.546, 150
Trd, 2591594.596, 150
Trd, 2591594.663, 150
Trd, 2591595.113, 149
Trd, 2591595.163, 149
Trd, 2591595.179, 147
Trd, 2591595.196, 150
Trd, 2591595.879, 149
Trd, 2591596.146, 145
Trd, 2591596.613, 149
Trd, 2591597.063, 149
Trd, 2591597.346, 145
Trd, 2591597.613, 148
Trd, 2591598.163, 145
Trd, 2591598.229, 147
Trd, 2591598.296, 149
Trd, 2591598.396, 137
Trd, 2591598.413, 107
Trd, 2591599.613, 100
Trd, 2591600.429, 100
Trd, 2591601.396, 100
Trd, 2591601.579, 100
Trd, 2591601.679, 100
Trd, 2591601.763, 100
Trd, 2591601.779, 100
Trd, 2591602.079, 108
Trd, 2591602.313, 108
Trd, 2591602.429, 107
Trd, 2591602.529, 109
Trd, 2591603.446, 150
Trd, 2591603.929, 150
Trd, 2591604.363, 150
Trd, 2591605.063, 150
Trd, 2591605.213, 150
Trd, 2591606.479, 150
Trd, 2591606.579, 150
Trd, 2591606.963, 150
Trd, 2591607.196, 150
Trd, 2591608.613, 150
Trd, 2591609.279, 150
Trd, 2591609.379, 150
Trd, 2591609.946, 150
Trd, 2591609.979, 150
Trd, 2591610.263, 150
Trd, 2591610.346, 150
Trd, 2591610.513, 150
Trd, 2591611.329, 150
Trd, 2591611.846, 150
Trd, 2591611.879, 149
Trd, 2591612.113, 150
Trd, 2591612.929, 150
Trd, 2591614.146, 150
Trd, 2591614.513, 150
Trd, 2591614.596, 150
Trd, 2591616.129, 150
Trd, 2591616.229, 150
Trd, 2591616.396, 150
Trd, 2591616.446, 150
Trd, 2591616.579, 150
Trd, 2591616.679, 150
Trd, 2591616.813, 147
Trd, 2591617.696, 150
Trd, 2591617.729, 144
Trd, 2591617.829, 133
Trd, 2591617.879, 109
Trd, 2591618.696, 112
Trd, 2591618.996, 148
Trd, 2591620.129, 127
Trd, 2591620.313, 111
Trd, 2591620.529, 110
Trd, 2591620.579, 145
Trd, 2591621.113, 141
Trd, 2591621.613, 140
Trd, 2591621.629, 136
Trd, 2591621.946, 142
Trd, 2591622.229, 136
Trd, 2591622.379, 135
Trd, 2591622.729, 138
Trd, 2591623.079, 103
Trd, 2591623.179, 100
Trd, 2591623.196, 101
Trd, 2591623.729, 101
Trd, 2591624.729, 100
Trd, 2591624.996, 100
Trd, 2591625.479, 100
Trd, 2591625.963, 100
Trd, 2591626.163, 100
Trd, 2591626.379, 103
Trd, 2591626.646, 107
Trd, 2591627.163, 105
Trd, 2591627.779, 104
Trd, 2591627.913, 106
Trd, 2591628.596, 100
Trd, 2591628.629, 100
Trd, 2591629.113, 100
Trd, 2591629.479, 100
Trd, 2591629.779, 100
Trd, 2591629.846, 100
Trd, 2591630.379, 100
Trd, 2591630.463, 100
Trd, 2591630.529, 100
Trd, 2591630.846, 100
Trd, 2591631.646, 101
Trd, 2591631.713, 101
Trd, 2591632.096, 102
Trd, 2591632.646, 101
Trd, 2591632.829, 100
Trd, 2591632.946, 102
Trd, 2591633.063, 103
Trd, 2591633.196, 104
Trd, 2591633.879, 104
Trd, 2591634.246, 105
Trd, 2591634.413, 105
Trd, 2591634.713, 104
Trd, 2591634.746, 102
Trd, 2591635.396, 104
Trd, 2591635.513, 104
Trd, 2591636.363, 106
Trd, 2591636.563, 105
Trd, 2591637.196, 104
Trd, 2591637.546, 117
Trd, 2591638.013, 101
Trd, 2591638.129, 118
Trd, 2591638.279, 141
Trd, 2591638.479, 102
Trd, 2591638.563, 102
Trd, 2591639.313, 150
Trd, 2591640.663, 150
Trd, 2591640.829, 150
Trd, 2591640.996, 150
Trd, 2591641.246, 149
Trd, 2591642.313, 150
Trd, 2591642.379, 150
Trd, 2591642.913, 150
Trd, 2591643.163, 150
Trd, 2591643.763, 149
Trd, 2591644.063, 150
Trd, 2591644.129, 149
Trd, 2591644.229, 146
Trd, 2591644.563, 113
Trd, 2591645.046, 135
Trd, 2591645.479, 134
Trd, 2591645.563, 135
Trd, 2591645.629, 136
Trd, 2591645.929, 100
Trd, 2591646.846, 100
Trd, 2591647.096, 100
Trd, 2591647.163, 100
Trd, 2591647.446, 100
Trd, 2591647.479, 100
Trd, 2591647.763, 100
Trd, 2591648.096, 100
Trd, 2591648.813, 100
Trd, 2591649.746, 100
Trd, 2591650.129, 100
Trd, 2591650.179, 100
Trd, 2591650.263, 100
Trd, 2591651.046, 100
Trd, 2591651.179, 100
Trd, 2591651.263, 100
Trd, 2591651.446, 101
Trd, 2591651.513, 100
Trd, 2591652.163, 100
Trd, 2591652.913, 100
Trd, 2591652.979, 100
Trd, 2591652.996, 100
Trd, 2591653.096, 102
Trd, 2591653.346, 112
Trd, 2591654.363, 107
Trd, 2591654.946, 114
Trd, 2591655.179, 111
Trd, 2591655.396, 111
Trd, 2591655.629, 112
Trd, 2591655.763, 112
Trd, 2591656.029, 108
Trd, 2591656.246, 112
Trd, 2591656.263, 115
Trd, 2591656.746, 129
Trd, 2591658.529, 100
Trd, 2591660.263, 100
Trd, 2591660.329, 100
Trd, 2591660.413, 100
Trd, 2591660.513, 100
Trd, 2591662.379, 100
Trd, 2591662.413, 100
Trd, 2591662.496, 100
Trd, 2591662.679, 100
Trd, 2591663.496, 100
Trd, 2591663.563, 100
Trd, 2591664.413, 100
Trd, 2591664.796, 100
Trd, 2591664.846, 100
Trd, 2591665.013, 100
Trd, 2591665.079, 100
Trd, 2591665.229, 101
Trd, 2591665.346, 100
Trd, 2591665.813, 101
Trd, 2591665.829, 102
Trd, 2591666.063, 101
Trd, 2591666.379, 105
Trd, 2591666.779, 108
Trd, 2591667.079, 150
Trd, 2591667.163, 150
Trd, 2591668.313, 138
Trd, 2591668.379, 139
Trd, 2591669.046, 150
Trd, 2591669.079, 145
Trd, 2591670.529, 150
Trd, 2591671.229, 150
Trd, 2591672.313, 150
Trd, 2591674.063, 150
Trd, 2591674.279, 150
Trd, 2591674.979, 150
Trd, 2591675.063, 150
Trd, 2591675.196, 150
Trd, 2591675.213, 150
Trd, 2591675.229, 150
Trd, 2591675.496, 150
Trd, 2591675.596, 150
Trd, 2591675.813, 150
Trd, 2591676.013, 150
Trd, 2591676.313, 150
Trd, 2591676.413, 141
Trd, 2591676.663, 149
Trd, 2591676.763, 140
Trd, 2591676.813, 138
Trd, 2591678.146, 144
Trd, 2591678.363, 144
Trd, 2591678.646, 142
Trd, 2591679.029, 140
Trd, 2591679.229, 142
Trd, 2591679.246, 143
Trd, 2591679.296, 137
Trd, 2591679.413, 130
Trd, 2591679.813, 120
Trd, 2591680.363, 134
Trd, 2591680.846, 118
Trd, 2591681.513, 101
Trd, 2591682.163, 100
Trd, 2591682.513, 100
Trd, 2591682.613, 103
Trd, 2591683.679, 107
Trd, 2591683.846, 103
Trd, 2591685.463, 133
Trd, 2591685.646, 150
Trd, 2591685.779, 150
Trd, 2591686.063, 150
Trd, 2591687.163, 150
Trd, 2591687.196, 150
Trd, 2591688.413, 150
Trd, 2591688.729, 150
Trd, 2591688.813, 150
Trd, 2591689.196, 149
Trd, 2591689.263, 149
Trd, 2591689.396, 149
Trd, 2591689.529, 148
Trd, 2591690.163, 143
Trd, 2591690.779, 133
Trd, 2591690.829, 146
Trd, 2591690.863, 130
Trd, 2591691.496, 145
Trd, 2591691.979, 100
Trd, 2591692.163, 100
Trd, 2591692.546, 100
Trd, 2591692.579, 100
Trd, 2591692.979, 100
Trd, 2591693.079, 100
Trd, 2591693.146, 100
Trd, 2591693.413, 101
Trd, 2591693.496, 103
Trd, 2591693.996, 118
Trd, 2591694.179, 103
Trd, 2591694.213, 119
Trd, 2591694.529, 101
Trd, 2591694.963, 111
Trd, 2591695.279, 111
Trd, 2591695.779, 103
Trd, 2591695.913, 102
Trd, 2591696.779, 103
Trd, 2591696.796, 104
Trd, 2591697.596, 131
Trd, 2591697.696, 132
Trd, 2591698.363, 150
Trd, 2591698.396, 105
Trd, 2591698.496, 104
Trd, 2591700.229, 150
Trd, 2591700.679, 150
Trd, 2591701.046, 150
Trd, 2591701.096, 150
Trd, 2591701.746, 150
Trd, 2591702.079, 149
Trd, 2591702.213, 148
Trd, 2591702.479, 147
Trd, 2591702.629, 147
Trd, 2591702.763, 146
Trd, 2591702.813, 145
Trd, 2591702.829, 147
Trd, 2591703.279, 116
Trd, 2591703.679, 100
Trd, 2591704.096, 100
Trd, 2591704.796, 100
Trd, 2591704.963, 100
Trd, 2591705.829, 100
Trd, 2591706.979, 100
Trd, 2591707.196, 100
Trd, 2591707.813, 100
Trd, 2591707.879, 100
Trd, 2591707.996, 100
Trd, 2591708.229, 101
Trd, 2591708.446, 102
Trd, 2591708.713, 105
Trd, 2591709.046, 103
Trd, 2591709.313, 105
Trd, 2591709.779, 110
Trd, 2591710.613, 118
Trd, 2591710.629, 120
Trd, 2591710.979, 110
Trd, 2591711.463, 108
Trd, 2591711.829, 149
Trd, 2591712.996, 150
Trd, 2591713.046, 134
Trd, 2591713.346, 149
Trd, 2591713.529, 107
Trd, 2591713.779, 141
Trd, 2591714.546, 106
Trd, 2591714.663, 105
Trd, 2591714.796, 105
Trd, 2591715.063, 106
Trd, 2591715.363, 104
Trd, 2591715.629, 101
Trd, 2591715.996, 100
Trd, 2591716.163, 100
Trd, 2591716.446, 100
Trd, 2591716.713, 100
Trd, 2591717.413, 100
Trd, 2591718.096, 100
Trd, 2591718.413, 100
Trd, 2591718.463, 100
Trd, 2591718.529, 100
Trd, 2591718.629, 103
Trd, 2591718.846, 101
Trd, 2591718.896, 123
Trd, 2591719.579, 150
Trd, 2591719.813, 150
Trd, 2591719.829, 130
Trd, 2591720.196, 101
Trd, 2591722.746, 150
Trd, 2591722.946, 149
Trd, 2591723.496, 150
Trd, 2591723.696, 150
Trd, 2591723.963, 150
Trd, 2591726.496, 150
Trd, 2591726.763, 150
Trd, 2591727.896, 150
Trd, 2591727.946, 150
Trd, 2591728.313, 150
Trd, 2591728.746, 150
Trd, 2591728.879, 150
Trd, 2591728.963, 150
Trd, 2591729.213, 150
Trd, 2591729.229, 150
Trd, 2591729.329, 150
Trd, 2591729.363, 150
Trd, 2591729.496, 150
Trd, 2591729.513, 149
Trd, 2591729.579, 150
Trd, 2591729.696, 149
Trd, 2591730.079, 146
Trd, 2591730.279, 145
Trd, 2591730.696, 147
Trd, 2591730.729, 142
Trd, 2591730.763, 149
Trd, 2591731.313, 107
Trd, 2591733.029, 148
Trd, 2591733.046, 150
Trd, 2591733.079, 120
Trd, 2591733.246, 149
Trd, 2591733.263, 150
Trd, 2591733.446, 107
Trd, 2591733.829, 101
Trd, 2591734.113, 148
Trd, 2591734.229, 149
Trd, 2591735.946, 149
Trd, 2591736.463, 147
Trd, 2591737.429, 150
Trd, 2591738.213, 146
Trd, 2591738.279, 138
Trd, 2591738.646, 130
Trd, 2591738.929, 108
Trd, 2591739.029, 143
Trd, 2591739.146, 106
Trd, 2591739.213, 105
Trd, 2591739.446, 143
Trd, 2591739.879, 128
Trd, 2591740.013, 129
Trd, 2591740.229, 142
Trd, 2591740.513, 143
Trd, 2591740.629, 110
Trd, 2591741.296, 111
Trd, 2591741.763, 110
Trd, 2591742.346, 110
Trd, 2591742.729, 110
Trd, 2591742.979, 104
Trd, 2591743.946, 103
Trd, 2591743.979, 104
Trd, 2591745.629, 100
Trd, 2591745.813, 101
Trd, 2591746.346, 100
Trd, 2591746.629, 100
Trd, 2591747.463, 100
Trd, 2591748.546, 100
Trd, 2591748.896, 100
Trd, 2591749.063, 100
Trd, 2591749.079, 100
Trd, 2591749.446, 101
Trd, 2591750.063, 100
Trd, 2591750.079, 100
Trd, 2591750.329, 100
Trd, 2591750.863, 100
Trd, 2591751.196, 100
Trd, 2591751.296, 102
Trd, 2591751.396, 103
Trd, 2591751.863, 104
Trd, 2591752.079, 104
Trd, 2591752.196, 104
Trd, 2591752.413, 103
Trd, 2591752.579, 104
Trd, 2591752.663, 104
Trd, 2591753.129, 102
Trd, 2591753.279, 102
Trd, 2591753.413, 102
Trd, 2591753.513, 101
Trd, 2591754.479, 103
Trd, 2591754.496, 104
Trd, 2591754.796, 101
Trd, 2591755.013, 104
Trd, 2591755.129, 100
Trd, 2591756.079, 103
Trd, 2591756.213, 105
Trd, 2591756.479, 103
Trd, 2591757.096, 150
Trd, 2591757.946, 150
Trd, 2591758.229, 150
Trd, 2591758.696, 150
Trd, 2591758.879, 149
Trd, 2591759.529, 149
Trd, 2591759.613, 147
Trd, 2591760.729, 142
Trd, 2591760.746, 128
Trd, 2591760.979, 143
Trd, 2591761.079, 127
Trd, 2591761.646, 127
Trd, 2591761.863, 139
Trd, 2591762.029, 126
Trd, 2591762.213, 118
Trd, 2591762.729, 113
Trd, 2591763.063, 140
Trd, 2591763.279, 139
Trd, 2591763.379, 140
Trd, 2591763.479, 115
Trd, 2591764.229, 138
Trd, 2591765.279, 136
Trd, 2591765.496, 137
Trd, 2591765.546, 116
Trd, 2591765.863, 115
Trd, 2591766.796, 114
Trd, 2591766.929, 114
Trd, 2591766.996, 113
Trd, 2591767.763, 111
Trd, 2591769.263, 100
Trd, 2591769.279, 101
Trd, 2591770.246, 112
Trd, 2591770.346, 115
Trd, 2591770.579, 104
Trd, 2591771.196, 100
Trd, 2591771.296, 100
Trd, 2591771.396, 120
Trd, 2591771.663, 121
Trd, 2591772.929, 150
Trd, 2591772.996, 150
Trd, 2591773.063, 150
Trd, 2591773.313, 150
Trd, 2591773.696, 150
Trd, 2591773.946, 150
Trd, 2591774.863, 150
Trd, 2591776.563, 150
Trd, 2591776.646, 150
Trd, 2591776.696, 150
Trd, 2591776.796, 150
Trd, 2591776.829, 150
Trd, 2591776.896, 150
Trd, 2591777.229, 150
Trd, 2591777.513, 150
Trd, 2591777.579, 150
Trd, 2591778.096, 149
Trd, 2591778.146, 149
Trd, 2591778.579, 149
Trd, 2591779.096, 105
Trd, 2591779.313, 107
Trd, 2591779.546, 110
Trd, 2591780.363, 109
Trd, 2591781.213, 100
Trd, 2591782.013, 100
Trd, 2591782.029, 100
Trd, 2591782.713, 100
Trd, 2591783.063, 100
Trd, 2591783.263, 100
Trd, 2591783.563, 100
Trd, 2591783.929, 100
Trd, 2591784.229, 100
Trd, 2591784.263, 100
Trd, 2591784.379, 100
Trd, 2591784.896, 100
Trd, 2591784.929, 100
Trd, 2591785.229, 100
Trd, 2591785.479, 100
Trd, 2591785.796, 101
Trd, 2591786.513, 101
Trd, 2591786.679, 103
Trd, 2591786.763, 107
Trd, 2591787.279, 100
Trd, 2591787.479, 100
Trd, 2591787.879, 102
Trd, 2591788.713, 108
Trd, 2591788.796, 149
Trd, 2591789.513, 150
Trd, 2591790.013, 150
Trd, 2591790.379, 150
Trd, 2591790.629, 150
Trd, 2591790.713, 150
Trd, 2591790.779, 149
Trd, 2591791.246, 106
Trd, 2591791.379, 150
Trd, 2591791.546, 106
Trd, 2591792.429, 148
Trd, 2591793.146, 149
Trd, 2591793.296, 150
Trd, 2591793.329, 148
Trd, 2591793.429, 147
Trd, 2591793.996, 102
Trd, 2591794.529, 100
Trd, 2591794.746, 100
Trd, 2591794.813, 100
Trd, 2591794.913, 100
Trd, 2591795.213, 100
Trd, 2591795.863, 100
Trd, 2591795.946, 100
Trd, 2591796.813, 101
Trd, 2591797.146, 100
Trd, 2591797.213, 101
Trd, 2591797.263, 109
Trd, 2591798.563, 108
Trd, 2591799.046, 109
Trd, 2591800.013, 110
Trd, 2591800.213, 110
Trd, 2591800.346, 112
Trd, 2591800.563, 112
Trd, 2591800.596, 106
Trd, 2591800.929, 104
Trd, 2591801.496, 100
Trd, 2591801.779, 100
Trd, 2591801.879, 100
Trd, 2591802.013, 101
Trd, 2591802.296, 102
Trd, 2591802.746, 102
Trd, 2591802.779, 103
Trd, 2591803.346, 103
Trd, 2591803.413, 103
Trd, 2591803.629, 104
Trd, 2591804.463, 100
Trd, 2591804.963, 100
Trd, 2591804.979, 100
Trd, 2591805.196, 100
Trd, 2591805.529, 100
Trd, 2591806.979, 100
Trd, 2591807.229, 150
Trd, 2591807.529, 101
Trd, 2591807.813, 106
Trd, 2591809.013, 100
Trd, 2591809.879, 150
Trd, 2591810.263, 150
Trd, 2591810.429, 150
Trd, 2591811.263, 150
Trd, 2591811.763, 150
Trd, 2591811.946, 150
Trd, 2591812.663, 150
Trd, 2591812.879, 150
Trd, 2591813.063, 149
Trd, 2591813.279, 149
Trd, 2591813.346, 149
Trd, 2591813.396, 149
Trd, 2591813.513, 149
Trd, 2591813.913, 148
Trd, 2591814.046, 148
Trd, 2591814.263, 146
Trd, 2591814.746, 144
Trd, 2591814.996, 140
Trd, 2591816.146, 142
Trd, 2591816.363, 149
Trd, 2591816.896, 150
Trd, 2591817.479, 136
Trd, 2591817.529, 135
Trd, 2591817.696, 112
Trd, 2591817.829, 103
Trd, 2591817.879, 137
Trd, 2591818.596, 101
Trd, 2591818.629, 101
Trd, 2591818.779, 100
Trd, 2591819.279, 100
Trd, 2591819.396, 101
Trd, 2591819.413, 102
Trd, 2591819.596, 125
Trd, 2591820.046, 101
Trd, 2591821.013, 100
Trd, 2591821.813, 100
Trd, 2591821.896, 100
Trd, 2591822.996, 100
Trd, 2591823.146, 100
Trd, 2591823.763, 100
Trd, 2591824.029, 101
Trd, 2591824.679, 100
Trd, 2591825.529, 100
Trd, 2591825.546, 100
Trd, 2591825.763, 100
Trd, 2591826.246, 100
Trd, 2591826.413, 100
Trd, 2591826.796, 101
Trd, 2591826.896, 100
Trd, 2591827.546, 104
Trd, 2591827.746, 104
Trd, 2591828.046, 105
Trd, 2591828.146, 106
Trd, 2591828.613, 106
Trd, 2591828.679, 107
Trd, 2591828.813, 105
Trd, 2591828.829, 102
Trd, 2591828.846, 108
Trd, 2591829.696, 106
Trd, 2591830.863, 104
Trd, 2591831.679, 104
Trd, 2591832.046, 107
Trd, 2591832.763, 104
Trd, 2591832.879, 104
Trd, 2591832.896, 105
Trd, 2591833.496, 105
Trd, 2591833.513, 106
Trd, 2591833.529, 108
Trd, 2591833.963, 106
Trd, 2591834.346, 109
Trd, 2591834.746, 132
Trd, 2591835.113, 131
Trd, 2591835.313, 117
Trd, 2591835.596, 110
Trd, 2591835.763, 131
Trd, 2591836.246, 132
Trd, 2591837.529, 117
Trd, 2591838.696, 150
Trd, 2591838.929, 150
Trd, 2591838.946, 150
Trd, 2591839.079, 149
Trd, 2591839.413, 150
Trd, 2591840.129, 150
Trd, 2591840.846, 150
Trd, 2591841.629, 150
Trd, 2591842.296, 150
Trd, 2591842.813, 150
Trd, 2591843.029, 149
Trd, 2591843.096, 149
Trd, 2591843.329, 149
Trd, 2591843.446, 150
Trd, 2591843.779, 150
Trd, 2591843.813, 146
Trd, 2591843.929, 150
Trd, 2591844.263, 118
Trd, 2591844.863, 135
Trd, 2591845.529, 132
Trd, 2591845.796, 138
Trd, 2591845.929, 114
Trd, 2591845.963, 113
Trd, 2591846.029, 135
Trd, 2591846.063, 137
Trd, 2591846.363, 135
Trd, 2591846.479, 134
Trd, 2591846.563, 133
Trd, 2591846.679, 126
Trd, 2591846.913, 122
Trd, 2591848.379, 127
Trd, 2591848.629, 112
Trd, 2591848.946, 124
Trd, 2591849.246, 101
Trd, 2591849.679, 101
Trd, 2591851.029, 100
Trd, 2591851.046, 100
Trd, 2591851.546, 100
Trd, 2591852.179, 100
Trd, 2591852.496, 100
Trd, 2591852.563, 100
Trd, 2591852.813, 100
Trd, 2591852.946, 100
Trd, 2591853.596, 100
Trd, 2591853.729, 100
Trd, 2591854.146, 101
Trd, 2591854.679, 104
Trd, 2591855.213, 102
Trd, 2591855.279, 108
Trd, 2591856.096, 112
Trd, 2591856.946, 150
Trd, 2591857.113, 150
Trd, 2591857.713, 150
Trd, 2591858.046, 150
Trd, 2591858.546, 150
Trd, 2591858.863, 150
Trd, 2591860.396, 150
Trd, 2591860.596, 150
Trd, 2591860.796, 150
Trd, 2591860.846, 150
Trd, 2591860.879, 150
Trd, 2591860.896, 150
Trd, 2591861.246, 150
Trd, 2591861.279, 150
Trd, 2591861.579, 149
Trd, 2591861.713, 149
Trd, 2591861.963, 148
Trd, 2591862.379, 148
Trd, 2591862.763, 137
Trd, 2591862.779, 129
Trd, 2591864.196, 149
Trd, 2591864.879, 150
Trd, 2591864.996, 148
Trd, 2591865.013, 147
Trd, 2591865.846, 146
Trd, 2591867.079, 137
Trd, 2591867.429, 137
Trd, 2591867.629, 139
Trd, 2591868.613, 134
Trd, 2591868.679, 122
Trd, 2591868.913, 137
Trd, 2591868.996, 139
Trd, 2591869.263, 138
Trd, 2591869.279, 120
Trd, 2591869.579, 139
Trd, 2591869.879, 121
Trd, 2591870.463, 125
Trd, 2591870.579, 123
Trd, 2591870.846, 135
Trd, 2591870.963, 122
Trd, 2591871.229, 120
Trd, 2591871.313, 138
Trd, 2591871.479, 120
Trd, 2591872.729, 131
Trd, 2591874.913, 150
Trd, 2591874.979, 150
Trd, 2591875.513, 150
Trd, 2591876.746, 150
Trd, 2591876.863, 150
Trd, 2591876.913, 150
Trd, 2591876.929, 150
Trd, 2591877.163, 150
Trd, 2591877.296, 149
Trd, 2591877.346, 150
Trd, 2591877.913, 150
Trd, 2591878.029, 150
Trd, 2591879.396, 150
Trd, 2591880.029, 150
Trd, 2591880.413, 150
Trd, 2591880.929, 150
Trd, 2591880.996, 150
Trd, 2591881.129, 150
Trd, 2591881.296, 150
Trd, 2591881.463, 149
Trd, 2591881.563, 150
Trd, 2591881.779, 148
Trd, 2591881.929, 147
Trd, 2591882.446, 140
Trd, 2591882.463, 119
Trd, 2591882.663, 126
Trd, 2591882.996, 104
Trd, 2591883.046, 142
Trd, 2591883.413, 119
Trd, 2591884.263, 100
Trd, 2591884.363, 100
Trd, 2591884.429, 101
Trd, 2591884.563, 145
Trd, 2591885.813, 122
Trd, 2591885.846, 121
Trd, 2591885.979, 120
Trd, 2591888.979, 150
Trd, 2591889.046, 150
Trd, 2591889.313, 150
Trd, 2591889.413, 150
Trd, 2591889.429, 150
Trd, 2591889.579, 149
Trd, 2591889.613, 149
Trd, 2591889.863, 147
Trd, 2591889.963, 145
Trd, 2591890.096, 118
Trd, 2591890.229, 143
Trd, 2591890.463, 142
Trd, 2591890.963, 140
Trd, 2591891.646, 137
Trd, 2591891.763, 136
Trd, 2591892.246, 135
Trd, 2591892.729, 134
Trd, 2591893.479, 100
Trd, 2591894.129, 100
Trd, 2591894.279, 100
Trd, 2591894.396, 101
Trd, 2591894.846, 103
Trd, 2591895.163, 100
Trd, 2591895.246, 102
Trd, 2591895.713, 108
Trd, 2591896.663, 101
Trd, 2591896.896, 104
Trd, 2591897.313, 104
Trd, 2591897.496, 104
Trd, 2591897.846, 105
Trd, 2591897.896, 106
Trd, 2591898.263, 108
Trd, 2591898.613, 131
Trd, 2591898.629, 108
Trd, 2591899.329, 150
Trd, 2591899.613, 150
Trd, 2591899.863, 150
Trd, 2591900.613, 150
Trd, 2591900.963, 150
Trd, 2591902.013, 150
Trd, 2591902.346, 150
Trd, 2591902.713, 150
Trd, 2591902.979, 150
Trd, 2591904.179, 150
Trd, 2591904.296, 150
Trd, 2591904.313, 150
Trd, 2591904.596, 149
Trd, 2591904.779, 149
Trd, 2591904.913, 148
Trd, 2591905.663, 105
Trd, 2591905.846, 106
Trd, 2591906.163, 107
Trd, 2591907.313, 110
Trd, 2591907.646, 106
Trd, 2591907.729, 106
Trd, 2591907.763, 107
Trd, 2591908.279, 106
Trd, 2591908.913, 104
Trd, 2591909.679, 100
Trd, 2591909.813, 100
Trd, 2591909.913, 100
Trd, 2591910.096, 100
Trd, 2591910.429, 101
Trd, 2591910.696, 101
Trd, 2591910.713, 102
Trd, 2591910.963, 103
Trd, 2591911.496, 107
Trd, 2591911.813, 104
Trd, 2591911.929, 107
Trd, 2591912.146, 105
Trd, 2591912.646, 113
Trd, 2591913.346, 123
Trd, 2591913.596, 113
Trd, 2591914.179, 120
Trd, 2591914.379, 112
Trd, 2591914.413, 121
Trd, 2591914.729, 118
Trd, 2591914.813, 114
Trd, 2591914.979, 117
Trd, 2591915.079, 119
Trd, 2591915.163, 116
Trd, 2591915.396, 122
Trd, 2591916.479, 123
Trd, 2591916.679, 148
Trd, 2591916.913, 142
Trd, 2591917.263, 139
Trd, 2591917.463, 140
Trd, 2591918.629, 150
Trd, 2591919.196, 150
Trd, 2591919.513, 150
Trd, 2591921.229, 150
Trd, 2591921.813, 150
Trd, 2591921.963, 150
Trd, 2591922.163, 150
Trd, 2591922.813, 150
Trd, 2591922.896, 150
Trd, 2591923.096, 149
Trd, 2591923.263, 150
Trd, 2591923.729, 148
Trd, 2591923.846, 147
Trd, 2591923.879, 146
Trd, 2591923.896, 142
Trd, 2591924.146, 144
Trd, 2591924.229, 117
Trd, 2591925.046, 138
Trd, 2591925.446, 135
Trd, 2591925.563, 134
Trd, 2591925.663, 134
Trd, 2591925.746, 134
Trd, 2591925.896, 134
Trd, 2591926.113, 133
Trd, 2591926.346, 135
Trd, 2591926.379, 134
Trd, 2591926.396, 139
Trd, 2591926.846, 133
Trd, 2591927.029, 121
Trd, 2591928.029, 150
Trd, 2591928.496, 150
Trd, 2591929.029, 150
Trd, 2591931.179, 150
Trd, 2591931.196, 149
Trd, 2591931.713, 150
Trd, 2591931.879, 150
Trd, 2591932.363, 133
Trd, 2591933.179, 116
Trd, 2591933.363, 116
Trd, 2591933.463, 115
Trd, 2591933.863, 100
Trd, 2591933.896, 100
Trd, 2591934.079, 100
Trd, 2591934.263, 101
Trd, 2591935.629, 100
Trd, 2591935.696, 100
Trd, 2591936.163, 100
Trd, 2591936.396, 100
Trd, 2591936.596, 100
Trd, 2591936.996, 100
Trd, 2591937.196, 100
Trd, 2591937.346, 100
Trd, 2591937.413, 101
Trd, 2591937.613, 101
Trd, 2591937.746, 100
Trd, 2591937.779, 100
Trd, 2591937.796, 101
Trd, 2591938.279, 150
Trd, 2591939.246, 128
Trd, 2591939.546, 150
Trd, 2591940.763, 150
Trd, 2591940.779, 150
Trd, 2591941.546, 150
Trd, 2591942.529, 150
Trd, 2591942.663, 150
Trd, 2591942.763, 150
Trd, 2591942.946, 150
Trd, 2591943.096, 150
Trd, 2591943.379, 150
Trd, 2591944.263, 143
Trd, 2591944.863, 140
Trd, 2591945.229, 136
Trd, 2591945.679, 134
Trd, 2591945.896, 131
Trd, 2591945.946, 130
Trd, 2591946.096, 131
Trd, 2591946.796, 129
Trd, 2591947.179, 126
Trd, 2591947.396, 127
Trd, 2591948.146, 122
Trd, 2591948.596, 115
Trd, 2591948.946, 119
Trd, 2591949.446, 106
Trd, 2591949.613, 103
Trd, 2591950.196, 100
Trd, 2591952.313, 100
Trd, 2591952.496, 100
Trd, 2591952.679, 100
Trd, 2591953.179, 100
Trd, 2591953.346, 100
Trd, 2591953.463, 100
Trd, 2591953.479, 100
Trd, 2591953.663, 101
Trd, 2591953.779, 100
Trd, 2591954.446, 101
Trd, 2591954.563, 101
Trd, 2591955.063, 100
Trd, 2591955.379, 100
Trd, 2591956.879, 100
Trd, 2591957.146, 100
Trd, 2591958.079, 100
Trd, 2591958.213, 100
Trd, 2591958.413, 106
Trd, 2591958.579, 111
Trd, 2591958.713, 111
Trd, 2591958.829, 112
Trd, 2591959.296, 110
Trd, 2591959.463, 111
Trd, 2591960.496, 100
Trd, 2591960.546, 101
Trd, 2591960.713, 102
Trd, 2591960.996, 101
Trd, 2591962.096, 123
Trd, 2591962.113, 129
Trd, 2591962.479, 122
Trd, 2591963.563, 150
Trd, 2591963.613, 150
Trd, 2591963.746, 150
Trd, 2591964.146, 150
Trd, 2591964.713, 150
Trd, 2591965.996, 150
Trd, 2591966.013, 150
Trd, 2591966.196, 150
Trd, 2591966.279, 150
Trd, 2591966.479, 150
Trd, 2591966.929, 147
Trd, 2591967.379, 141
Trd, 2591967.796, 107
Trd, 2591968.096, 143
Trd, 2591968.163, 145
Trd, 2591968.563, 149
Trd, 2591969.613, 148
Trd, 2591970.179, 116
Trd, 2591970.429, 115
Trd, 2591970.763, 116
Trd, 2591971.163, 114
Trd, 2591971.479, 106
Trd, 2591971.713, 100
Trd, 2591972.396, 100
Trd, 2591972.646, 100
Trd, 2591972.713, 100
Trd, 2591972.746, 100
Trd, 2591973.046, 100
Trd, 2591973.213, 100
Trd, 2591973.279, 100
Trd, 2591973.563, 100
Trd, 2591974.613, 100
Trd, 2591974.713, 100
Trd, 2591975.163, 100
Trd, 2591975.296, 100
Trd, 2591975.629, 100
Trd, 2591975.763, 101
Trd, 2591975.829, 100
Trd, 2591976.879, 101
Trd, 2591976.896, 106
Trd, 2591977.163, 124
Trd, 2591977.663, 124
Trd, 2591977.979, 105
Trd, 2591978.379, 107
Trd, 2591979.213, 123
Trd, 2591979.296, 145
Trd, 2591979.863, 137
Trd, 2591980.096, 116
Trd, 2591980.579, 116
Trd, 2591980.746, 124
Trd, 2591980.796, 146
Trd, 2591981.346, 106
Trd, 2591982.063, 101
Trd, 2591982.196, 101
Trd, 2591982.646, 101
Trd, 2591983.146, 100
Trd, 2591983.413, 100
Trd, 2591983.563, 100
Trd, 2591983.579, 101
Trd, 2591983.913, 108
Trd, 2591984.446, 149
Trd, 2591984.796, 103
Trd, 2591985.013, 106
Trd, 2591985.246, 104
Trd, 2591985.646, 124
Trd, 2591985.896, 110
Trd, 2591985.946, 104
Trd, 2591986.079, 109
Trd, 2591986.129, 130
Trd, 2591986.696, 122
Trd, 2591986.746, 126
Trd, 2591989.013, 100
Trd, 2591989.679, 100
Trd, 2591989.729, 100
Trd, 2591990.263, 100
Trd, 2591990.963, 100
Trd, 2591991.263, 100
Trd, 2591991.613, 100
Trd, 2591992.013, 100
Trd, 2591992.113, 100
Trd, 2591992.213, 100
Trd, 2591992.313, 100
Trd, 2591992.346, 100
Trd, 2591992.646, 100
Trd, 2591992.779, 100
Trd, 2591992.813, 100
Trd, 2591993.013, 100
Trd, 2591993.413, 101
Trd, 2591993.963, 101
Trd, 2591994.113, 100
Trd, 2591995.779, 101
Trd, 2591996.113, 101
Trd, 2591996.563, 102
Trd, 2591996.963, 101
Trd, 2591998.179, 100
Trd, 2591999.379, 100
