Trd, 2590831.913, 129
Trd, 2590832.496, 127
Trd, 2590833.346, 130
Trd, 2590834.779, 140
Trd, 2590835.046, 141
Trd, 2590836.229, 150
Trd, 2590836.263, 150
Trd, 2590836.546, 150
Trd, 2590836.613, 150
Trd, 2590836.646, 149
Trd, 2590836.929, 148
Trd, 2590837.896, 150
Trd, 2590838.063, 150
Trd, 2590838.563, 150
Trd, 2590838.963, 150
Trd, 2590839.396, 150
Trd, 2590839.513, 150
Trd, 2590839.713, 148
Trd, 2590839.996, 149
Trd, 2590840.529, 147
Trd, 2590841.029, 150
Trd, 2590841.096, 150
Trd, 2590841.146, 150
Trd, 2590841.263, 150
Trd, 2590841.279, 134
Trd, 2590842.596, 150
Trd, 2590843.096, 148
Trd, 2590843.563, 150
Trd, 2590844.146, 150
Trd, 2590844.546, 150
Trd, 2590844.579, 150
Trd, 2590844.896, 150
Trd, 2590844.913, 150
Trd, 2590844.946, 150
Trd, 2590845.213, 150
Trd, 2590845.363, 150
Trd, 2590845.563, 150
Trd, 2590846.196, 150
Trd, 2590846.929, 150
Trd, 2590848.029, 150
Trd, 2590848.529, 150
Trd, 2590848.579, 150
Trd, 2590848.996, 150
Trd, 2590849.613, 150
Trd, 2590849.663, 148
Trd, 2590850.179, 147
Trd, 2590850.413, 147
Trd, 2590850.463, 150
Trd, 2590850.629, 147
Trd, 2590851.013, 147
Trd, 2590851.479, 138
Trd, 2590851.963, 136
Trd, 2590852.079, 136
Trd, 2590852.213, 141
Trd, 2590852.696, 136
Trd, 2590853.013, 135
Trd, 2590853.029, 149
Trd, 2590853.713, 131
Trd, 2590854.163, 146
Trd, 2590854.413, 150
Trd, 2590854.529, 150
Trd, 2590855.313, 150
Trd, 2590855.396, 150
Trd, 2590855.413, 150
Trd, 2590855.679, 117
Trd, 2590855.713, 116
Trd, 2590855.729, 104
Trd, 2590856.663, 138
Trd, 2590857.146, 139
Trd, 2590859.963, 100
Trd, 2590860.179, 101
Trd, 2590860.246, 105
Trd, 2590860.329, 107
Trd, 2590860.713, 107
Trd, 2590861.646, 105
Trd, 2590861.879, 104
Trd, 2590862.129, 106
Trd, 2590862.246, 107
Trd, 2590862.813, 118
Trd, 2590863.963, 117
Trd, 2590864.113, 113
Trd, 2590864.213, 112
Trd, 2590864.479, 118
Trd, 2590864.696, 141
Trd, 2590866.046, 150
Trd, 2590866.479, 150
Trd, 2590866.596, 150
Trd, 2590866.813, 150
Trd, 2590867.079, 149
Trd, 2590867.396, 149
Trd, 2590867.463, 148
Trd, 2590867.779, 150
Trd, 2590869.363, 150
Trd, 2590869.613, 150
Trd, 2590869.696, 150
Trd, 2590869.996, 150
Trd, 2590870.479, 150
Trd, 2590870.696, 150
Trd, 2590870.996, 150
Trd, 2590871.063, 150
Trd, 2590871.813, 150
Trd, 2590871.929, 150
Trd, 2590872.013, 150
Trd, 2590872.129, 148
Trd, 2590872.413, 141
Trd, 2590872.913, 131
Trd, 2590873.129, 150
Trd, 2590873.963, 150
Trd, 2590873.979, 150
Trd, 2590874.529, 150
Trd, 2590874.896, 150
Trd, 2590874.963, 150
Trd, 2590875.046, 149
Trd, 2590876.079, 148
Trd, 2590876.146, 147
Trd, 2590876.213, 136
Trd, 2590876.713, 150
Trd, 2590877.129, 132
Trd, 2590877.513, 129
Trd, 2590878.796, 109
Trd, 2590878.896, 119
Trd, 2590879.363, 108
Trd, 2590879.879, 115
Trd, 2590879.963, 117
Trd, 2590880.263, 116
Trd, 2590880.396, 144
Trd, 2590880.596, 145
Trd, 2590880.629, 144
Trd, 2590880.696, 143
Trd, 2590880.729, 123
Trd, 2590880.779, 145
Trd, 2590880.829, 148
Trd, 2590881.846, 150
Trd, 2590882.146, 127
Trd, 2590883.329, 150
Trd, 2590883.396, 150
Trd, 2590884.146, 150
Trd, 2590884.696, 150
Trd, 2590884.879, 150
Trd, 2590885.013, 149
Trd, 2590885.046, 148
Trd, 2590885.596, 149
Trd, 2590885.913, 145
Trd, 2590886.363, 132
Trd, 2590886.529, 131
Trd, 2590886.696, 122
Trd, 2590886.779, 122
Trd, 2590888.196, 100
Trd, 2590889.446, 100
Trd, 2590889.679, 100
Trd, 2590889.829, 100
Trd, 2590890.413, 100
Trd, 2590890.429, 100
Trd, 2590890.563, 101
Trd, 2590890.963, 104
Trd, 2590891.146, 103
Trd, 2590891.679, 103
Trd, 2590891.996, 129
Trd, 2590893.913, 150
Trd, 2590893.946, 150
Trd, 2590894.163, 150
Trd, 2590894.346, 150
Trd, 2590894.596, 150
Trd, 2590894.646, 148
Trd, 2590894.763, 145
Trd, 2590894.979, 144
Trd, 2590895.529, 136
Trd, 2590896.279, 149
Trd, 2590897.413, 150
Trd, 2590897.629, 150
Trd, 2590898.679, 150
Trd, 2590898.813, 150
Trd, 2590898.829, 150
Trd, 2590899.396, 149
Trd, 2590900.313, 150
Trd, 2590900.413, 150
Trd, 2590900.529, 150
Trd, 2590900.729, 150
Trd, 2590900.796, 150
Trd, 2590901.629, 150
Trd, 2590901.913, 150
Trd, 2590902.013, 149
Trd, 2590902.163, 150
Trd, 2590902.246, 132
Trd, 2590902.363, 128
Trd, 2590902.629, 124
Trd, 2590903.379, 125
Trd, 2590903.646, 149
Trd, 2590904.246, 149
Trd, 2590904.596, 136
Trd, 2590904.746, 120
Trd, 2590904.946, 150
Trd, 2590905.663, 108
Trd, 2590905.679, 110
Trd, 2590906.113, 129
Trd, 2590908.213, 125
Trd, 2590908.729, 124
Trd, 2590908.996, 125
Trd, 2590909.179, 125
Trd, 2590909.229, 123
Trd, 2590909.263, 122
Trd, 2590909.363, 127
Trd, 2590909.413, 123
Trd, 2590909.763, 129
Trd, 2590909.796, 135
Trd, 2590910.213, 131
Trd, 2590911.263, 149
Trd, 2590911.596, 149
Trd, 2590911.629, 148
Trd, 2590911.763, 149
Trd, 2590912.079, 147
Trd, 2590912.096, 132
Trd, 2590912.163, 131
Trd, 2590912.296, 121
Trd, 2590912.563, 150
Trd, 2590913.163, 104
Trd, 2590913.513, 109
Trd, 2590913.879, 148
Trd, 2590914.246, 105
Trd, 2590914.496, 106
Trd, 2590915.063, 102
Trd, 2590915.096, 103
Trd, 2590915.363, 142
Trd, 2590916.246, 114
Trd, 2590917.063, 117
Trd, 2590917.813, 125
Trd, 2590918.046, 142
Trd, 2590919.079, 140
Trd, 2590919.246, 140
Trd, 2590919.463, 141
Trd, 2590919.863, 150
Trd, 2590920.379, 150
Trd, 2590920.679, 150
Trd, 2590921.213, 150
Trd, 2590921.513, 149
Trd, 2590921.796, 148
Trd, 2590921.863, 146
Trd, 2590921.879, 143
Trd, 2590922.846, 134
Trd, 2590923.513, 147
Trd, 2590923.629, 146
Trd, 2590923.696, 124
Trd, 2590924.446, 118
Trd, 2590924.896, 150
Trd, 2590925.963, 150
Trd, 2590926.079, 150
Trd, 2590926.363, 150
Trd, 2590926.713, 150
Trd, 2590927.229, 150
Trd, 2590927.279, 150
Trd, 2590927.429, 150
Trd, 2590928.629, 150
Trd, 2590928.779, 150
Trd, 2590929.413, 150
Trd, 2590929.996, 150
Trd, 2590930.029, 150
Trd, 2590930.179, 150
Trd, 2590930.729, 150
Trd, 2590931.179, 150
Trd, 2590931.196, 150
Trd, 2590931.546, 150
Trd, 2590931.929, 150
Trd, 2590932.096, 150
Trd, 2590932.263, 147
Trd, 2590932.379, 147
Trd, 2590932.879, 138
Trd, 2590932.996, 121
Trd, 2590933.379, 102
Trd, 2590933.563, 104
Trd, 2590934.329, 103
Trd, 2590934.396, 104
Trd, 2590934.413, 108
Trd, 2590934.813, 102
Trd, 2590934.863, 120
Trd, 2590935.379, 145
Trd, 2590936.046, 144
Trd, 2590936.813, 136
Trd, 2590937.813, 141
Trd, 2590937.896, 137
Trd, 2590938.246, 141
Trd, 2590938.779, 141
Trd, 2590938.796, 145
Trd, 2590939.279, 140
Trd, 2590939.696, 140
Trd, 2590939.863, 140
Trd, 2590940.079, 139
Trd, 2590942.163, 150
Trd, 2590943.646, 150
Trd, 2590944.713, 150
Trd, 2590944.813, 150
Trd, 2590945.213, 150
Trd, 2590945.513, 150
Trd, 2590945.529, 150
Trd, 2590945.646, 150
Trd, 2590945.696, 150
Trd, 2590946.046, 150
Trd, 2590946.146, 150
Trd, 2590946.229, 150
Trd, 2590946.329, 150
Trd, 2590946.396, 148
Trd, 2590947.179, 148
Trd, 2590947.329, 150
Trd, 2590947.463, 148
Trd, 2590947.679, 135
Trd, 2590947.813, 135
Trd, 2590948.229, 150
Trd, 2590949.329, 150
Trd, 2590949.396, 149
Trd, 2590950.013, 150
Trd, 2590950.246, 150
Trd, 2590950.279, 149
Trd, 2590950.679, 118
Trd, 2590950.729, 150
Trd, 2590950.846, 114
Trd, 2590950.863, 113
Trd, 2590952.863, 100
Trd, 2590953.146, 101
Trd, 2590953.213, 101
Trd, 2590953.663, 102
Trd, 2590954.096, 101
Trd, 2590954.396, 102
Trd, 2590954.646, 103
Trd, 2590954.979, 100
Trd, 2590955.046, 106
Trd, 2590955.896, 100
Trd, 2590955.979, 101
Trd, 2590956.579, 112
Trd, 2590957.096, 103
Trd, 2590957.263, 103
Trd, 2590957.379, 102
Trd, 2590958.179, 102
Trd, 2590958.429, 103
Trd, 2590958.696, 107
Trd, 2590958.746, 106
Trd, 2590958.929, 108
Trd, 2590959.079, 109
Trd, 2590959.179, 150
Trd, 2590960.496, 150
Trd, 2590960.829, 150
Trd, 2590960.963, 150
Trd, 2590961.279, 150
Trd, 2590962.546, 150
Trd, 2590962.829, 150
Trd, 2590963.829, 150
Trd, 2590964.913, 150
Trd, 2590965.529, 150
Trd, 2590965.846, 150
Trd, 2590965.963, 150
Trd, 2590966.179, 150
Trd, 2590966.529, 148
Trd, 2590966.663, 149
Trd, 2590966.879, 149
Trd, 2590966.946, 146
Trd, 2590967.063, 146
Trd, 2590967.163, 145
Trd, 2590967.496, 132
Trd, 2590967.613, 131
Trd, 2590968.196, 104
Trd, 2590968.979, 100
Trd, 2590969.129, 100
Trd, 2590969.246, 100
Trd, 2590969.513, 100
Trd, 2590970.029, 103
Trd, 2590970.429, 100
Trd, 2590971.379, 100
Trd, 2590971.396, 101
Trd, 2590971.679, 101
Trd, 2590971.729, 101
Trd, 2590972.063, 145
Trd, 2590972.813, 147
Trd, 2590973.796, 150
Trd, 2590973.913, 150
Trd, 2590974.296, 150
Trd, 2590974.363, 150
Trd, 2590974.663, 150
Trd, 2590975.329, 150
Trd, 2590976.113, 150
Trd, 2590977.263, 150
Trd, 2590977.863, 150
Trd, 2590977.946, 150
Trd, 2590978.363, 150
Trd, 2590979.346, 150
Trd, 2590979.379, 150
Trd, 2590979.529, 150
Trd, 2590980.046, 150
Trd, 2590981.129, 150
Trd, 2590981.196, 150
Trd, 2590981.246, 150
Trd, 2590981.479, 150
Trd, 2590981.546, 149
Trd, 2590982.013, 150
Trd, 2590982.046, 150
Trd, 2590982.113, 149
Trd, 2590982.196, 148
Trd, 2590982.513, 149
Trd, 2590982.663, 134
Trd, 2590983.013, 132
Trd, 2590983.596, 139
Trd, 2590983.663, 143
Trd, 2590983.829, 143
Trd, 2590984.079, 145
Trd, 2590985.413, 114
Trd, 2590985.596, 118
Trd, 2590985.863, 117
Trd, 2590986.113, 116
Trd, 2590986.263, 113
Trd, 2590986.746, 111
Trd, 2590986.996, 101
Trd, 2590987.879, 103
Trd, 2590988.229, 104
Trd, 2590988.429, 107
Trd, 2590988.596, 104
Trd, 2590988.913, 105
Trd, 2590989.963, 101
Trd, 2590990.196, 101
Trd, 2590990.229, 100
Trd, 2590991.279, 100
Trd, 2590991.313, 100
Trd, 2590991.346, 102
Trd, 2590992.329, 111
Trd, 2590993.863, 100
Trd, 2590995.346, 100
Trd, 2590995.479, 101
Trd, 2590995.513, 102
Trd, 2590995.579, 102
Trd, 2590995.829, 102
Trd, 2590995.979, 102
Trd, 2590996.063, 103
Trd, 2590996.129, 102
Trd, 2590996.179, 103
Trd, 2590996.313, 104
Trd, 2590996.379, 104
Trd, 2590996.713, 105
Trd, 2590996.813, 104
Trd, 2590997.079, 104
Trd, 2590997.629, 110
Trd, 2590998.646, 133
Trd, 2590998.796, 135
Trd, 2590998.996, 150
Trd, 2590999.846, 150
Trd, 2591000.429, 150
Trd, 2591000.463, 150
Trd, 2591000.813, 150
Trd, 2591001.413, 150
Trd, 2591001.779, 150
Trd, 2591001.846, 150
Trd, 2591003.463, 150
Trd, 2591003.479, 150
Trd, 2591004.079, 150
Trd, 2591004.329, 150
Trd, 2591005.863, 150
Trd, 2591006.046, 150
Trd, 2591006.863, 150
Trd, 2591007.063, 150
Trd, 2591007.229, 150
Trd, 2591007.963, 150
Trd, 2591007.979, 150
Trd, 2591008.146, 150
Trd, 2591008.196, 150
Trd, 2591008.396, 150
Trd, 2591009.029, 150
Trd, 2591009.163, 150
Trd, 2591009.279, 150
Trd, 2591009.413, 150
Trd, 2591009.613, 150
Trd, 2591009.663, 149
Trd, 2591010.029, 150
Trd, 2591010.729, 150
Trd, 2591011.196, 149
Trd, 2591011.579, 147
Trd, 2591011.679, 147
Trd, 2591011.929, 146
Trd, 2591012.563, 143
Trd, 2591012.713, 147
Trd, 2591013.246, 134
Trd, 2591013.363, 147
Trd, 2591014.279, 150
Trd, 2591015.146, 150
Trd, 2591015.263, 150
Trd, 2591015.346, 149
Trd, 2591015.496, 149
Trd, 2591016.046, 143
Trd, 2591016.613, 143
Trd, 2591016.713, 150
Trd, 2591018.979, 150
Trd, 2591019.063, 150
Trd, 2591019.313, 150
Trd, 2591019.679, 150
Trd, 2591020.479, 150
Trd, 2591020.596, 150
Trd, 2591020.979, 150
Trd, 2591021.146, 150
Trd, 2591021.263, 150
Trd, 2591021.363, 150
Trd, 2591021.413, 148
Trd, 2591021.813, 147
Trd, 2591022.763, 141
Trd, 2591022.813, 140
Trd, 2591022.946, 146
Trd, 2591023.163, 142
Trd, 2591023.196, 147
Trd, 2591023.346, 143
Trd, 2591023.779, 144
Trd, 2591023.996, 148
Trd, 2591024.296, 144
Trd, 2591024.829, 150
Trd, 2591024.913, 150
Trd, 2591025.029, 149
Trd, 2591025.063, 149
Trd, 2591025.429, 141
Trd, 2591025.746, 140
Trd, 2591025.946, 131
Trd, 2591026.496, 139
Trd, 2591026.779, 125
Trd, 2591026.963, 127
Trd, 2591027.113, 124
Trd, 2591027.279, 137
Trd, 2591027.863, 127
Trd, 2591028.879, 101
Trd, 2591029.546, 100
Trd, 2591030.829, 100
Trd, 2591031.063, 100
Trd, 2591031.496, 101
Trd, 2591031.679, 101
Trd, 2591033.479, 101
Trd, 2591034.146, 103
Trd, 2591034.296, 100
Trd, 2591035.013, 100
Trd, 2591035.779, 100
Trd, 2591037.113, 100
Trd, 2591038.146, 100
Trd, 2591038.213, 100
Trd, 2591038.879, 100
Trd, 2591038.946, 100
Trd, 2591039.146, 100
Trd, 2591039.263, 101
Trd, 2591039.296, 101
Trd, 2591039.413, 101
Trd, 2591039.596, 102
Trd, 2591039.629, 102
Trd, 2591039.713, 102
Trd, 2591039.779, 102
Trd, 2591040.346, 101
Trd, 2591041.129, 101
Trd, 2591041.146, 101
Trd, 2591042.213, 100
Trd, 2591042.263, 100
Trd, 2591042.279, 100
Trd, 2591042.496, 110
Trd, 2591042.679, 143
Trd, 2591043.246, 109
Trd, 2591043.279, 122
Trd, 2591043.446, 107
Trd, 2591043.546, 110
Trd, 2591044.479, 144
Trd, 2591044.596, 138
Trd, 2591044.746, 139
Trd, 2591044.763, 138
Trd, 2591045.446, 150
Trd, 2591045.563, 150
Trd, 2591045.613, 150
Trd, 2591047.179, 150
Trd, 2591047.246, 150
Trd, 2591047.679, 150
Trd, 2591048.029, 149
Trd, 2591048.663, 149
Trd, 2591048.796, 148
Trd, 2591048.829, 144
Trd, 2591048.846, 135
Trd, 2591049.596, 105
Trd, 2591050.846, 102
Trd, 2591050.929, 103
Trd, 2591051.063, 141
Trd, 2591051.646, 103
Trd, 2591051.796, 103
Trd, 2591051.913, 104
Trd, 2591052.196, 123
Trd, 2591052.529, 143
Trd, 2591053.029, 110
Trd, 2591053.613, 112
Trd, 2591053.763, 113
Trd, 2591053.829, 112
Trd, 2591053.896, 111
Trd, 2591054.013, 110
Trd, 2591054.263, 106
Trd, 2591056.179, 147
Trd, 2591056.646, 121
Trd, 2591056.779, 119
Trd, 2591057.013, 119
Trd, 2591057.363, 142
Trd, 2591057.463, 141
Trd, 2591058.563, 142
Trd, 2591058.679, 120
Trd, 2591058.746, 118
Trd, 2591058.946, 128
Trd, 2591059.213, 117
Trd, 2591059.496, 143
Trd, 2591059.713, 109
Trd, 2591060.579, 150
Trd, 2591061.146, 150
Trd, 2591063.196, 150
Trd, 2591063.346, 150
Trd, 2591063.629, 150
Trd, 2591063.846, 150
Trd, 2591064.379, 150
Trd, 2591064.596, 150
Trd, 2591064.946, 150
Trd, 2591065.829, 150
Trd, 2591066.229, 149
Trd, 2591067.813, 150
Trd, 2591068.763, 150
Trd, 2591068.829, 150
Trd, 2591069.663, 150
Trd, 2591069.963, 150
Trd, 2591069.979, 150
Trd, 2591070.479, 150
Trd, 2591070.679, 150
Trd, 2591070.796, 150
Trd, 2591071.113, 149
Trd, 2591071.463, 150
Trd, 2591071.713, 150
Trd, 2591072.029, 150
Trd, 2591072.113, 150
Trd, 2591073.013, 150
Trd, 2591073.513, 150
Trd, 2591073.779, 150
Trd, 2591073.879, 149
Trd, 2591074.063, 150
Trd, 2591074.129, 149
Trd, 2591074.879, 147
Trd, 2591074.929, 134
Trd, 2591074.979, 130
Trd, 2591075.796, 146
Trd, 2591075.946, 137
Trd, 2591076.213, 137
Trd, 2591076.313, 145
Trd, 2591076.529, 147
Trd, 2591077.396, 143
Trd, 2591077.496, 136
Trd, 2591077.696, 126
Trd, 2591077.963, 108
Trd, 2591078.296, 147
Trd, 2591078.929, 150
Trd, 2591078.996, 149
Trd, 2591079.979, 131
Trd, 2591080.113, 130
Trd, 2591081.029, 127
Trd, 2591081.096, 112
Trd, 2591081.313, 111
Trd, 2591081.496, 105
Trd, 2591083.396, 150
Trd, 2591083.479, 150
Trd, 2591084.296, 150
Trd, 2591084.546, 150
Trd, 2591084.579, 150
Trd, 2591084.846, 149
Trd, 2591085.046, 150
Trd, 2591086.329, 150
Trd, 2591086.479, 150
Trd, 2591086.863, 150
Trd, 2591087.696, 150
Trd, 2591088.529, 150
Trd, 2591089.429, 150
Trd, 2591090.013, 150
Trd, 2591090.029, 149
Trd, 2591090.163, 149
Trd, 2591090.479, 150
Trd, 2591090.696, 149
Trd, 2591090.779, 148
Trd, 2591091.063, 145
Trd, 2591091.129, 139
Trd, 2591091.213, 138
Trd, 2591091.329, 147
Trd, 2591091.729, 147
Trd, 2591091.879, 139
Trd, 2591092.196, 138
Trd, 2591092.329, 139
Trd, 2591092.396, 137
Trd, 2591092.446, 127
Trd, 2591093.246, 102
Trd, 2591093.646, 120
Trd, 2591094.079, 102
Trd, 2591094.396, 104
Trd, 2591094.729, 120
Trd, 2591095.346, 100
Trd, 2591096.046, 100
Trd, 2591096.096, 100
Trd, 2591096.679, 101
Trd, 2591097.863, 150
Trd, 2591098.113, 150
Trd, 2591098.129, 149
Trd, 2591098.246, 148
Trd, 2591098.629, 135
Trd, 2591099.313, 150
Trd, 2591100.596, 150
Trd, 2591100.746, 150
Trd, 2591101.113, 150
Trd, 2591101.446, 150
Trd, 2591101.713, 150
Trd, 2591101.813, 149
Trd, 2591102.029, 149
Trd, 2591102.213, 149
Trd, 2591103.846, 150
Trd, 2591103.929, 149
Trd, 2591104.096, 149
Trd, 2591104.246, 150
Trd, 2591104.379, 149
Trd, 2591104.829, 148
Trd, 2591105.546, 150
Trd, 2591105.896, 150
Trd, 2591106.496, 150
Trd, 2591106.546, 150
Trd, 2591106.763, 150
Trd, 2591107.496, 150
Trd, 2591107.829, 150
Trd, 2591108.179, 150
Trd, 2591108.546, 150
Trd, 2591108.779, 150
Trd, 2591108.946, 150
Trd, 2591109.779, 150
Trd, 2591110.263, 150
Trd, 2591110.496, 150
Trd, 2591110.879, 150
Trd, 2591111.429, 150
Trd, 2591111.979, 150
Trd, 2591112.279, 150
Trd, 2591112.563, 150
Trd, 2591112.579, 150
Trd, 2591112.696, 150
Trd, 2591113.279, 150
Trd, 2591113.379, 148
Trd, 2591114.763, 150
Trd, 2591114.813, 150
Trd, 2591114.913, 150
Trd, 2591115.146, 145
Trd, 2591115.213, 143
Trd, 2591115.413, 142
Trd, 2591115.546, 150
Trd, 2591115.713, 142
Trd, 2591115.779, 141
Trd, 2591116.013, 146
Trd, 2591116.296, 125
Trd, 2591118.296, 106
Trd, 2591118.679, 106
Trd, 2591118.779, 105
Trd, 2591119.029, 106
Trd, 2591119.129, 107
Trd, 2591119.929, 100
Trd, 2591120.529, 102
Trd, 2591120.679, 102
Trd, 2591121.063, 100
Trd, 2591121.363, 105
Trd, 2591121.546, 117
Trd, 2591121.813, 118
Trd, 2591122.479, 121
Trd, 2591122.829, 150
Trd, 2591122.879, 120
Trd, 2591124.213, 150
Trd, 2591124.696, 150
Trd, 2591124.963, 150
Trd, 2591124.979, 150
Trd, 2591125.246, 150
Trd, 2591125.913, 150
Trd, 2591126.179, 150
Trd, 2591126.329, 148
Trd, 2591127.496, 134
Trd, 2591128.613, 143
Trd, 2591128.829, 130
Trd, 2591128.846, 129
Trd, 2591128.896, 144
Trd, 2591129.179, 132
Trd, 2591129.296, 128
Trd, 2591129.829, 133
Trd, 2591130.496, 147
Trd, 2591130.513, 146
Trd, 2591130.713, 131
Trd, 2591131.413, 150
Trd, 2591131.446, 132
Trd, 2591131.879, 124
Trd, 2591131.946, 123
Trd, 2591132.179, 149
Trd, 2591132.279, 116
Trd, 2591133.329, 150
Trd, 2591133.396, 150
Trd, 2591133.946, 150
Trd, 2591134.279, 150
Trd, 2591134.913, 150
Trd, 2591135.113, 150
Trd, 2591135.879, 150
Trd, 2591138.029, 150
Trd, 2591138.379, 150
Trd, 2591138.396, 150
Trd, 2591138.746, 150
Trd, 2591138.896, 150
Trd, 2591139.079, 150
Trd, 2591139.263, 150
Trd, 2591140.063, 150
Trd, 2591140.563, 150
Trd, 2591140.596, 150
Trd, 2591140.679, 150
Trd, 2591140.946, 150
Trd, 2591141.029, 150
Trd, 2591141.979, 150
Trd, 2591142.146, 150
Trd, 2591142.429, 149
Trd, 2591143.046, 149
Trd, 2591143.196, 148
Trd, 2591143.696, 150
Trd, 2591144.179, 150
Trd, 2591144.396, 150
Trd, 2591144.763, 150
Trd, 2591145.146, 149
Trd, 2591145.296, 143
Trd, 2591145.929, 130
Trd, 2591146.396, 143
Trd, 2591146.446, 142
Trd, 2591146.929, 148
Trd, 2591147.496, 150
Trd, 2591147.629, 147
Trd, 2591148.263, 150
Trd, 2591148.979, 150
Trd, 2591149.329, 150
Trd, 2591149.446, 149
Trd, 2591149.496, 148
Trd, 2591149.779, 150
Trd, 2591150.363, 148
Trd, 2591150.479, 147
Trd, 2591150.696, 142
Trd, 2591151.013, 150
Trd, 2591152.146, 133
Trd, 2591152.263, 133
Trd, 2591152.479, 118
Trd, 2591154.096, 126
Trd, 2591154.496, 119
Trd, 2591154.546, 116
Trd, 2591154.846, 124
Trd, 2591154.979, 109
Trd, 2591157.646, 100
Trd, 2591157.713, 100
Trd, 2591157.763, 100
Trd, 2591157.896, 100
Trd, 2591158.429, 100
Trd, 2591158.613, 100
Trd, 2591158.696, 100
Trd, 2591159.163, 101
Trd, 2591159.263, 101
Trd, 2591159.396, 102
Trd, 2591159.796, 103
Trd, 2591159.846, 102
Trd, 2591160.146, 103
Trd, 2591160.246, 104
Trd, 2591160.646, 105
Trd, 2591160.879, 119
Trd, 2591161.679, 137
Trd, 2591162.029, 150
Trd, 2591162.513, 150
Trd, 2591162.863, 150
Trd, 2591162.996, 150
Trd, 2591163.446, 150
Trd, 2591163.813, 150
Trd, 2591164.129, 150
Trd, 2591164.313, 150
Trd, 2591165.229, 150
Trd, 2591165.329, 150
Trd, 2591166.463, 150
Trd, 2591166.646, 150
Trd, 2591167.213, 150
Trd, 2591167.279, 150
Trd, 2591167.679, 150
Trd, 2591168.229, 150
Trd, 2591169.563, 150
Trd, 2591169.946, 150
Trd, 2591170.013, 150
Trd, 2591170.279, 150
Trd, 2591170.496, 150
Trd, 2591170.546, 150
Trd, 2591170.579, 150
Trd, 2591170.796, 150
Trd, 2591170.846, 150
Trd, 2591171.096, 150
Trd, 2591171.113, 150
Trd, 2591172.263, 150
Trd, 2591172.346, 150
Trd, 2591172.429, 148
Trd, 2591172.579, 139
Trd, 2591172.829, 134
Trd, 2591173.263, 150
Trd, 2591173.913, 150
Trd, 2591173.946, 149
Trd, 2591174.946, 150
Trd, 2591175.379, 150
Trd, 2591175.529, 150
Trd, 2591175.863, 150
Trd, 2591176.079, 150
Trd, 2591176.713, 150
Trd, 2591176.963, 150
Trd, 2591177.496, 150
Trd, 2591177.529, 150
Trd, 2591177.979, 149
Trd, 2591178.163, 150
Trd, 2591178.396, 149
Trd, 2591178.663, 148
Trd, 2591178.729, 148
Trd, 2591179.096, 142
Trd, 2591179.379, 142
Trd, 2591179.396, 148
Trd, 2591179.979, 122
Trd, 2591180.613, 149
Trd, 2591181.313, 150
Trd, 2591181.496, 149
Trd, 2591181.846, 141
Trd, 2591181.879, 127
Trd, 2591181.929, 109
Trd, 2591182.346, 106
Trd, 2591183.279, 100
Trd, 2591183.696, 101
Trd, 2591183.763, 133
Trd, 2591184.263, 150
Trd, 2591184.863, 103
Trd, 2591186.096, 100
Trd, 2591186.479, 100
Trd, 2591186.779, 100
Trd, 2591186.913, 101
Trd, 2591187.079, 100
Trd, 2591188.096, 100
Trd, 2591188.679, 100
Trd, 2591188.813, 100
Trd, 2591188.946, 100
Trd, 2591189.229, 101
Trd, 2591189.979, 100
Trd, 2591190.063, 102
Trd, 2591190.129, 102
Trd, 2591190.229, 103
Trd, 2591190.813, 150
Trd, 2591191.279, 150
Trd, 2591191.679, 150
Trd, 2591192.946, 150
Trd, 2591192.963, 150
Trd, 2591193.263, 150
Trd, 2591193.729, 150
Trd, 2591194.129, 150
Trd, 2591194.829, 150
Trd, 2591195.279, 149
Trd, 2591195.413, 149
Trd, 2591195.596, 150
Trd, 2591196.479, 150
Trd, 2591196.879, 150
Trd, 2591196.996, 150
Trd, 2591197.279, 150
Trd, 2591197.596, 150
Trd, 2591197.796, 150
Trd, 2591198.279, 150
Trd, 2591198.613, 149
Trd, 2591198.813, 148
Trd, 2591199.313, 150
Trd, 2591199.613, 149
Trd, 2591200.079, 149
Trd, 2591200.613, 149
Trd, 2591200.713, 148
Trd, 2591200.863, 133
Trd, 2591201.413, 133
Trd, 2591201.529, 128
Trd, 2591201.896, 146
Trd, 2591202.013, 148
Trd, 2591202.263, 135
Trd, 2591202.596, 134
Trd, 2591202.863, 147
Trd, 2591203.963, 144
Trd, 2591204.079, 141
Trd, 2591205.479, 150
Trd, 2591205.579, 150
Trd, 2591205.713, 150
Trd, 2591205.913, 150
Trd, 2591205.996, 150
Trd, 2591206.063, 150
Trd, 2591206.229, 150
Trd, 2591206.329, 148
Trd, 2591207.213, 150
Trd, 2591207.896, 150
Trd, 2591208.279, 150
Trd, 2591208.363, 138
Trd, 2591209.113, 147
Trd, 2591210.346, 141
Trd, 2591210.463, 140
Trd, 2591210.846, 138
Trd, 2591211.246, 147
Trd, 2591211.413, 147
Trd, 2591211.513, 145
Trd, 2591211.663, 146
Trd, 2591211.863, 146
Trd, 2591212.746, 147
Trd, 2591212.846, 144
Trd, 2591213.063, 148
Trd, 2591213.229, 150
Trd, 2591213.796, 150
Trd, 2591214.179, 149
Trd, 2591214.729, 150
Trd, 2591215.029, 150
Trd, 2591215.746, 150
Trd, 2591216.013, 150
Trd, 2591216.179, 150
Trd, 2591216.196, 149
Trd, 2591216.613, 147
Trd, 2591216.863, 135
Trd, 2591217.096, 135
Trd, 2591217.196, 133
Trd, 2591217.879, 140
Trd, 2591218.713, 102
Trd, 2591219.513, 104
Trd, 2591219.646, 103
Trd, 2591219.896, 105
Trd, 2591220.079, 109
Trd, 2591220.296, 108
Trd, 2591220.729, 105
Trd, 2591221.063, 131
Trd, 2591221.079, 146
Trd, 2591221.163, 130
Trd, 2591221.363, 146
Trd, 2591221.779, 105
Trd, 2591222.113, 149
Trd, 2591222.896, 105
Trd, 2591224.546, 100
Trd, 2591225.079, 100
Trd, 2591225.496, 100
Trd, 2591225.596, 103
Trd, 2591225.629, 102
Trd, 2591226.129, 104
Trd, 2591226.279, 150
Trd, 2591226.496, 150
Trd, 2591226.563, 103
Trd, 2591227.396, 100
Trd, 2591227.529, 100
Trd, 2591227.846, 101
Trd, 2591228.663, 102
Trd, 2591228.746, 106
Trd, 2591228.996, 114
Trd, 2591229.329, 113
Trd, 2591230.096, 139
Trd, 2591230.179, 126
Trd, 2591230.513, 116
Trd, 2591230.629, 115
Trd, 2591231.313, 146
Trd, 2591231.513, 144
Trd, 2591231.963, 110
Trd, 2591232.479, 111
Trd, 2591232.663, 110
Trd, 2591234.896, 150
Trd, 2591234.913, 150
Trd, 2591234.929, 150
Trd, 2591234.946, 150
Trd, 2591235.379, 150
Trd, 2591235.413, 149
Trd, 2591235.446, 149
Trd, 2591235.646, 146
Trd, 2591236.679, 150
Trd, 2591236.996, 150
Trd, 2591237.063, 149
Trd, 2591237.429, 148
Trd, 2591237.596, 147
Trd, 2591237.829, 147
Trd, 2591237.879, 130
Trd, 2591238.029, 148
Trd, 2591238.229, 101
Trd, 2591239.213, 111
Trd, 2591239.446, 148
Trd, 2591239.796, 138
Trd, 2591240.613, 139
Trd, 2591241.546, 141
Trd, 2591241.879, 143
Trd, 2591241.979, 143
Trd, 2591242.046, 142
Trd, 2591242.129, 141
Trd, 2591242.796, 150
Trd, 2591243.346, 150
Trd, 2591243.363, 150
Trd, 2591243.779, 138
Trd, 2591243.996, 137
Trd, 2591245.813, 102
Trd, 2591246.079, 103
Trd, 2591246.163, 104
Trd, 2591246.546, 150
Trd, 2591247.046, 150
Trd, 2591247.146, 150
Trd, 2591247.313, 150
Trd, 2591247.746, 150
Trd, 2591248.213, 150
Trd, 2591248.446, 149
Trd, 2591249.929, 150
Trd, 2591250.629, 150
Trd, 2591250.779, 150
Trd, 2591251.313, 150
Trd, 2591251.713, 150
Trd, 2591252.079, 150
Trd, 2591252.579, 150
Trd, 2591252.646, 150
Trd, 2591253.563, 150
Trd, 2591254.413, 150
Trd, 2591254.463, 150
Trd, 2591254.929, 150
Trd, 2591256.113, 150
Trd, 2591256.363, 150
Trd, 2591256.579, 150
Trd, 2591256.796, 150
Trd, 2591256.946, 150
Trd, 2591257.246, 150
Trd, 2591257.346, 150
Trd, 2591257.463, 150
Trd, 2591257.579, 150
Trd, 2591257.746, 148
Trd, 2591258.546, 149
Trd, 2591258.746, 132
Trd, 2591259.029, 128
Trd, 2591259.379, 148
Trd, 2591261.496, 150
Trd, 2591261.563, 149
Trd, 2591261.863, 149
Trd, 2591261.946, 150
Trd, 2591262.463, 150
Trd, 2591262.496, 150
Trd, 2591262.546, 149
Trd, 2591262.613, 149
Trd, 2591262.713, 118
Trd, 2591262.796, 116
Trd, 2591263.563, 150
Trd, 2591264.679, 148
Trd, 2591264.713, 147
Trd, 2591264.913, 143
Trd, 2591265.196, 128
Trd, 2591265.446, 146
Trd, 2591265.579, 129
Trd, 2591265.729, 144
Trd, 2591265.913, 128
Trd, 2591266.563, 115
Trd, 2591266.829, 144
Trd, 2591266.946, 115
Trd, 2591267.046, 114
Trd, 2591267.113, 103
Trd, 2591267.646, 104
Trd, 2591267.929, 114
Trd, 2591268.796, 145
Trd, 2591269.446, 145
Trd, 2591269.846, 144
Trd, 2591270.179, 143
Trd, 2591270.496, 144
Trd, 2591270.979, 145
Trd, 2591271.729, 150
Trd, 2591271.846, 150
Trd, 2591271.913, 145
Trd, 2591272.546, 147
Trd, 2591273.129, 148
Trd, 2591273.179, 146
Trd, 2591273.229, 146
Trd, 2591273.446, 148
Trd, 2591273.846, 147
Trd, 2591273.963, 144
Trd, 2591274.363, 149
Trd, 2591274.496, 143
Trd, 2591275.096, 136
Trd, 2591275.113, 135
Trd, 2591275.679, 136
Trd, 2591276.146, 136
Trd, 2591277.379, 150
Trd, 2591277.446, 149
Trd, 2591277.663, 150
Trd, 2591278.313, 149
Trd, 2591278.329, 143
Trd, 2591279.479, 146
Trd, 2591280.629, 141
Trd, 2591280.696, 140
Trd, 2591280.746, 143
Trd, 2591281.079, 147
Trd, 2591281.896, 150
Trd, 2591281.929, 150
Trd, 2591282.796, 150
Trd, 2591282.846, 150
Trd, 2591283.079, 150
Trd, 2591284.096, 150
Trd, 2591284.129, 150
Trd, 2591284.596, 150
Trd, 2591284.813, 149
Trd, 2591285.179, 150
Trd, 2591285.629, 149
Trd, 2591286.096, 149
Trd, 2591287.479, 150
Trd, 2591288.213, 150
Trd, 2591289.313, 150
Trd, 2591290.163, 150
Trd, 2591290.313, 150
Trd, 2591290.763, 150
Trd, 2591291.146, 150
Trd, 2591291.196, 150
Trd, 2591291.579, 150
Trd, 2591291.646, 149
Trd, 2591291.729, 150
Trd, 2591291.996, 149
Trd, 2591292.046, 150
Trd, 2591292.079, 148
Trd, 2591292.279, 133
Trd, 2591292.846, 123
Trd, 2591293.629, 125
Trd, 2591293.813, 125
Trd, 2591293.929, 123
Trd, 2591294.879, 106
Trd, 2591295.229, 101
Trd, 2591296.079, 100
Trd, 2591296.129, 100
Trd, 2591296.779, 100
Trd, 2591296.863, 100
Trd, 2591297.196, 100
Trd, 2591297.346, 100
Trd, 2591297.779, 100
Trd, 2591298.579, 100
Trd, 2591298.913, 100
Trd, 2591299.896, 100
Trd, 2591300.579, 100
Trd, 2591300.713, 101
Trd, 2591300.846, 100
Trd, 2591302.463, 100
Trd, 2591303.263, 100
Trd, 2591303.296, 100
Trd, 2591303.396, 101
Trd, 2591303.746, 102
Trd, 2591304.246, 106
Trd, 2591304.263, 108
Trd, 2591304.429, 103
Trd, 2591304.713, 102
Trd, 2591304.846, 104
Trd, 2591304.929, 110
Trd, 2591305.813, 106
Trd, 2591306.013, 116
Trd, 2591306.063, 117
Trd, 2591306.579, 108
Trd, 2591306.779, 107
Trd, 2591307.213, 139
Trd, 2591307.363, 107
Trd, 2591307.813, 150
Trd, 2591307.929, 150
Trd, 2591308.063, 149
Trd, 2591308.363, 150
Trd, 2591308.396, 147
Trd, 2591308.896, 104
Trd, 2591309.496, 102
Trd, 2591309.929, 103
Trd, 2591310.229, 103
Trd, 2591310.279, 105
Trd, 2591311.163, 100
Trd, 2591312.079, 106
Trd, 2591313.179, 101
Trd, 2591313.496, 104
Trd, 2591313.929, 110
Trd, 2591314.913, 150
Trd, 2591315.496, 150
Trd, 2591315.513, 150
Trd, 2591315.596, 150
Trd, 2591315.713, 150
Trd, 2591315.896, 150
Trd, 2591316.029, 139
Trd, 2591317.546, 124
Trd, 2591317.813, 111
Trd, 2591318.146, 115
Trd, 2591318.313, 113
Trd, 2591319.313, 101
Trd, 2591320.079, 100
Trd, 2591321.263, 100
Trd, 2591321.629, 100
Trd, 2591321.646, 100
Trd, 2591321.963, 100
Trd, 2591322.096, 100
Trd, 2591322.146, 101
Trd, 2591322.163, 101
Trd, 2591322.246, 100
Trd, 2591322.396, 101
Trd, 2591322.496, 103
Trd, 2591323.246, 101
Trd, 2591323.429, 107
Trd, 2591323.746, 102
Trd, 2591324.013, 111
Trd, 2591324.429, 150
Trd, 2591324.829, 141
Trd, 2591324.846, 111
Trd, 2591325.329, 150
Trd, 2591325.379, 150
Trd, 2591325.479, 150
Trd, 2591325.913, 150
Trd, 2591325.946, 150
Trd, 2591326.429, 149
Trd, 2591327.013, 150
Trd, 2591327.346, 149
Trd, 2591328.113, 150
Trd, 2591328.546, 150
Trd, 2591330.279, 150
Trd, 2591330.846, 150
Trd, 2591330.929, 150
Trd, 2591331.513, 150
Trd, 2591331.563, 150
Trd, 2591331.746, 150
Trd, 2591331.846, 150
Trd, 2591332.013, 148
Trd, 2591332.513, 149
Trd, 2591332.663, 148
Trd, 2591332.713, 132
Trd, 2591332.929, 113
Trd, 2591333.446, 137
Trd, 2591333.529, 146
Trd, 2591334.396, 144
Trd, 2591334.496, 145
Trd, 2591334.946, 112
Trd, 2591335.313, 111
Trd, 2591336.729, 101
Trd, 2591336.813, 113
Trd, 2591336.846, 101
Trd, 2591337.179, 104
Trd, 2591337.313, 104
Trd, 2591337.596, 127
Trd, 2591337.829, 126
Trd, 2591337.846, 125
Trd, 2591338.279, 126
Trd, 2591340.246, 150
Trd, 2591340.696, 150
Trd, 2591340.979, 150
Trd, 2591341.229, 150
Trd, 2591342.329, 150
Trd, 2591342.529, 150
Trd, 2591342.696, 150
Trd, 2591342.779, 150
Trd, 2591342.896, 150
Trd, 2591342.946, 149
Trd, 2591342.996, 148
Trd, 2591343.546, 150
Trd, 2591343.629, 149
Trd, 2591343.646, 145
Trd, 2591343.879, 132
Trd, 2591344.013, 148
Trd, 2591344.579, 100
Trd, 2591345.996, 104
Trd, 2591346.513, 104
Trd, 2591346.746, 100
Trd, 2591347.413, 104
Trd, 2591347.979, 106
Trd, 2591348.829, 120
Trd, 2591349.479, 102
Trd, 2591350.163, 105
Trd, 2591350.379, 106
Trd, 2591350.396, 135
Trd, 2591350.979, 112
Trd, 2591351.046, 146
Trd, 2591352.479, 150
Trd, 2591352.529, 150
Trd, 2591352.763, 129
Trd, 2591352.829, 128
Trd, 2591352.846, 149
Trd, 2591353.096, 125
Trd, 2591353.596, 150
Trd, 2591353.663, 150
Trd, 2591353.829, 150
Trd, 2591354.479, 150
Trd, 2591354.646, 150
Trd, 2591354.713, 150
Trd, 2591354.896, 141
Trd, 2591354.979, 140
Trd, 2591355.213, 135
Trd, 2591355.529, 134
Trd, 2591355.663, 150
Trd, 2591356.979, 146
Trd, 2591357.079, 149
Trd, 2591357.996, 131
Trd, 2591358.163, 131
Trd, 2591358.413, 136
Trd, 2591358.629, 135
Trd, 2591359.163, 136
Trd, 2591359.363, 137
Trd, 2591359.579, 135
Trd, 2591359.846, 135
Trd, 2591360.713, 150
Trd, 2591361.513, 135
Trd, 2591361.696, 134
Trd, 2591363.246, 135
Trd, 2591363.713, 137
Trd, 2591363.813, 147
Trd, 2591363.846, 136
Trd, 2591363.996, 126
Trd, 2591364.096, 120
Trd, 2591365.029, 101
Trd, 2591365.279, 102
Trd, 2591365.529, 106
Trd, 2591365.696, 105
Trd, 2591365.746, 108
Trd, 2591365.929, 102
Trd, 2591366.546, 102
Trd, 2591366.713, 101
Trd, 2591366.746, 101
Trd, 2591367.846, 102
Trd, 2591368.179, 101
Trd, 2591369.463, 147
Trd, 2591370.013, 149
Trd, 2591370.813, 147
Trd, 2591370.946, 146
Trd, 2591371.129, 147
Trd, 2591371.963, 148
Trd, 2591373.113, 150
Trd, 2591373.929, 150
Trd, 2591374.696, 150
Trd, 2591374.729, 150
Trd, 2591375.329, 150
Trd, 2591375.346, 150
Trd, 2591375.463, 150
Trd, 2591375.579, 150
Trd, 2591376.129, 150
Trd, 2591376.413, 150
Trd, 2591376.913, 150
Trd, 2591376.996, 150
Trd, 2591377.079, 150
Trd, 2591377.363, 150
Trd, 2591377.379, 150
Trd, 2591377.829, 150
Trd, 2591378.713, 150
Trd, 2591378.913, 150
Trd, 2591379.996, 150
Trd, 2591380.096, 150
Trd, 2591380.729, 149
Trd, 2591380.746, 148
Trd, 2591381.629, 150
Trd, 2591381.729, 150
Trd, 2591382.179, 150
Trd, 2591382.213, 147
Trd, 2591382.513, 149
Trd, 2591382.546, 144
Trd, 2591382.979, 144
Trd, 2591383.379, 130
Trd, 2591383.479, 125
Trd, 2591383.996, 138
Trd, 2591385.096, 115
Trd, 2591385.329, 100
Trd, 2591385.746, 100
Trd, 2591385.896, 100
Trd, 2591386.429, 100
Trd, 2591386.546, 100
Trd, 2591386.629, 100
Trd, 2591386.996, 119
Trd, 2591387.346, 104
Trd, 2591387.529, 104
Trd, 2591387.779, 109
Trd, 2591388.679, 109
Trd, 2591388.796, 108
Trd, 2591388.829, 110
Trd, 2591388.979, 104
Trd, 2591389.413, 104
Trd, 2591389.629, 105
Trd, 2591389.713, 103
Trd, 2591390.213, 103
Trd, 2591390.546, 103
Trd, 2591390.563, 104
Trd, 2591391.046, 104
Trd, 2591391.096, 108
Trd, 2591391.646, 147
Trd, 2591392.096, 102
Trd, 2591392.829, 150
Trd, 2591393.329, 150
Trd, 2591393.413, 150
Trd, 2591393.546, 150
Trd, 2591394.829, 150
Trd, 2591395.163, 150
Trd, 2591395.246, 150
Trd, 2591396.346, 150
Trd, 2591396.896, 150
Trd, 2591397.779, 150
Trd, 2591397.929, 150
Trd, 2591399.129, 150
Trd, 2591399.313, 150
Trd, 2591399.763, 150
Trd, 2591400.729, 150
Trd, 2591401.029, 150
Trd, 2591401.113, 150
Trd, 2591401.446, 150
Trd, 2591401.529, 150
Trd, 2591401.696, 150
Trd, 2591402.313, 148
Trd, 2591402.546, 150
Trd, 2591402.613, 148
Trd, 2591402.896, 147
Trd, 2591402.996, 147
Trd, 2591403.313, 149
Trd, 2591403.413, 150
Trd, 2591403.863, 147
Trd, 2591404.679, 147
Trd, 2591404.713, 145
Trd, 2591405.663, 147
Trd, 2591406.413, 149
Trd, 2591407.079, 150
Trd, 2591408.463, 150
Trd, 2591408.563, 150
Trd, 2591408.879, 150
Trd, 2591408.996, 150
Trd, 2591409.313, 150
Trd, 2591409.863, 150
Trd, 2591409.879, 150
Trd, 2591410.113, 149
Trd, 2591410.263, 150
Trd, 2591410.279, 149
Trd, 2591410.396, 148
Trd, 2591410.929, 147
Trd, 2591410.963, 146
Trd, 2591410.979, 143
Trd, 2591411.779, 142
Trd, 2591412.379, 144
Trd, 2591412.729, 144
Trd, 2591413.129, 145
Trd, 2591413.246, 142
Trd, 2591413.296, 143
Trd, 2591413.413, 137
Trd, 2591413.529, 136
Trd, 2591413.679, 136
Trd, 2591414.013, 139
Trd, 2591414.046, 135
Trd, 2591414.346, 130
Trd, 2591414.946, 140
Trd, 2591415.363, 132
Trd, 2591415.446, 131
Trd, 2591415.479, 141
Trd, 2591415.513, 130
Trd, 2591415.563, 145
Trd, 2591415.929, 118
Trd, 2591416.163, 145
Trd, 2591416.179, 146
Trd, 2591417.329, 150
Trd, 2591417.563, 149
Trd, 2591418.029, 111
Trd, 2591418.613, 148
Trd, 2591418.996, 149
Trd, 2591419.679, 104
Trd, 2591419.979, 103
Trd, 2591421.763, 102
Trd, 2591422.629, 100
Trd, 2591423.896, 100
Trd, 2591425.413, 100
Trd, 2591425.446, 100
Trd, 2591425.796, 101
Trd, 2591425.879, 101
Trd, 2591426.196, 100
Trd, 2591426.229, 100
Trd, 2591426.829, 100
Trd, 2591426.863, 100
Trd, 2591426.879, 100
Trd, 2591427.279, 101
Trd, 2591427.546, 101
Trd, 2591427.763, 100
Trd, 2591428.179, 103
Trd, 2591428.313, 103
Trd, 2591428.613, 101
Trd, 2591428.946, 113
Trd, 2591429.279, 102
Trd, 2591429.946, 102
Trd, 2591429.979, 119
Trd, 2591430.746, 124
Trd, 2591431.046, 109
Trd, 2591431.063, 124
Trd, 2591431.646, 110
Trd, 2591432.013, 115
Trd, 2591432.029, 109
Trd, 2591432.229, 124
Trd, 2591433.246, 110
Trd, 2591433.963, 150
Trd, 2591434.079, 150
Trd, 2591434.513, 150
Trd, 2591434.813, 150
Trd, 2591434.829, 149
Trd, 2591434.929, 145
Trd, 2591435.813, 118
Trd, 2591436.396, 150
Trd, 2591438.163, 150
Trd, 2591438.363, 150
Trd, 2591438.413, 150
Trd, 2591438.713, 150
Trd, 2591438.963, 150
Trd, 2591439.163, 150
Trd, 2591440.196, 150
Trd, 2591440.529, 150
Trd, 2591440.779, 150
Trd, 2591440.896, 150
Trd, 2591441.479, 150
Trd, 2591442.396, 150
Trd, 2591442.429, 150
Trd, 2591442.563, 149
Trd, 2591442.896, 150
Trd, 2591443.029, 132
Trd, 2591443.263, 150
Trd, 2591443.446, 100
Trd, 2591443.763, 101
Trd, 2591443.829, 102
Trd, 2591444.763, 100
Trd, 2591445.329, 100
Trd, 2591446.013, 100
Trd, 2591446.296, 101
Trd, 2591447.013, 100
Trd, 2591447.129, 101
Trd, 2591447.496, 100
Trd, 2591447.629, 100
Trd, 2591447.846, 101
Trd, 2591447.913, 101
Trd, 2591448.196, 103
Trd, 2591448.996, 104
Trd, 2591449.029, 111
Trd, 2591449.179, 103
Trd, 2591449.263, 103
Trd, 2591449.546, 104
Trd, 2591450.079, 105
Trd, 2591451.579, 114
Trd, 2591451.613, 123
Trd, 2591451.929, 115
Trd, 2591452.146, 136
Trd, 2591452.613, 137
Trd, 2591452.946, 138
Trd, 2591454.046, 144
Trd, 2591454.096, 144
Trd, 2591454.779, 149
Trd, 2591455.096, 149
Trd, 2591455.813, 150
Trd, 2591455.913, 150
Trd, 2591456.263, 150
Trd, 2591456.296, 150
Trd, 2591456.646, 150
Trd, 2591456.996, 150
Trd, 2591457.013, 149
Trd, 2591457.163, 148
Trd, 2591457.246, 148
Trd, 2591457.846, 127
Trd, 2591458.113, 141
Trd, 2591458.479, 150
Trd, 2591459.063, 150
Trd, 2591459.396, 150
Trd, 2591460.879, 150
Trd, 2591461.146, 150
Trd, 2591461.546, 150
Trd, 2591461.963, 150
Trd, 2591462.296, 150
Trd, 2591462.429, 150
Trd, 2591462.846, 150
Trd, 2591462.863, 132
Trd, 2591463.079, 121
Trd, 2591463.213, 115
Trd, 2591464.513, 100
Trd, 2591465.763, 100
Trd, 2591466.296, 100
Trd, 2591466.313, 100
Trd, 2591466.446, 100
Trd, 2591466.713, 100
Trd, 2591467.079, 100
Trd, 2591467.813, 100
Trd, 2591468.746, 101
Trd, 2591469.213, 101
Trd, 2591469.229, 102
Trd, 2591469.346, 100
Trd, 2591469.679, 100
Trd, 2591469.913, 101
Trd, 2591470.096, 100
Trd, 2591470.679, 101
Trd, 2591470.929, 101
Trd, 2591471.129, 104
Trd, 2591471.396, 105
Trd, 2591471.796, 100
Trd, 2591472.213, 127
Trd, 2591472.263, 136
Trd, 2591472.696, 107
Trd, 2591472.896, 107
Trd, 2591472.963, 111
Trd, 2591473.079, 136
Trd, 2591473.496, 136
Trd, 2591473.596, 113
Trd, 2591473.729, 149
Trd, 2591473.979, 111
Trd, 2591474.146, 111
Trd, 2591475.263, 150
Trd, 2591475.429, 150
Trd, 2591475.479, 150
Trd, 2591475.796, 150
Trd, 2591475.946, 150
Trd, 2591477.129, 150
Trd, 2591477.646, 148
Trd, 2591478.146, 150
Trd, 2591478.263, 150
Trd, 2591478.846, 150
Trd, 2591479.013, 148
Trd, 2591479.079, 132
Trd, 2591479.929, 104
Trd, 2591480.413, 110
Trd, 2591480.613, 115
Trd, 2591480.679, 116
Trd, 2591481.096, 150
Trd, 2591481.879, 150
Trd, 2591483.513, 150
Trd, 2591483.963, 150
Trd, 2591484.613, 150
Trd, 2591484.629, 150
Trd, 2591485.163, 150
Trd, 2591485.763, 150
Trd, 2591485.813, 150
Trd, 2591485.863, 150
Trd, 2591486.313, 150
Trd, 2591486.729, 150
Trd, 2591486.763, 150
Trd, 2591487.379, 150
Trd, 2591487.663, 150
Trd, 2591488.346, 150
Trd, 2591488.546, 150
Trd, 2591488.629, 150
Trd, 2591489.896, 150
Trd, 2591490.063, 150
Trd, 2591490.196, 150
Trd, 2591490.379, 150
Trd, 2591491.063, 150
Trd, 2591491.463, 150
Trd, 2591491.646, 150
Trd, 2591491.813, 150
Trd, 2591491.879, 150
Trd, 2591491.896, 150
Trd, 2591492.713, 150
Trd, 2591492.846, 149
Trd, 2591493.013, 149
Trd, 2591493.096, 146
Trd, 2591493.696, 150
Trd, 2591494.063, 150
Trd, 2591494.246, 150
Trd, 2591494.279, 150
Trd, 2591494.679, 150
Trd, 2591494.746, 150
Trd, 2591495.363, 144
Trd, 2591496.079, 149
Trd, 2591497.546, 150
Trd, 2591497.863, 150
Trd, 2591498.229, 150
Trd, 2591498.313, 150
Trd, 2591499.013, 150
Trd, 2591499.396, 150
Trd, 2591499.913, 150
Trd, 2591500.596, 150
Trd, 2591500.713, 150
Trd, 2591501.179, 150
Trd, 2591501.263, 150
Trd, 2591502.879, 150
Trd, 2591503.346, 150
Trd, 2591503.396, 150
Trd, 2591503.446, 150
Trd, 2591504.846, 150
Trd, 2591505.046, 150
Trd, 2591505.213, 150
Trd, 2591505.546, 150
Trd, 2591505.713, 150
Trd, 2591505.979, 150
Trd, 2591506.313, 148
Trd, 2591506.496, 147
Trd, 2591506.696, 150
Trd, 2591507.213, 149
Trd, 2591508.013, 150
Trd, 2591508.563, 149
Trd, 2591509.513, 134
Trd, 2591510.029, 133
Trd, 2591511.029, 123
Trd, 2591511.263, 132
Trd, 2591511.279, 133
Trd, 2591511.313, 123
Trd, 2591511.379, 135
Trd, 2591511.446, 137
Trd, 2591511.796, 101
Trd, 2591512.246, 100
Trd, 2591512.996, 100
Trd, 2591513.629, 100
Trd, 2591514.446, 103
Trd, 2591514.829, 100
Trd, 2591515.813, 103
Trd, 2591516.229, 102
Trd, 2591516.479, 100
Trd, 2591516.629, 102
Trd, 2591516.846, 103
Trd, 2591517.079, 102
Trd, 2591517.413, 106
Trd, 2591517.696, 129
Trd, 2591518.129, 124
Trd, 2591518.646, 149
Trd, 2591518.963, 112
Trd, 2591519.213, 115
Trd, 2591519.729, 150
Trd, 2591520.129, 150
Trd, 2591520.563, 150
Trd, 2591520.829, 150
Trd, 2591521.046, 148
Trd, 2591521.263, 150
Trd, 2591521.929, 150
Trd, 2591522.263, 150
Trd, 2591522.479, 150
Trd, 2591522.896, 150
Trd, 2591523.213, 150
Trd, 2591523.346, 150
Trd, 2591523.546, 148
Trd, 2591524.613, 150
Trd, 2591525.529, 146
Trd, 2591525.696, 145
Trd, 2591526.013, 140
Trd, 2591526.396, 149
Trd, 2591526.863, 150
Trd, 2591527.163, 150
Trd, 2591527.279, 150
Trd, 2591527.663, 150
Trd, 2591527.779, 150
Trd, 2591528.046, 150
Trd, 2591528.196, 150
Trd, 2591528.863, 149
Trd, 2591530.313, 150
Trd, 2591530.513, 150
Trd, 2591531.246, 150
Trd, 2591531.379, 150
Trd, 2591531.596, 150
Trd, 2591531.763, 150
Trd, 2591532.263, 150
Trd, 2591532.413, 150
Trd, 2591532.463, 149
Trd, 2591532.663, 150
Trd, 2591533.146, 148
Trd, 2591533.296, 147
Trd, 2591533.596, 127
Trd, 2591533.779, 128
Trd, 2591533.963, 148
Trd, 2591534.279, 128
Trd, 2591534.363, 127
Trd, 2591534.913, 134
Trd, 2591534.929, 124
Trd, 2591535.846, 149
Trd, 2591535.963, 149
Trd, 2591536.696, 119
Trd, 2591536.763, 149
Trd, 2591536.863, 117
Trd, 2591536.979, 106
Trd, 2591537.346, 136
Trd, 2591537.696, 103
Trd, 2591538.113, 147
Trd, 2591538.379, 108
Trd, 2591539.163, 131
Trd, 2591539.363, 130
Trd, 2591540.313, 136
Trd, 2591540.629, 100
Trd, 2591540.729, 101
Trd, 2591540.813, 146
Trd, 2591541.346, 144
Trd, 2591541.746, 144
Trd, 2591542.713, 150
Trd, 2591542.729, 150
Trd, 2591543.763, 150
Trd, 2591544.763, 150
Trd, 2591544.879, 150
Trd, 2591545.046, 150
Trd, 2591546.146, 150
Trd, 2591546.313, 150
Trd, 2591546.363, 150
Trd, 2591547.129, 150
Trd, 2591547.813, 150
Trd, 2591547.863, 150
Trd, 2591548.863, 150
Trd, 2591548.879, 150
Trd, 2591549.079, 150
Trd, 2591549.413, 150
Trd, 2591549.529, 150
Trd, 2591549.613, 150
Trd, 2591550.613, 150
Trd, 2591551.246, 150
Trd, 2591551.779, 150
Trd, 2591552.813, 150
Trd, 2591552.879, 150
Trd, 2591553.063, 150
Trd, 2591553.879, 150
Trd, 2591554.396, 150
Trd, 2591555.013, 150
Trd, 2591555.563, 150
Trd, 2591555.779, 150
Trd, 2591556.029, 150
Trd, 2591556.279, 150
Trd, 2591556.296, 149
Trd, 2591556.513, 150
Trd, 2591556.679, 149
Trd, 2591557.129, 148
Trd, 2591557.196, 136
Trd, 2591557.896, 121
Trd, 2591558.629, 148
Trd, 2591558.729, 148
Trd, 2591558.796, 147
Trd, 2591559.029, 133
Trd, 2591559.396, 150
Trd, 2591559.529, 134
Trd, 2591559.563, 134
Trd, 2591560.413, 137
Trd, 2591560.429, 134
Trd, 2591560.946, 150
Trd, 2591561.313, 150
Trd, 2591561.463, 133
Trd, 2591563.096, 149
Trd, 2591564.346, 150
Trd, 2591565.046, 150
Trd, 2591565.413, 150
Trd, 2591565.446, 150
Trd, 2591565.563, 150
Trd, 2591565.646, 149
Trd, 2591565.746, 148
Trd, 2591565.796, 146
Trd, 2591565.913, 145
Trd, 2591566.263, 138
Trd, 2591566.429, 133
Trd, 2591566.479, 132
Trd, 2591567.263, 141
Trd, 2591567.313, 140
Trd, 2591567.446, 116
Trd, 2591568.446, 119
Trd, 2591569.113, 144
Trd, 2591569.146, 113
Trd, 2591569.346, 101
Trd, 2591570.346, 117
Trd, 2591570.563, 122
Trd, 2591572.096, 102
Trd, 2591572.696, 101
Trd, 2591572.779, 104
Trd, 2591573.463, 101
Trd, 2591573.779, 104
Trd, 2591574.013, 105
Trd, 2591574.313, 106
Trd, 2591575.146, 102
Trd, 2591575.579, 101
Trd, 2591576.013, 102
Trd, 2591576.079, 102
Trd, 2591576.446, 105
Trd, 2591576.913, 150
Trd, 2591577.246, 150
Trd, 2591578.729, 150
Trd, 2591579.029, 150
Trd, 2591579.196, 150
Trd, 2591579.246, 150
Trd, 2591579.313, 150
Trd, 2591579.529, 150
Trd, 2591580.163, 150
Trd, 2591581.829, 150
Trd, 2591581.946, 150
Trd, 2591582.396, 150
Trd, 2591582.429, 150
Trd, 2591582.879, 150
Trd, 2591582.963, 150
Trd, 2591583.046, 150
Trd, 2591583.229, 150
Trd, 2591583.696, 150
Trd, 2591583.746, 150
Trd, 2591583.863, 149
Trd, 2591584.963, 150
Trd, 2591585.196, 150
Trd, 2591585.429, 150
Trd, 2591585.446, 150
Trd, 2591585.729, 148
Trd, 2591586.296, 133
Trd, 2591587.013, 149
Trd, 2591587.346, 150
Trd, 2591587.446, 149
Trd, 2591587.629, 150
Trd, 2591589.896, 150
Trd, 2591590.529, 150
Trd, 2591591.463, 150
Trd, 2591591.496, 150
Trd, 2591591.513, 150
Trd, 2591591.579, 150
Trd, 2591591.613, 150
Trd, 2591591.679, 148
Trd, 2591591.946, 147
Trd, 2591592.863, 150
Trd, 2591593.213, 150
Trd, 2591593.246, 150
Trd, 2591593.479, 150
Trd, 2591594.213, 150
Trd, 2591594.513, 150
Trd, 2591595.546, 150
Trd, 2591596.029, 150
Trd, 2591596.063, 150
Trd, 2591596.079, 150
Trd, 2591596.513, 150
Trd, 2591596.896, 150
Trd, 2591597.396, 150
Trd, 2591597.479, 150
Trd, 2591597.529, 148
Trd, 2591598.013, 148
Trd, 2591598.379, 149
Trd, 2591598.579, 133
Trd, 2591598.779, 147
Trd, 2591599.429, 149
Trd, 2591599.479, 149
Trd, 2591599.629, 117
Trd, 2591599.913, 101
Trd, 2591601.663, 100
Trd, 2591601.879, 100
Trd, 2591603.229, 100
Trd, 2591603.613, 100
Trd, 2591603.879, 100
Trd, 2591604.196, 106
Trd, 2591604.413, 106
Trd, 2591604.613, 108
Trd, 2591604.763, 105
Trd, 2591604.829, 113
Trd, 2591605.163, 107
Trd, 2591605.363, 114
Trd, 2591606.079, 109
Trd, 2591606.146, 108
Trd, 2591606.679, 109
Trd, 2591606.763, 107
Trd, 2591607.363, 109
Trd, 2591608.246, 109
Trd, 2591608.496, 107
Trd, 2591608.829, 149
Trd, 2591609.246, 101
Trd, 2591609.546, 147
Trd, 2591609.913, 142
Trd, 2591610.246, 102
Trd, 2591610.779, 102
Trd, 2591611.429, 100
Trd, 2591611.729, 100
Trd, 2591612.229, 100
Trd, 2591613.046, 103
Trd, 2591613.279, 103
Trd, 2591613.929, 106
Trd, 2591613.979, 105
Trd, 2591613.996, 108
Trd, 2591614.129, 104
Trd, 2591614.429, 105
Trd, 2591614.946, 105
Trd, 2591615.146, 108
Trd, 2591615.396, 149
Trd, 2591616.046, 109
Trd, 2591616.713, 150
Trd, 2591617.063, 149
Trd, 2591617.413, 149
Trd, 2591617.663, 150
Trd, 2591617.829, 134
Trd, 2591618.279, 134
Trd, 2591618.829, 119
Trd, 2591619.329, 118
Trd, 2591619.346, 110
Trd, 2591619.913, 124
Trd, 2591620.463, 150
Trd, 2591620.529, 150
Trd, 2591621.146, 144
Trd, 2591621.729, 145
Trd, 2591621.863, 144
Trd, 2591622.063, 138
Trd, 2591622.346, 124
Trd, 2591622.763, 137
Trd, 2591622.963, 136
Trd, 2591623.146, 143
Trd, 2591624.246, 139
Trd, 2591624.279, 142
Trd, 2591624.379, 113
Trd, 2591624.829, 127
Trd, 2591625.379, 147
Trd, 2591625.463, 131
Trd, 2591625.713, 130
Trd, 2591626.646, 149
Trd, 2591626.813, 149
Trd, 2591627.413, 149
Trd, 2591627.696, 149
Trd, 2591628.096, 148
Trd, 2591629.063, 150
Trd, 2591629.646, 150
Trd, 2591629.763, 150
Trd, 2591629.896, 150
Trd, 2591630.446, 150
Trd, 2591630.463, 149
Trd, 2591630.946, 131
Trd, 2591631.946, 150
Trd, 2591632.046, 150
Trd, 2591632.279, 149
Trd, 2591632.363, 149
Trd, 2591632.529, 148
Trd, 2591633.113, 134
Trd, 2591633.563, 145
Trd, 2591633.813, 136
Trd, 2591634.263, 140
Trd, 2591634.613, 140
Trd, 2591635.046, 139
Trd, 2591635.579, 140
Trd, 2591635.979, 140
Trd, 2591636.296, 140
Trd, 2591636.363, 138
Trd, 2591636.579, 139
Trd, 2591636.729, 139
Trd, 2591636.796, 138
Trd, 2591637.413, 150
Trd, 2591638.363, 149
Trd, 2591638.813, 150
Trd, 2591639.329, 148
Trd, 2591639.496, 150
Trd, 2591639.563, 149
Trd, 2591639.829, 147
Trd, 2591640.346, 146
Trd, 2591641.413, 150
Trd, 2591641.613, 150
Trd, 2591641.629, 150
Trd, 2591641.846, 150
Trd, 2591642.096, 150
Trd, 2591642.996, 150
Trd, 2591643.046, 130
Trd, 2591643.063, 122
Trd, 2591643.146, 120
Trd, 2591644.296, 103
Trd, 2591646.096, 100
Trd, 2591646.146, 100
Trd, 2591646.629, 100
Trd, 2591646.713, 100
Trd, 2591647.829, 102
Trd, 2591648.163, 113
Trd, 2591648.513, 102
Trd, 2591648.529, 104
Trd, 2591648.663, 149
Trd, 2591648.746, 146
Trd, 2591649.296, 103
Trd, 2591649.929, 108
Trd, 2591650.029, 106
Trd, 2591650.263, 106
Trd, 2591650.496, 105
Trd, 2591650.813, 110
Trd, 2591650.929, 140
Trd, 2591652.146, 150
Trd, 2591652.513, 150
Trd, 2591652.563, 150
Trd, 2591653.446, 150
Trd, 2591653.596, 150
Trd, 2591653.879, 150
Trd, 2591653.946, 150
Trd, 2591654.046, 150
Trd, 2591654.346, 150
Trd, 2591654.579, 150
Trd, 2591655.179, 149
Trd, 2591655.629, 150
Trd, 2591655.663, 150
Trd, 2591655.896, 150
Trd, 2591656.196, 150
Trd, 2591657.046, 150
Trd, 2591657.213, 150
Trd, 2591657.329, 150
Trd, 2591657.396, 150
Trd, 2591657.563, 139
Trd, 2591657.713, 133
Trd, 2591657.929, 141
Trd, 2591658.379, 149
Trd, 2591658.996, 146
Trd, 2591659.146, 146
Trd, 2591659.446, 147
Trd, 2591659.513, 148
Trd, 2591660.429, 131
Trd, 2591660.546, 114
Trd, 2591660.896, 114
Trd, 2591661.396, 136
Trd, 2591661.579, 115
Trd, 2591661.713, 100
Trd, 2591662.029, 135
Trd, 2591662.329, 136
Trd, 2591663.479, 102
Trd, 2591664.313, 100
Trd, 2591664.513, 100
Trd, 2591665.196, 103
Trd, 2591665.763, 107
Trd, 2591665.979, 105
Trd, 2591667.496, 150
Trd, 2591667.963, 150
Trd, 2591667.979, 150
Trd, 2591668.863, 150
Trd, 2591669.063, 150
Trd, 2591669.863, 150
Trd, 2591669.879, 150
Trd, 2591671.429, 150
Trd, 2591671.829, 150
Trd, 2591671.929, 150
Trd, 2591672.363, 150
Trd, 2591672.413, 150
Trd, 2591672.729, 150
Trd, 2591672.746, 150
Trd, 2591672.829, 150
Trd, 2591672.846, 150
Trd, 2591673.063, 150
Trd, 2591673.079, 150
Trd, 2591673.213, 149
Trd, 2591673.546, 150
Trd, 2591674.213, 150
Trd, 2591674.796, 150
Trd, 2591674.879, 150
Trd, 2591675.363, 150
Trd, 2591675.479, 148
Trd, 2591675.763, 150
Trd, 2591676.146, 118
Trd, 2591676.413, 119
Trd, 2591677.329, 149
Trd, 2591677.463, 145
Trd, 2591678.396, 144
Trd, 2591678.696, 149
Trd, 2591679.096, 143
Trd, 2591679.646, 143
Trd, 2591679.679, 149
Trd, 2591679.763, 150
Trd, 2591680.563, 143
Trd, 2591680.613, 142
Trd, 2591681.263, 134
Trd, 2591681.663, 134
Trd, 2591681.679, 133
Trd, 2591681.763, 141
Trd, 2591681.813, 121
Trd, 2591681.863, 101
Trd, 2591682.146, 142
Trd, 2591683.379, 150
Trd, 2591683.729, 150
Trd, 2591683.763, 149
Trd, 2591683.779, 148
Trd, 2591684.296, 143
Trd, 2591684.563, 142
Trd, 2591685.313, 127
Trd, 2591685.613, 127
Trd, 2591686.163, 150
Trd, 2591686.496, 150
Trd, 2591687.113, 150
Trd, 2591687.563, 150
Trd, 2591688.113, 150
Trd, 2591688.296, 150
Trd, 2591688.996, 150
Trd, 2591689.096, 150
Trd, 2591689.113, 149
Trd, 2591689.529, 147
Trd, 2591689.579, 141
Trd, 2591689.763, 134
Trd, 2591691.396, 100
Trd, 2591691.713, 101
Trd, 2591692.996, 100
Trd, 2591693.346, 101
Trd, 2591693.646, 100
Trd, 2591694.346, 100
Trd, 2591694.496, 101
Trd, 2591694.513, 103
Trd, 2591694.946, 104
Trd, 2591695.179, 105
Trd, 2591695.279, 106
Trd, 2591695.363, 107
Trd, 2591695.813, 148
Trd, 2591695.946, 116
Trd, 2591696.096, 115
Trd, 2591696.246, 150
Trd, 2591698.346, 150
Trd, 2591698.829, 150
Trd, 2591699.379, 150
Trd, 2591699.396, 150
Trd, 2591699.829, 150
Trd, 2591700.329, 150
Trd, 2591700.346, 150
Trd, 2591700.579, 150
Trd, 2591700.863, 150
Trd, 2591701.229, 150
Trd, 2591701.263, 150
Trd, 2591701.563, 149
Trd, 2591702.063, 148
Trd, 2591702.663, 150
Trd, 2591702.679, 150
Trd, 2591702.829, 147
Trd, 2591702.879, 133
Trd, 2591703.229, 150
Trd, 2591703.829, 148
Trd, 2591704.246, 132
Trd, 2591704.479, 131
Trd, 2591705.213, 120
Trd, 2591705.363, 116
Trd, 2591705.946, 150
Trd, 2591707.313, 150
Trd, 2591707.346, 149
Trd, 2591708.263, 149
Trd, 2591708.829, 150
Trd, 2591708.946, 150
Trd, 2591709.079, 149
Trd, 2591709.146, 148
Trd, 2591709.729, 149
Trd, 2591710.046, 148
Trd, 2591710.363, 141
Trd, 2591710.763, 147
Trd, 2591710.879, 134
Trd, 2591711.829, 127
Trd, 2591711.863, 144
Trd, 2591711.979, 145
Trd, 2591712.446, 127
Trd, 2591712.679, 127
Trd, 2591713.463, 132
Trd, 2591713.479, 142
Trd, 2591713.679, 131
Trd, 2591714.063, 130
Trd, 2591715.379, 150
Trd, 2591716.713, 150
Trd, 2591716.779, 150
Trd, 2591716.863, 150
Trd, 2591716.963, 150
Trd, 2591717.196, 150
Trd, 2591717.879, 150
Trd, 2591718.163, 150
Trd, 2591718.296, 150
Trd, 2591718.563, 150
Trd, 2591718.646, 150
Trd, 2591719.013, 150
Trd, 2591720.396, 150
Trd, 2591720.646, 150
Trd, 2591721.229, 150
Trd, 2591721.346, 150
Trd, 2591721.713, 150
Trd, 2591721.879, 149
Trd, 2591721.996, 150
Trd, 2591722.946, 150
Trd, 2591723.163, 150
Trd, 2591723.529, 149
Trd, 2591723.846, 148
Trd, 2591723.929, 147
Trd, 2591724.146, 148
Trd, 2591724.679, 140
Trd, 2591724.763, 138
Trd, 2591724.879, 146
Trd, 2591724.963, 148
Trd, 2591725.279, 145
Trd, 2591725.346, 137
Trd, 2591726.563, 147
Trd, 2591726.646, 129
Trd, 2591727.979, 150
Trd, 2591728.263, 150
Trd, 2591728.846, 150
Trd, 2591728.963, 150
Trd, 2591729.396, 150
Trd, 2591729.896, 150
Trd, 2591729.946, 149
Trd, 2591730.646, 150
Trd, 2591731.096, 150
Trd, 2591731.579, 150
Trd, 2591731.679, 150
Trd, 2591731.879, 149
Trd, 2591732.629, 150
Trd, 2591733.179, 150
Trd, 2591733.913, 150
Trd, 2591734.129, 150
Trd, 2591734.696, 150
Trd, 2591734.829, 150
Trd, 2591735.263, 150
Trd, 2591735.379, 150
Trd, 2591735.563, 149
Trd, 2591735.613, 149
Trd, 2591736.063, 139
Trd, 2591737.029, 147
Trd, 2591737.179, 134
Trd, 2591737.196, 123
Trd, 2591737.829, 137
Trd, 2591738.046, 124
Trd, 2591738.496, 124
Trd, 2591739.096, 100
Trd, 2591739.363, 100
Trd, 2591739.713, 100
Trd, 2591739.963, 100
Trd, 2591740.363, 101
Trd, 2591741.846, 101
Trd, 2591742.129, 101
Trd, 2591742.463, 100
Trd, 2591742.713, 100
Trd, 2591743.213, 101
Trd, 2591743.279, 102
Trd, 2591743.496, 101
Trd, 2591743.596, 101
Trd, 2591744.229, 105
Trd, 2591744.429, 105
Trd, 2591744.696, 103
Trd, 2591744.896, 124
Trd, 2591744.963, 105
Trd, 2591745.546, 114
Trd, 2591745.779, 109
Trd, 2591745.863, 108
Trd, 2591746.479, 107
Trd, 2591746.829, 111
Trd, 2591746.913, 110
Trd, 2591747.079, 112
Trd, 2591747.146, 109
Trd, 2591747.796, 113
Trd, 2591748.296, 107
Trd, 2591748.713, 105
Trd, 2591751.146, 100
Trd, 2591751.963, 101
Trd, 2591752.346, 103
Trd, 2591752.679, 100
Trd, 2591752.696, 108
Trd, 2591752.863, 111
Trd, 2591753.129, 103
Trd, 2591753.379, 149
Trd, 2591753.679, 103
Trd, 2591753.696, 104
Trd, 2591754.196, 105
Trd, 2591754.496, 108
Trd, 2591754.579, 106
Trd, 2591755.379, 112
Trd, 2591755.446, 150
Trd, 2591756.946, 120
Trd, 2591757.796, 150
Trd, 2591757.996, 148
Trd, 2591758.963, 150
Trd, 2591759.063, 150
Trd, 2591760.296, 150
Trd, 2591760.429, 150
Trd, 2591761.046, 150
Trd, 2591761.313, 150
Trd, 2591761.596, 150
Trd, 2591761.763, 150
Trd, 2591762.013, 150
Trd, 2591762.429, 150
Trd, 2591762.746, 150
Trd, 2591762.763, 150
Trd, 2591762.896, 150
Trd, 2591762.929, 150
Trd, 2591763.063, 147
Trd, 2591763.113, 150
Trd, 2591764.229, 111
Trd, 2591764.596, 150
Trd, 2591764.696, 150
Trd, 2591764.796, 147
Trd, 2591765.413, 133
Trd, 2591765.863, 149
Trd, 2591766.113, 138
Trd, 2591767.496, 147
Trd, 2591768.096, 150
Trd, 2591768.229, 150
Trd, 2591768.929, 149
Trd, 2591769.279, 148
Trd, 2591769.679, 150
Trd, 2591769.729, 149
Trd, 2591769.896, 150
Trd, 2591769.963, 149
Trd, 2591770.279, 150
Trd, 2591770.579, 150
Trd, 2591771.929, 150
Trd, 2591772.413, 150
Trd, 2591772.879, 150
Trd, 2591772.896, 150
Trd, 2591772.979, 148
Trd, 2591773.579, 149
Trd, 2591774.096, 149
Trd, 2591774.579, 150
Trd, 2591774.596, 149
Trd, 2591775.079, 150
Trd, 2591775.163, 150
Trd, 2591775.629, 150
Trd, 2591775.663, 150
Trd, 2591776.563, 150
Trd, 2591776.729, 150
Trd, 2591776.813, 150
Trd, 2591776.829, 150
Trd, 2591777.696, 129
Trd, 2591777.763, 106
Trd, 2591779.029, 100
Trd, 2591779.163, 100
Trd, 2591779.179, 109
Trd, 2591780.879, 150
Trd, 2591781.063, 150
Trd, 2591781.313, 150
Trd, 2591781.413, 150
Trd, 2591781.513, 150
Trd, 2591781.796, 150
Trd, 2591781.929, 150
Trd, 2591782.279, 150
Trd, 2591782.429, 148
Trd, 2591782.979, 146
Trd, 2591783.613, 145
Trd, 2591784.813, 131
Trd, 2591784.879, 128
Trd, 2591784.979, 144
Trd, 2591785.846, 125
Trd, 2591785.863, 124
Trd, 2591786.663, 142
Trd, 2591787.229, 141
Trd, 2591787.396, 141
Trd, 2591787.629, 139
Trd, 2591787.646, 142
Trd, 2591787.779, 138
Trd, 2591788.329, 137
Trd, 2591789.079, 142
Trd, 2591789.596, 150
Trd, 2591789.679, 150
Trd, 2591789.813, 150
Trd, 2591790.029, 132
Trd, 2591790.146, 144
Trd, 2591790.463, 116
Trd, 2591791.013, 125
Trd, 2591791.046, 117
Trd, 2591791.563, 125
Trd, 2591791.646, 126
Trd, 2591791.746, 116
Trd, 2591792.663, 149
Trd, 2591792.946, 149
Trd, 2591793.679, 150
Trd, 2591794.613, 135
Trd, 2591794.813, 131
Trd, 2591795.063, 128
Trd, 2591795.246, 150
Trd, 2591795.446, 100
Trd, 2591796.729, 150
Trd, 2591796.963, 150
Trd, 2591797.446, 150
Trd, 2591797.746, 150
Trd, 2591797.913, 150
Trd, 2591798.146, 150
Trd, 2591798.179, 150
Trd, 2591798.513, 150
Trd, 2591798.763, 145
Trd, 2591798.829, 144
Trd, 2591798.846, 144
Trd, 2591799.529, 114
Trd, 2591799.896, 129
Trd, 2591799.963, 137
Trd, 2591800.296, 137
Trd, 2591803.196, 100
Trd, 2591803.663, 100
Trd, 2591803.863, 103
Trd, 2591804.046, 103
Trd, 2591804.196, 104
Trd, 2591804.229, 104
Trd, 2591804.246, 104
Trd, 2591804.363, 103
Trd, 2591804.513, 104
Trd, 2591805.296, 110
Trd, 2591805.463, 110
Trd, 2591806.696, 115
Trd, 2591807.146, 111
Trd, 2591808.146, 150
Trd, 2591808.629, 150
Trd, 2591808.946, 150
Trd, 2591809.346, 150
Trd, 2591809.796, 150
Trd, 2591810.679, 150
Trd, 2591811.029, 150
Trd, 2591811.446, 150
Trd, 2591811.696, 150
Trd, 2591811.929, 150
Trd, 2591812.163, 150
Trd, 2591812.246, 150
Trd, 2591812.529, 149
Trd, 2591812.746, 148
Trd, 2591813.129, 145
Trd, 2591813.279, 146
Trd, 2591813.763, 147
Trd, 2591813.879, 148
Trd, 2591814.329, 139
Trd, 2591816.096, 150
Trd, 2591816.496, 150
Trd, 2591817.079, 150
Trd, 2591817.213, 150
Trd, 2591817.479, 150
Trd, 2591819.246, 150
Trd, 2591820.279, 150
Trd, 2591820.629, 150
Trd, 2591820.696, 150
Trd, 2591821.413, 150
Trd, 2591821.479, 150
Trd, 2591821.513, 150
Trd, 2591821.663, 150
Trd, 2591821.846, 150
Trd, 2591822.063, 147
Trd, 2591822.113, 147
Trd, 2591822.596, 145
Trd, 2591822.913, 149
Trd, 2591822.946, 131
Trd, 2591823.329, 132
Trd, 2591823.879, 133
Trd, 2591824.246, 135
Trd, 2591824.263, 146
Trd, 2591824.296, 149
Trd, 2591824.946, 150
Trd, 2591825.446, 137
Trd, 2591825.546, 132
Trd, 2591825.929, 121
Trd, 2591826.513, 136
Trd, 2591827.263, 138
Trd, 2591827.846, 101
Trd, 2591827.979, 143
Trd, 2591828.496, 101
Trd, 2591828.646, 101
Trd, 2591828.746, 102
Trd, 2591829.796, 150
Trd, 2591829.879, 150
Trd, 2591830.029, 150
Trd, 2591830.046, 150
Trd, 2591830.413, 134
Trd, 2591830.446, 132
Trd, 2591830.579, 130
Trd, 2591831.263, 130
Trd, 2591831.329, 128
Trd, 2591831.379, 123
Trd, 2591831.596, 130
Trd, 2591831.696, 107
Trd, 2591831.913, 130
Trd, 2591832.446, 100
Trd, 2591833.329, 100
Trd, 2591834.346, 101
Trd, 2591834.929, 101
Trd, 2591836.213, 101
Trd, 2591836.563, 100
Trd, 2591836.679, 100
Trd, 2591836.779, 100
Trd, 2591836.913, 100
Trd, 2591836.929, 100
Trd, 2591837.496, 100
Trd, 2591838.063, 100
Trd, 2591838.146, 100
Trd, 2591838.579, 100
Trd, 2591838.779, 101
Trd, 2591838.796, 101
Trd, 2591839.479, 100
Trd, 2591839.496, 101
Trd, 2591840.029, 102
Trd, 2591840.396, 107
Trd, 2591840.729, 103
Trd, 2591840.829, 101
Trd, 2591841.513, 148
Trd, 2591841.579, 131
Trd, 2591842.113, 102
Trd, 2591842.729, 102
Trd, 2591843.179, 103
Trd, 2591843.229, 107
Trd, 2591844.279, 107
Trd, 2591844.396, 108
Trd, 2591844.446, 119
Trd, 2591844.496, 106
Trd, 2591845.196, 122
Trd, 2591845.596, 145
Trd, 2591845.613, 140
Trd, 2591845.663, 150
Trd, 2591846.013, 108
Trd, 2591846.229, 104
Trd, 2591847.696, 150
Trd, 2591848.313, 150
Trd, 2591849.013, 150
Trd, 2591849.229, 150
Trd, 2591849.313, 150
Trd, 2591849.946, 150
Trd, 2591850.363, 150
Trd, 2591850.779, 150
Trd, 2591850.929, 150
Trd, 2591851.196, 150
Trd, 2591851.629, 150
Trd, 2591852.163, 150
Trd, 2591852.779, 150
Trd, 2591852.813, 150
Trd, 2591852.829, 150
Trd, 2591853.029, 150
Trd, 2591853.046, 149
Trd, 2591853.829, 132
Trd, 2591854.329, 149
Trd, 2591855.479, 150
Trd, 2591855.863, 150
Trd, 2591856.213, 150
Trd, 2591856.529, 150
Trd, 2591857.146, 150
Trd, 2591857.379, 150
Trd, 2591857.479, 150
Trd, 2591857.579, 150
Trd, 2591857.629, 150
Trd, 2591857.679, 150
Trd, 2591858.663, 148
Trd, 2591858.813, 150
Trd, 2591858.946, 146
Trd, 2591859.263, 136
Trd, 2591860.196, 150
Trd, 2591860.463, 149
Trd, 2591861.063, 150
Trd, 2591861.779, 150
Trd, 2591861.796, 150
Trd, 2591862.213, 139
Trd, 2591862.779, 100
Trd, 2591862.796, 100
Trd, 2591862.979, 108
Trd, 2591863.313, 103
Trd, 2591864.446, 100
Trd, 2591865.729, 101
Trd, 2591865.829, 101
Trd, 2591865.963, 101
Trd, 2591866.796, 104
Trd, 2591867.196, 107
Trd, 2591867.363, 106
Trd, 2591867.596, 148
Trd, 2591867.729, 103
Trd, 2591868.579, 150
Trd, 2591868.996, 147
Trd, 2591869.113, 147
Trd, 2591869.396, 146
Trd, 2591871.329, 128
Trd, 2591872.379, 144
Trd, 2591872.446, 133
Trd, 2591872.646, 134
Trd, 2591872.729, 132
Trd, 2591872.779, 144
Trd, 2591872.829, 145
Trd, 2591872.846, 131
Trd, 2591873.413, 145
Trd, 2591873.979, 141
Trd, 2591874.079, 145
Trd, 2591874.129, 146
Trd, 2591874.279, 140
Trd, 2591874.296, 139
Trd, 2591875.046, 150
Trd, 2591875.313, 150
Trd, 2591875.779, 150
Trd, 2591875.929, 148
Trd, 2591876.213, 147
Trd, 2591877.263, 150
Trd, 2591877.463, 150
Trd, 2591877.763, 150
Trd, 2591878.429, 150
Trd, 2591878.646, 150
Trd, 2591879.946, 150
Trd, 2591881.029, 150
Trd, 2591881.063, 150
Trd, 2591881.613, 150
Trd, 2591881.679, 150
Trd, 2591882.079, 150
Trd, 2591882.229, 150
Trd, 2591882.713, 150
Trd, 2591882.946, 147
Trd, 2591883.046, 146
Trd, 2591883.379, 148
Trd, 2591883.513, 134
Trd, 2591883.546, 149
Trd, 2591884.229, 128
Trd, 2591884.579, 136
Trd, 2591884.679, 135
Trd, 2591885.079, 143
Trd, 2591885.663, 136
Trd, 2591886.329, 135
Trd, 2591886.446, 134
Trd, 2591886.613, 145
Trd, 2591887.263, 150
Trd, 2591887.796, 150
Trd, 2591888.613, 150
Trd, 2591889.279, 150
Trd, 2591890.113, 150
Trd, 2591890.813, 150
Trd, 2591891.313, 150
Trd, 2591891.363, 150
Trd, 2591892.196, 150
Trd, 2591892.513, 149
Trd, 2591892.563, 149
Trd, 2591892.946, 149
Trd, 2591893.179, 150
Trd, 2591893.296, 149
Trd, 2591893.663, 148
Trd, 2591893.713, 147
Trd, 2591894.629, 150
Trd, 2591894.713, 150
Trd, 2591894.779, 150
Trd, 2591894.979, 149
Trd, 2591895.563, 149
Trd, 2591895.896, 149
Trd, 2591896.063, 149
Trd, 2591896.196, 148
Trd, 2591896.296, 141
Trd, 2591896.346, 149
Trd, 2591896.696, 135
Trd, 2591896.946, 136
Trd, 2591899.063, 132
Trd, 2591899.146, 132
Trd, 2591899.596, 133
Trd, 2591899.896, 134
Trd, 2591900.279, 134
Trd, 2591900.613, 134
Trd, 2591901.113, 139
Trd, 2591901.379, 134
Trd, 2591901.513, 125
Trd, 2591901.763, 137
Trd, 2591901.963, 137
Trd, 2591902.463, 136
Trd, 2591902.496, 138
Trd, 2591902.946, 149
Trd, 2591903.529, 149
Trd, 2591903.896, 144
Trd, 2591904.179, 143
Trd, 2591904.863, 150
Trd, 2591905.313, 135
Trd, 2591905.463, 118
Trd, 2591905.779, 111
Trd, 2591905.963, 106
Trd, 2591906.379, 131
Trd, 2591906.779, 139
Trd, 2591907.079, 109
Trd, 2591907.563, 108
Trd, 2591907.579, 106
Trd, 2591908.096, 107
Trd, 2591908.229, 100
Trd, 2591908.463, 101
Trd, 2591908.613, 150
Trd, 2591909.279, 150
Trd, 2591910.396, 150
Trd, 2591910.913, 150
Trd, 2591910.946, 150
Trd, 2591910.963, 150
Trd, 2591911.229, 150
Trd, 2591911.296, 150
Trd, 2591912.579, 149
Trd, 2591913.113, 150
Trd, 2591913.229, 150
Trd, 2591913.563, 107
Trd, 2591913.696, 106
Trd, 2591914.513, 147
Trd, 2591914.946, 150
Trd, 2591915.096, 150
Trd, 2591915.346, 150
Trd, 2591916.079, 150
Trd, 2591916.563, 150
Trd, 2591916.579, 150
Trd, 2591917.096, 149
Trd, 2591917.246, 149
Trd, 2591917.696, 147
Trd, 2591918.213, 148
Trd, 2591919.263, 137
Trd, 2591919.329, 136
Trd, 2591919.979, 135
Trd, 2591920.079, 134
Trd, 2591920.279, 149
Trd, 2591920.763, 149
Trd, 2591921.079, 148
Trd, 2591922.279, 145
Trd, 2591922.413, 144
Trd, 2591922.646, 145
Trd, 2591923.129, 145
Trd, 2591923.196, 144
Trd, 2591923.379, 149
Trd, 2591924.079, 150
Trd, 2591924.096, 150
Trd, 2591924.729, 150
Trd, 2591924.979, 150
Trd, 2591925.729, 150
Trd, 2591926.329, 150
Trd, 2591926.496, 150
Trd, 2591927.063, 150
Trd, 2591927.346, 150
Trd, 2591927.729, 150
Trd, 2591928.079, 150
Trd, 2591928.596, 150
Trd, 2591928.763, 150
Trd, 2591929.213, 150
Trd, 2591929.463, 150
Trd, 2591929.529, 149
Trd, 2591930.746, 150
Trd, 2591931.696, 150
Trd, 2591931.746, 150
Trd, 2591932.113, 150
Trd, 2591932.163, 150
Trd, 2591932.179, 150
Trd, 2591932.196, 150
Trd, 2591932.463, 150
Trd, 2591934.079, 149
Trd, 2591934.146, 148
Trd, 2591934.679, 149
Trd, 2591935.246, 150
Trd, 2591935.746, 150
Trd, 2591935.913, 150
Trd, 2591936.929, 150
Trd, 2591937.579, 150
Trd, 2591937.763, 150
Trd, 2591938.096, 150
Trd, 2591938.429, 150
Trd, 2591938.446, 150
Trd, 2591938.846, 150
Trd, 2591938.963, 149
Trd, 2591939.279, 150
Trd, 2591939.529, 149
Trd, 2591940.229, 147
Trd, 2591940.929, 140
Trd, 2591941.096, 139
Trd, 2591941.146, 142
Trd, 2591941.429, 135
Trd, 2591942.079, 119
Trd, 2591942.663, 141
Trd, 2591942.713, 117
Trd, 2591943.096, 140
Trd, 2591943.146, 116
Trd, 2591943.546, 104
Trd, 2591943.746, 112
Trd, 2591944.229, 142
Trd, 2591944.513, 107
Trd, 2591944.563, 143
Trd, 2591945.129, 116
Trd, 2591945.296, 144
Trd, 2591945.563, 142
Trd, 2591945.829, 107
Trd, 2591946.529, 150
Trd, 2591947.479, 149
Trd, 2591948.279, 150
Trd, 2591948.329, 150
Trd, 2591949.096, 150
Trd, 2591949.529, 150
Trd, 2591949.696, 148
Trd, 2591949.713, 148
Trd, 2591950.263, 149
Trd, 2591950.679, 150
Trd, 2591950.896, 149
Trd, 2591951.413, 149
Trd, 2591952.113, 149
Trd, 2591952.363, 149
Trd, 2591952.529, 118
Trd, 2591952.929, 105
Trd, 2591953.096, 105
Trd, 2591954.046, 100
Trd, 2591954.863, 100
Trd, 2591954.896, 100
Trd, 2591955.413, 100
Trd, 2591957.113, 100
Trd, 2591957.613, 100
Trd, 2591957.846, 100
Trd, 2591957.946, 100
Trd, 2591958.129, 101
Trd, 2591958.179, 101
Trd, 2591958.346, 101
Trd, 2591958.413, 101
Trd, 2591958.679, 100
Trd, 2591958.829, 100
Trd, 2591959.346, 103
Trd, 2591959.729, 102
Trd, 2591959.863, 102
Trd, 2591959.896, 100
Trd, 2591960.713, 105
Trd, 2591960.979, 115
Trd, 2591961.546, 100
Trd, 2591961.829, 100
Trd, 2591962.179, 108
Trd, 2591963.063, 108
Trd, 2591964.063, 101
Trd, 2591964.079, 100
Trd, 2591964.329, 103
Trd, 2591965.029, 101
Trd, 2591965.563, 100
Trd, 2591965.746, 100
Trd, 2591965.963, 100
Trd, 2591966.179, 101
Trd, 2591966.196, 101
Trd, 2591966.229, 101
Trd, 2591966.279, 102
Trd, 2591966.346, 103
Trd, 2591966.413, 100
Trd, 2591967.879, 100
Trd, 2591968.563, 101
Trd, 2591969.879, 100
Trd, 2591970.229, 100
Trd, 2591971.446, 100
Trd, 2591971.479, 100
Trd, 2591971.629, 100
Trd, 2591972.913, 100
Trd, 2591973.213, 102
Trd, 2591973.313, 103
Trd, 2591973.396, 104
Trd, 2591973.813, 113
Trd, 2591974.013, 103
Trd, 2591974.579, 103
Trd, 2591975.279, 150
Trd, 2591975.963, 150
Trd, 2591976.179, 150
Trd, 2591976.213, 150
Trd, 2591976.763, 150
Trd, 2591977.129, 150
Trd, 2591977.396, 150
Trd, 2591978.263, 150
Trd, 2591978.579, 150
Trd, 2591979.379, 150
Trd, 2591979.563, 150
Trd, 2591979.596, 150
Trd, 2591979.813, 150
Trd, 2591980.346, 150
Trd, 2591980.363, 150
Trd, 2591980.663, 150
Trd, 2591980.679, 150
Trd, 2591982.079, 150
Trd, 2591982.379, 150
Trd, 2591982.646, 150
Trd, 2591982.946, 150
Trd, 2591983.613, 150
Trd, 2591983.713, 150
Trd, 2591985.029, 150
Trd, 2591985.129, 150
Trd, 2591985.246, 150
Trd, 2591985.446, 150
Trd, 2591986.929, 150
Trd, 2591987.129, 150
Trd, 2591987.179, 150
Trd, 2591987.329, 149
Trd, 2591987.863, 149
Trd, 2591989.429, 150
Trd, 2591989.729, 150
Trd, 2591990.346, 149
Trd, 2591990.829, 150
Trd, 2591991.846, 150
Trd, 2591992.246, 150
Trd, 2591992.413, 150
Trd, 2591992.663, 150
Trd, 2591992.813, 150
Trd, 2591993.446, 150
Trd, 2591993.746, 150
Trd, 2591993.896, 150
Trd, 2591993.963, 150
Trd, 2591993.996, 150
Trd, 2591994.229, 150
Trd, 2591994.246, 150
Trd, 2591994.413, 149
Trd, 2591994.479, 147
Trd, 2591994.679, 148
Trd, 2591995.396, 148
Trd, 2591995.713, 138
Trd, 2591996.229, 137
Trd, 2591996.296, 144
Trd, 2591996.379, 135
Trd, 2591997.146, 136
Trd, 2591997.446, 135
Trd, 2591998.063, 143
Trd, 2591998.329, 122
Trd, 2591998.529, 144
Trd, 2591998.663, 147
Trd, 2591999.746, 150
Trd, 2591999.929, 150
