Trd, 2590838.346, 150
Trd, 2590838.363, 150
Trd, 2590838.379, 150
Trd, 2590838.813, 150
Trd, 2590839.563, 150
Trd, 2590839.846, 150
Trd, 2590840.279, 150
Trd, 2590840.363, 150
Trd, 2590840.929, 149
Trd, 2590842.229, 150
Trd, 2590842.496, 150
Trd, 2590842.546, 150
Trd, 2590842.579, 150
Trd, 2590842.913, 150
Trd, 2590842.963, 146
Trd, 2590843.213, 149
Trd, 2590843.246, 150
Trd, 2590843.479, 149
Trd, 2590843.713, 148
Trd, 2590843.929, 148
Trd, 2590844.296, 148
Trd, 2590845.263, 148
Trd, 2590845.913, 142
Trd, 2590846.146, 146
Trd, 2590846.379, 145
Trd, 2590846.396, 147
Trd, 2590846.529, 148
Trd, 2590847.046, 150
Trd, 2590847.146, 150
Trd, 2590847.163, 150
Trd, 2590847.563, 150
Trd, 2590848.496, 150
Trd, 2590849.529, 150
Trd, 2590850.296, 150
Trd, 2590851.063, 150
Trd, 2590851.079, 150
Trd, 2590852.479, 150
Trd, 2590853.263, 150
Trd, 2590853.579, 150
Trd, 2590854.113, 150
Trd, 2590854.379, 150
Trd, 2590854.813, 150
Trd, 2590855.279, 150
Trd, 2590855.446, 150
Trd, 2590855.829, 150
Trd, 2590855.846, 150
Trd, 2590856.213, 150
Trd, 2590856.396, 150
Trd, 2590856.513, 150
Trd, 2590856.746, 150
Trd, 2590856.879, 150
Trd, 2590857.113, 150
Trd, 2590857.213, 150
Trd, 2590857.963, 150
Trd, 2590858.063, 150
Trd, 2590858.379, 149
Trd, 2590858.413, 147
Trd, 2590858.713, 149
Trd, 2590858.746, 150
Trd, 2590859.413, 112
Trd, 2590859.729, 132
Trd, 2590861.379, 106
Trd, 2590861.546, 133
Trd, 2590861.779, 115
Trd, 2590862.279, 147
Trd, 2590862.446, 148
Trd, 2590863.896, 150
Trd, 2590864.079, 150
Trd, 2590864.379, 150
Trd, 2590864.746, 150
Trd, 2590864.913, 150
Trd, 2590865.129, 150
Trd, 2590865.196, 150
Trd, 2590865.296, 150
Trd, 2590865.679, 150
Trd, 2590865.929, 150
Trd, 2590866.146, 150
Trd, 2590867.346, 150
Trd, 2590869.129, 150
Trd, 2590869.213, 150
Trd, 2590869.563, 150
Trd, 2590869.679, 150
Trd, 2590870.713, 150
Trd, 2590871.363, 150
Trd, 2590871.496, 150
Trd, 2590871.546, 150
Trd, 2590871.696, 149
Trd, 2590871.746, 149
Trd, 2590872.513, 150
Trd, 2590872.763, 150
Trd, 2590873.096, 150
Trd, 2590873.313, 150
Trd, 2590873.646, 150
Trd, 2590873.696, 150
Trd, 2590873.896, 149
Trd, 2590874.413, 149
Trd, 2590875.146, 150
Trd, 2590875.163, 150
Trd, 2590875.363, 149
Trd, 2590875.413, 134
Trd, 2590875.946, 150
Trd, 2590876.163, 150
Trd, 2590876.479, 150
Trd, 2590876.613, 149
Trd, 2590876.679, 150
Trd, 2590877.096, 149
Trd, 2590877.863, 150
Trd, 2590878.413, 150
Trd, 2590878.496, 150
Trd, 2590878.563, 126
Trd, 2590878.879, 150
Trd, 2590878.913, 150
Trd, 2590880.446, 150
Trd, 2590880.529, 150
Trd, 2590880.613, 149
Trd, 2590881.096, 138
Trd, 2590882.246, 150
Trd, 2590882.279, 150
Trd, 2590882.629, 149
Trd, 2590882.896, 148
Trd, 2590883.546, 148
Trd, 2590883.813, 147
Trd, 2590883.963, 147
Trd, 2590884.713, 147
Trd, 2590884.796, 126
Trd, 2590884.846, 125
Trd, 2590885.763, 145
Trd, 2590885.963, 145
Trd, 2590886.146, 145
Trd, 2590887.913, 102
Trd, 2590888.096, 100
Trd, 2590888.529, 100
Trd, 2590888.946, 101
Trd, 2590889.079, 101
Trd, 2590889.529, 104
Trd, 2590889.579, 106
Trd, 2590889.713, 150
Trd, 2590889.763, 101
Trd, 2590889.946, 105
Trd, 2590890.313, 149
Trd, 2590891.279, 150
Trd, 2590892.563, 150
Trd, 2590893.229, 150
Trd, 2590893.546, 150
Trd, 2590893.596, 150
Trd, 2590893.696, 150
Trd, 2590894.063, 150
Trd, 2590894.846, 150
Trd, 2590894.929, 150
Trd, 2590894.979, 117
Trd, 2590895.246, 150
Trd, 2590895.629, 150
Trd, 2590895.796, 150
Trd, 2590896.229, 150
Trd, 2590896.246, 149
Trd, 2590896.279, 122
Trd, 2590896.479, 149
Trd, 2590896.496, 150
Trd, 2590897.763, 150
Trd, 2590898.279, 150
Trd, 2590898.696, 150
Trd, 2590898.746, 150
Trd, 2590898.863, 150
Trd, 2590899.579, 150
Trd, 2590900.429, 150
Trd, 2590900.596, 150
Trd, 2590900.813, 150
Trd, 2590901.196, 150
Trd, 2590901.363, 150
Trd, 2590901.563, 150
Trd, 2590901.779, 150
Trd, 2590902.229, 150
Trd, 2590902.646, 149
Trd, 2590902.729, 149
Trd, 2590903.113, 149
Trd, 2590903.396, 149
Trd, 2590903.413, 148
Trd, 2590903.479, 150
Trd, 2590903.529, 130
Trd, 2590904.146, 148
Trd, 2590905.113, 101
Trd, 2590905.229, 101
Trd, 2590905.779, 100
Trd, 2590906.629, 104
Trd, 2590906.879, 105
Trd, 2590907.363, 103
Trd, 2590907.779, 118
Trd, 2590908.129, 135
Trd, 2590908.329, 116
Trd, 2590908.696, 114
Trd, 2590909.363, 143
Trd, 2590909.979, 120
Trd, 2590910.079, 142
Trd, 2590910.396, 150
Trd, 2590911.346, 150
Trd, 2590911.529, 150
Trd, 2590911.563, 150
Trd, 2590911.696, 150
Trd, 2590912.129, 150
Trd, 2590912.529, 150
Trd, 2590912.746, 150
Trd, 2590913.279, 150
Trd, 2590913.379, 150
Trd, 2590913.613, 150
Trd, 2590913.846, 150
Trd, 2590914.646, 150
Trd, 2590915.096, 150
Trd, 2590916.046, 150
Trd, 2590916.313, 150
Trd, 2590916.629, 150
Trd, 2590916.646, 150
Trd, 2590917.079, 150
Trd, 2590917.129, 149
Trd, 2590917.463, 150
Trd, 2590917.529, 149
Trd, 2590917.579, 149
Trd, 2590917.813, 149
Trd, 2590919.313, 150
Trd, 2590920.929, 150
Trd, 2590920.996, 150
Trd, 2590921.113, 150
Trd, 2590921.596, 150
Trd, 2590921.746, 150
Trd, 2590922.213, 149
Trd, 2590922.296, 150
Trd, 2590922.463, 148
Trd, 2590922.679, 147
Trd, 2590922.896, 147
Trd, 2590923.063, 148
Trd, 2590923.196, 149
Trd, 2590923.446, 150
Trd, 2590923.479, 149
Trd, 2590923.679, 148
Trd, 2590924.129, 149
Trd, 2590925.129, 139
Trd, 2590925.329, 150
Trd, 2590925.496, 150
Trd, 2590925.863, 150
Trd, 2590926.913, 150
Trd, 2590927.913, 150
Trd, 2590927.946, 149
Trd, 2590928.663, 150
Trd, 2590929.329, 150
Trd, 2590929.863, 150
Trd, 2590930.229, 150
Trd, 2590930.746, 150
Trd, 2590930.779, 150
Trd, 2590930.829, 150
Trd, 2590931.196, 150
Trd, 2590931.496, 150
Trd, 2590931.579, 148
Trd, 2590931.846, 149
Trd, 2590932.129, 148
Trd, 2590932.363, 148
Trd, 2590932.479, 135
Trd, 2590932.663, 120
Trd, 2590933.029, 147
Trd, 2590933.529, 146
Trd, 2590933.613, 148
Trd, 2590934.413, 100
Trd, 2590934.746, 100
Trd, 2590934.979, 100
Trd, 2590935.546, 100
Trd, 2590935.946, 100
Trd, 2590937.513, 100
Trd, 2590938.146, 100
Trd, 2590939.546, 100
Trd, 2590939.646, 100
Trd, 2590940.279, 100
Trd, 2590941.713, 100
Trd, 2590941.813, 100
Trd, 2590941.879, 100
Trd, 2590941.996, 101
Trd, 2590942.279, 102
Trd, 2590942.479, 103
Trd, 2590942.579, 103
Trd, 2590942.646, 104
Trd, 2590942.713, 103
Trd, 2590942.796, 119
Trd, 2590943.179, 105
Trd, 2590943.579, 114
Trd, 2590943.713, 150
Trd, 2590943.896, 150
Trd, 2590944.079, 148
Trd, 2590944.529, 150
Trd, 2590945.263, 149
Trd, 2590945.429, 148
Trd, 2590945.546, 147
Trd, 2590947.746, 150
Trd, 2590948.496, 150
Trd, 2590948.929, 150
Trd, 2590949.163, 150
Trd, 2590949.896, 150
Trd, 2590949.946, 150
Trd, 2590950.096, 150
Trd, 2590950.146, 150
Trd, 2590950.213, 150
Trd, 2590950.296, 150
Trd, 2590950.663, 150
Trd, 2590950.746, 150
Trd, 2590950.763, 150
Trd, 2590951.496, 149
Trd, 2590951.863, 150
Trd, 2590952.713, 150
Trd, 2590952.879, 149
Trd, 2590953.413, 147
Trd, 2590953.879, 150
Trd, 2590955.213, 150
Trd, 2590955.346, 150
Trd, 2590955.779, 150
Trd, 2590957.713, 150
Trd, 2590957.946, 150
Trd, 2590958.179, 150
Trd, 2590958.596, 150
Trd, 2590958.746, 150
Trd, 2590958.963, 150
Trd, 2590959.063, 150
Trd, 2590959.263, 150
Trd, 2590959.646, 150
Trd, 2590959.729, 150
Trd, 2590960.029, 150
Trd, 2590960.596, 150
Trd, 2590960.629, 150
Trd, 2590960.663, 150
Trd, 2590960.929, 150
Trd, 2590961.079, 150
Trd, 2590961.363, 150
Trd, 2590962.296, 150
Trd, 2590962.363, 149
Trd, 2590962.479, 148
Trd, 2590962.663, 149
Trd, 2590962.696, 148
Trd, 2590963.429, 146
Trd, 2590963.713, 139
Trd, 2590964.196, 138
Trd, 2590964.246, 122
Trd, 2590964.279, 146
Trd, 2590965.596, 142
Trd, 2590965.813, 142
Trd, 2590965.996, 140
Trd, 2590966.079, 138
Trd, 2590966.446, 139
Trd, 2590966.479, 140
Trd, 2590966.696, 137
Trd, 2590967.046, 141
Trd, 2590967.146, 111
Trd, 2590967.179, 121
Trd, 2590967.513, 149
Trd, 2590967.896, 150
Trd, 2590969.996, 150
Trd, 2590970.179, 150
Trd, 2590970.263, 150
Trd, 2590970.829, 150
Trd, 2590971.613, 150
Trd, 2590973.129, 150
Trd, 2590973.679, 150
Trd, 2590974.629, 150
Trd, 2590974.713, 150
Trd, 2590974.746, 150
Trd, 2590974.863, 150
Trd, 2590974.963, 150
Trd, 2590975.013, 150
Trd, 2590975.096, 150
Trd, 2590975.263, 150
Trd, 2590975.496, 150
Trd, 2590975.929, 150
Trd, 2590976.679, 150
Trd, 2590976.929, 150
Trd, 2590977.213, 148
Trd, 2590977.229, 131
Trd, 2590977.579, 148
Trd, 2590977.596, 148
Trd, 2590977.713, 149
Trd, 2590978.146, 109
Trd, 2590978.313, 150
Trd, 2590979.129, 146
Trd, 2590979.779, 145
Trd, 2590979.896, 146
Trd, 2590980.179, 147
Trd, 2590980.546, 148
Trd, 2590982.196, 150
Trd, 2590982.679, 150
Trd, 2590982.713, 150
Trd, 2590982.946, 150
Trd, 2590983.146, 150
Trd, 2590983.163, 147
Trd, 2590985.996, 150
Trd, 2590986.046, 150
Trd, 2590986.179, 150
Trd, 2590986.729, 150
Trd, 2590987.346, 150
Trd, 2590987.779, 150
Trd, 2590988.263, 150
Trd, 2590988.329, 150
Trd, 2590988.379, 150
Trd, 2590988.413, 150
Trd, 2590988.446, 150
Trd, 2590988.579, 150
Trd, 2590988.679, 150
Trd, 2590988.913, 149
Trd, 2590989.046, 149
Trd, 2590989.513, 131
Trd, 2590989.529, 149
Trd, 2590989.613, 129
Trd, 2590990.179, 140
Trd, 2590990.496, 144
Trd, 2590990.696, 144
Trd, 2590990.829, 143
Trd, 2590991.146, 141
Trd, 2590991.213, 146
Trd, 2590992.513, 150
Trd, 2590992.563, 150
Trd, 2590994.529, 150
Trd, 2590994.646, 150
Trd, 2590994.779, 150
Trd, 2590994.979, 150
Trd, 2590997.279, 150
Trd, 2590998.029, 150
Trd, 2590998.179, 150
Trd, 2590998.213, 150
Trd, 2590998.246, 150
Trd, 2590998.279, 150
Trd, 2590998.296, 150
Trd, 2590998.513, 149
Trd, 2590998.563, 150
Trd, 2590998.963, 150
Trd, 2590999.263, 150
Trd, 2590999.763, 149
Trd, 2590999.863, 148
Trd, 2591000.063, 150
Trd, 2591000.163, 148
Trd, 2591000.329, 145
Trd, 2591000.513, 150
Trd, 2591001.863, 150
Trd, 2591002.963, 150
Trd, 2591003.013, 150
Trd, 2591003.629, 150
Trd, 2591003.829, 150
Trd, 2591004.479, 150
Trd, 2591005.013, 150
Trd, 2591005.046, 150
Trd, 2591005.079, 150
Trd, 2591005.663, 150
Trd, 2591005.813, 150
Trd, 2591006.679, 150
Trd, 2591007.113, 150
Trd, 2591007.596, 150
Trd, 2591007.646, 150
Trd, 2591007.729, 150
Trd, 2591007.796, 150
Trd, 2591007.946, 149
Trd, 2591007.996, 150
Trd, 2591008.429, 146
Trd, 2591008.729, 135
Trd, 2591009.413, 117
Trd, 2591009.596, 116
Trd, 2591009.796, 112
Trd, 2591009.996, 139
Trd, 2591010.113, 140
Trd, 2591011.113, 100
Trd, 2591011.146, 100
Trd, 2591011.213, 107
Trd, 2591011.363, 140
Trd, 2591011.579, 100
Trd, 2591012.179, 112
Trd, 2591013.129, 132
Trd, 2591013.213, 133
Trd, 2591013.646, 116
Trd, 2591013.696, 130
Trd, 2591013.829, 115
Trd, 2591013.913, 114
Trd, 2591015.396, 114
Trd, 2591015.763, 117
Trd, 2591015.929, 118
Trd, 2591016.079, 119
Trd, 2591017.529, 100
Trd, 2591017.646, 100
Trd, 2591018.363, 101
Trd, 2591019.113, 100
Trd, 2591019.146, 101
Trd, 2591019.279, 101
Trd, 2591019.429, 103
Trd, 2591020.013, 100
Trd, 2591020.179, 100
Trd, 2591020.396, 100
Trd, 2591020.446, 100
Trd, 2591020.529, 103
Trd, 2591020.646, 103
Trd, 2591020.696, 109
Trd, 2591020.846, 103
Trd, 2591021.196, 136
Trd, 2591021.546, 137
Trd, 2591021.713, 124
Trd, 2591021.896, 123
Trd, 2591023.296, 103
Trd, 2591023.346, 104
Trd, 2591023.513, 133
Trd, 2591024.396, 150
Trd, 2591024.613, 150
Trd, 2591025.246, 149
Trd, 2591025.813, 150
Trd, 2591025.913, 150
Trd, 2591026.379, 150
Trd, 2591026.763, 150
Trd, 2591027.046, 150
Trd, 2591027.113, 150
Trd, 2591027.146, 150
Trd, 2591027.463, 150
Trd, 2591027.679, 150
Trd, 2591027.746, 149
Trd, 2591028.829, 150
Trd, 2591028.946, 150
Trd, 2591029.496, 150
Trd, 2591029.613, 150
Trd, 2591031.546, 150
Trd, 2591031.729, 150
Trd, 2591031.929, 150
Trd, 2591032.013, 150
Trd, 2591032.146, 149
Trd, 2591032.563, 149
Trd, 2591032.729, 149
Trd, 2591033.413, 150
Trd, 2591033.663, 149
Trd, 2591033.763, 149
Trd, 2591033.896, 146
Trd, 2591034.746, 149
Trd, 2591035.379, 150
Trd, 2591035.413, 150
Trd, 2591035.629, 150
Trd, 2591036.446, 150
Trd, 2591036.579, 150
Trd, 2591036.946, 150
Trd, 2591037.279, 150
Trd, 2591037.896, 150
Trd, 2591038.463, 150
Trd, 2591039.246, 150
Trd, 2591039.329, 149
Trd, 2591039.746, 150
Trd, 2591040.179, 150
Trd, 2591040.579, 150
Trd, 2591040.846, 150
Trd, 2591040.979, 150
Trd, 2591041.096, 150
Trd, 2591041.346, 150
Trd, 2591042.013, 150
Trd, 2591042.079, 150
Trd, 2591042.279, 149
Trd, 2591042.629, 147
Trd, 2591042.796, 146
Trd, 2591042.846, 137
Trd, 2591043.996, 100
Trd, 2591044.146, 100
Trd, 2591044.463, 100
Trd, 2591044.613, 100
Trd, 2591044.646, 101
Trd, 2591045.563, 101
Trd, 2591046.179, 100
Trd, 2591046.646, 102
Trd, 2591047.013, 106
Trd, 2591047.463, 102
Trd, 2591047.663, 101
Trd, 2591047.696, 100
Trd, 2591048.446, 104
Trd, 2591048.929, 105
Trd, 2591049.229, 105
Trd, 2591049.496, 105
Trd, 2591049.779, 107
Trd, 2591050.879, 150
Trd, 2591050.996, 150
Trd, 2591051.179, 150
Trd, 2591051.279, 150
Trd, 2591051.946, 150
Trd, 2591052.579, 150
Trd, 2591052.796, 150
Trd, 2591053.496, 150
Trd, 2591053.546, 150
Trd, 2591053.779, 150
Trd, 2591054.096, 150
Trd, 2591054.463, 150
Trd, 2591054.863, 149
Trd, 2591055.379, 150
Trd, 2591056.813, 150
Trd, 2591056.896, 150
Trd, 2591056.929, 150
Trd, 2591057.163, 149
Trd, 2591057.313, 150
Trd, 2591057.613, 150
Trd, 2591057.746, 149
Trd, 2591057.779, 148
Trd, 2591057.979, 145
Trd, 2591059.513, 150
Trd, 2591061.196, 150
Trd, 2591061.696, 150
Trd, 2591061.746, 150
Trd, 2591061.796, 150
Trd, 2591061.879, 150
Trd, 2591061.929, 150
Trd, 2591061.946, 149
Trd, 2591062.296, 149
Trd, 2591062.546, 149
Trd, 2591063.013, 147
Trd, 2591063.029, 146
Trd, 2591063.163, 147
Trd, 2591063.196, 149
Trd, 2591063.246, 124
Trd, 2591063.529, 124
Trd, 2591063.779, 123
Trd, 2591064.113, 147
Trd, 2591064.663, 147
Trd, 2591064.696, 148
Trd, 2591064.929, 111
Trd, 2591065.896, 107
Trd, 2591066.363, 147
Trd, 2591066.429, 111
Trd, 2591067.329, 146
Trd, 2591067.396, 147
Trd, 2591068.046, 134
Trd, 2591068.096, 126
Trd, 2591068.596, 147
Trd, 2591068.829, 147
Trd, 2591069.213, 144
Trd, 2591069.879, 135
Trd, 2591069.996, 143
Trd, 2591070.413, 144
Trd, 2591070.546, 136
Trd, 2591071.096, 144
Trd, 2591071.413, 139
Trd, 2591071.463, 138
Trd, 2591071.513, 128
Trd, 2591071.629, 124
Trd, 2591071.846, 123
Trd, 2591072.063, 143
Trd, 2591072.379, 142
Trd, 2591072.796, 142
Trd, 2591072.846, 143
Trd, 2591074.913, 149
Trd, 2591075.479, 150
Trd, 2591077.013, 150
Trd, 2591077.379, 150
Trd, 2591077.579, 150
Trd, 2591077.646, 150
Trd, 2591077.863, 150
Trd, 2591078.163, 150
Trd, 2591078.179, 150
Trd, 2591078.246, 150
Trd, 2591078.263, 150
Trd, 2591078.596, 150
Trd, 2591079.946, 149
Trd, 2591079.979, 149
Trd, 2591080.696, 150
Trd, 2591080.829, 150
Trd, 2591080.913, 150
Trd, 2591081.413, 150
Trd, 2591081.763, 150
Trd, 2591081.813, 150
Trd, 2591081.963, 150
Trd, 2591082.246, 150
Trd, 2591082.496, 150
Trd, 2591082.746, 150
Trd, 2591082.846, 150
Trd, 2591083.596, 150
Trd, 2591084.096, 150
Trd, 2591084.263, 150
Trd, 2591084.329, 150
Trd, 2591084.496, 134
Trd, 2591085.713, 128
Trd, 2591086.079, 149
Trd, 2591086.379, 134
Trd, 2591086.646, 134
Trd, 2591086.813, 145
Trd, 2591087.163, 146
Trd, 2591087.246, 131
Trd, 2591088.513, 134
Trd, 2591088.563, 131
Trd, 2591089.096, 131
Trd, 2591089.413, 143
Trd, 2591089.663, 131
Trd, 2591089.779, 143
Trd, 2591090.096, 142
Trd, 2591090.196, 143
Trd, 2591090.629, 110
Trd, 2591090.663, 147
Trd, 2591090.763, 107
Trd, 2591091.679, 149
Trd, 2591092.396, 150
Trd, 2591092.913, 150
Trd, 2591094.713, 150
Trd, 2591095.346, 150
Trd, 2591095.529, 150
Trd, 2591095.546, 150
Trd, 2591096.529, 150
Trd, 2591096.563, 150
Trd, 2591097.863, 150
Trd, 2591097.963, 150
Trd, 2591098.146, 150
Trd, 2591098.229, 150
Trd, 2591099.046, 150
Trd, 2591099.129, 150
Trd, 2591099.213, 150
Trd, 2591099.379, 150
Trd, 2591099.479, 150
Trd, 2591099.696, 150
Trd, 2591099.713, 150
Trd, 2591099.879, 150
Trd, 2591099.896, 150
Trd, 2591099.979, 150
Trd, 2591100.129, 150
Trd, 2591100.746, 141
Trd, 2591100.796, 148
Trd, 2591101.513, 138
Trd, 2591101.663, 149
Trd, 2591101.696, 140
Trd, 2591102.546, 150
Trd, 2591102.579, 150
Trd, 2591103.879, 150
Trd, 2591103.929, 150
Trd, 2591104.229, 150
Trd, 2591105.596, 150
Trd, 2591105.613, 150
Trd, 2591105.829, 150
Trd, 2591106.263, 150
Trd, 2591106.313, 147
Trd, 2591106.596, 132
Trd, 2591106.896, 150
Trd, 2591107.346, 149
Trd, 2591107.379, 149
Trd, 2591108.546, 142
Trd, 2591108.679, 137
Trd, 2591108.896, 138
Trd, 2591109.029, 137
Trd, 2591109.479, 110
Trd, 2591109.546, 134
Trd, 2591109.963, 133
Trd, 2591109.996, 134
Trd, 2591110.279, 120
Trd, 2591110.746, 127
Trd, 2591110.846, 106
Trd, 2591111.663, 100
Trd, 2591112.279, 100
Trd, 2591112.396, 101
Trd, 2591113.063, 131
Trd, 2591113.913, 112
Trd, 2591114.363, 103
Trd, 2591114.563, 147
Trd, 2591114.729, 104
Trd, 2591115.313, 103
Trd, 2591115.379, 106
Trd, 2591115.479, 107
Trd, 2591115.596, 108
Trd, 2591115.846, 103
Trd, 2591115.896, 116
Trd, 2591117.063, 128
Trd, 2591117.129, 109
Trd, 2591118.096, 109
Trd, 2591118.263, 110
Trd, 2591118.296, 112
Trd, 2591118.713, 111
Trd, 2591119.163, 103
Trd, 2591119.196, 112
Trd, 2591119.613, 102
Trd, 2591120.013, 100
Trd, 2591120.429, 101
Trd, 2591120.713, 100
Trd, 2591121.113, 100
Trd, 2591121.863, 100
Trd, 2591122.396, 100
Trd, 2591122.563, 101
Trd, 2591122.746, 100
Trd, 2591123.546, 101
Trd, 2591123.729, 146
Trd, 2591124.179, 146
Trd, 2591124.246, 147
Trd, 2591124.946, 103
Trd, 2591125.413, 105
Trd, 2591125.779, 102
Trd, 2591126.296, 100
Trd, 2591126.529, 100
Trd, 2591126.763, 106
Trd, 2591126.946, 107
Trd, 2591127.079, 104
Trd, 2591127.696, 103
Trd, 2591127.779, 105
Trd, 2591127.896, 111
Trd, 2591128.213, 110
Trd, 2591128.329, 104
Trd, 2591128.979, 104
Trd, 2591130.246, 104
Trd, 2591130.563, 103
Trd, 2591130.613, 102
Trd, 2591130.813, 104
Trd, 2591130.996, 101
Trd, 2591131.129, 113
Trd, 2591131.913, 100
Trd, 2591132.096, 100
Trd, 2591132.729, 100
Trd, 2591134.513, 100
Trd, 2591134.663, 100
Trd, 2591134.796, 100
Trd, 2591134.929, 100
Trd, 2591135.329, 100
Trd, 2591135.546, 100
Trd, 2591135.796, 101
Trd, 2591136.346, 100
Trd, 2591137.479, 100
Trd, 2591137.863, 100
Trd, 2591138.429, 100
Trd, 2591139.896, 100
Trd, 2591140.129, 100
Trd, 2591140.346, 100
Trd, 2591140.363, 100
Trd, 2591140.413, 101
Trd, 2591140.963, 100
Trd, 2591140.979, 100
Trd, 2591141.113, 101
Trd, 2591141.496, 100
Trd, 2591142.013, 100
Trd, 2591142.113, 100
Trd, 2591142.646, 101
Trd, 2591142.663, 105
Trd, 2591143.229, 104
Trd, 2591143.646, 105
Trd, 2591143.863, 105
Trd, 2591144.179, 124
Trd, 2591144.563, 123
Trd, 2591145.079, 104
Trd, 2591145.229, 104
Trd, 2591145.296, 103
Trd, 2591146.346, 104
Trd, 2591146.863, 101
Trd, 2591147.229, 104
Trd, 2591147.429, 104
Trd, 2591148.179, 102
Trd, 2591148.596, 100
Trd, 2591148.779, 102
Trd, 2591149.179, 102
Trd, 2591149.213, 101
Trd, 2591149.479, 103
Trd, 2591149.813, 119
Trd, 2591149.829, 117
Trd, 2591150.413, 148
Trd, 2591150.713, 150
Trd, 2591151.296, 150
Trd, 2591151.713, 150
Trd, 2591152.879, 150
Trd, 2591153.063, 150
Trd, 2591153.696, 150
Trd, 2591154.029, 150
Trd, 2591154.063, 150
Trd, 2591154.179, 150
Trd, 2591154.296, 150
Trd, 2591154.513, 150
Trd, 2591155.163, 149
Trd, 2591155.863, 150
Trd, 2591156.446, 148
Trd, 2591156.746, 148
Trd, 2591157.196, 150
Trd, 2591157.879, 150
Trd, 2591158.296, 150
Trd, 2591158.346, 150
Trd, 2591158.363, 150
Trd, 2591159.129, 150
Trd, 2591159.629, 150
Trd, 2591159.796, 150
Trd, 2591160.113, 150
Trd, 2591160.579, 150
Trd, 2591160.763, 150
Trd, 2591160.846, 150
Trd, 2591160.946, 150
Trd, 2591161.646, 150
Trd, 2591161.679, 150
Trd, 2591161.796, 150
Trd, 2591161.979, 150
Trd, 2591162.029, 148
Trd, 2591162.746, 149
Trd, 2591162.879, 150
Trd, 2591163.013, 146
Trd, 2591163.529, 127
Trd, 2591164.546, 149
Trd, 2591164.996, 149
Trd, 2591165.063, 148
Trd, 2591165.146, 147
Trd, 2591165.746, 150
Trd, 2591165.979, 148
Trd, 2591166.346, 146
Trd, 2591166.379, 136
Trd, 2591166.813, 146
Trd, 2591167.079, 147
Trd, 2591168.196, 146
Trd, 2591168.296, 145
Trd, 2591168.663, 124
Trd, 2591169.079, 121
Trd, 2591169.179, 146
Trd, 2591169.363, 107
Trd, 2591169.379, 148
Trd, 2591170.713, 150
Trd, 2591170.946, 150
Trd, 2591171.279, 150
Trd, 2591172.529, 150
Trd, 2591173.129, 150
Trd, 2591173.179, 150
Trd, 2591173.296, 150
Trd, 2591173.396, 150
Trd, 2591173.796, 149
Trd, 2591174.963, 150
Trd, 2591175.296, 150
Trd, 2591175.463, 149
Trd, 2591175.713, 149
Trd, 2591176.046, 149
Trd, 2591176.663, 149
Trd, 2591176.979, 149
Trd, 2591177.079, 148
Trd, 2591179.096, 150
Trd, 2591179.563, 150
Trd, 2591179.763, 150
Trd, 2591180.363, 150
Trd, 2591180.896, 150
Trd, 2591181.946, 150
Trd, 2591182.163, 150
Trd, 2591182.246, 150
Trd, 2591182.696, 150
Trd, 2591182.829, 150
Trd, 2591183.046, 150
Trd, 2591183.546, 150
Trd, 2591184.263, 150
Trd, 2591184.746, 150
Trd, 2591185.479, 150
Trd, 2591186.363, 150
Trd, 2591186.863, 150
Trd, 2591187.079, 150
Trd, 2591187.896, 150
Trd, 2591188.013, 150
Trd, 2591188.313, 150
Trd, 2591188.379, 150
Trd, 2591188.613, 150
Trd, 2591188.646, 150
Trd, 2591188.979, 150
Trd, 2591189.479, 150
Trd, 2591189.846, 149
Trd, 2591190.163, 149
Trd, 2591190.246, 148
Trd, 2591190.329, 146
Trd, 2591190.413, 147
Trd, 2591190.446, 146
Trd, 2591190.679, 133
Trd, 2591191.329, 146
Trd, 2591191.579, 145
Trd, 2591192.013, 149
Trd, 2591192.713, 147
Trd, 2591193.129, 149
Trd, 2591193.813, 150
Trd, 2591193.879, 150
Trd, 2591193.996, 150
Trd, 2591195.479, 150
Trd, 2591195.863, 150
Trd, 2591195.929, 150
Trd, 2591197.446, 150
Trd, 2591197.563, 150
Trd, 2591198.229, 150
Trd, 2591198.813, 150
Trd, 2591200.196, 150
Trd, 2591200.246, 150
Trd, 2591200.346, 150
Trd, 2591200.463, 150
Trd, 2591200.546, 150
Trd, 2591200.663, 150
Trd, 2591200.779, 150
Trd, 2591200.796, 150
Trd, 2591200.863, 149
Trd, 2591201.129, 149
Trd, 2591201.396, 150
Trd, 2591202.346, 150
Trd, 2591202.396, 150
Trd, 2591202.596, 150
Trd, 2591202.863, 150
Trd, 2591203.279, 150
Trd, 2591203.479, 149
Trd, 2591203.996, 150
Trd, 2591204.996, 150
Trd, 2591205.179, 150
Trd, 2591206.079, 150
Trd, 2591206.113, 149
Trd, 2591207.929, 150
Trd, 2591208.096, 150
Trd, 2591208.296, 150
Trd, 2591208.479, 150
Trd, 2591208.579, 150
Trd, 2591208.746, 150
Trd, 2591208.813, 149
Trd, 2591208.863, 149
Trd, 2591208.963, 150
Trd, 2591208.979, 148
Trd, 2591209.613, 150
Trd, 2591210.229, 150
Trd, 2591210.279, 150
Trd, 2591210.329, 150
Trd, 2591210.829, 150
Trd, 2591211.329, 150
Trd, 2591211.996, 150
Trd, 2591213.863, 150
Trd, 2591214.213, 150
Trd, 2591214.696, 150
Trd, 2591214.779, 150
Trd, 2591215.079, 150
Trd, 2591215.663, 150
Trd, 2591215.729, 149
Trd, 2591216.313, 150
Trd, 2591216.779, 150
Trd, 2591216.863, 149
Trd, 2591216.879, 149
Trd, 2591216.996, 147
Trd, 2591217.096, 142
Trd, 2591218.396, 135
Trd, 2591218.563, 131
Trd, 2591218.946, 134
Trd, 2591219.046, 133
Trd, 2591219.346, 134
Trd, 2591219.563, 135
Trd, 2591219.646, 135
Trd, 2591219.696, 134
Trd, 2591219.746, 132
Trd, 2591219.829, 127
Trd, 2591220.563, 126
Trd, 2591220.713, 135
Trd, 2591221.129, 148
Trd, 2591221.946, 128
Trd, 2591222.163, 130
Trd, 2591222.546, 130
Trd, 2591225.746, 150
Trd, 2591225.996, 150
Trd, 2591228.029, 150
Trd, 2591228.596, 150
Trd, 2591229.013, 150
Trd, 2591229.629, 150
Trd, 2591229.913, 150
Trd, 2591231.096, 150
Trd, 2591231.179, 150
Trd, 2591231.196, 150
Trd, 2591231.279, 150
Trd, 2591231.313, 150
Trd, 2591231.479, 150
Trd, 2591231.496, 150
Trd, 2591231.529, 150
Trd, 2591231.579, 150
Trd, 2591231.596, 150
Trd, 2591231.696, 150
Trd, 2591231.746, 150
Trd, 2591231.779, 149
Trd, 2591232.046, 149
Trd, 2591232.179, 149
Trd, 2591232.529, 150
Trd, 2591233.313, 150
Trd, 2591233.529, 150
Trd, 2591233.696, 149
Trd, 2591234.079, 146
Trd, 2591234.479, 147
Trd, 2591234.729, 140
Trd, 2591234.763, 148
Trd, 2591234.863, 138
Trd, 2591235.113, 147
Trd, 2591235.229, 137
Trd, 2591235.329, 148
Trd, 2591235.929, 142
Trd, 2591236.263, 147
Trd, 2591236.863, 137
Trd, 2591236.929, 106
Trd, 2591237.079, 147
Trd, 2591237.813, 147
Trd, 2591238.029, 147
Trd, 2591238.379, 148
Trd, 2591238.729, 150
Trd, 2591238.963, 144
Trd, 2591239.679, 149
Trd, 2591239.746, 150
Trd, 2591241.429, 150
Trd, 2591242.979, 150
Trd, 2591243.029, 150
Trd, 2591243.113, 150
Trd, 2591243.246, 150
Trd, 2591243.663, 150
Trd, 2591243.946, 150
Trd, 2591243.996, 150
Trd, 2591244.063, 150
Trd, 2591244.263, 150
Trd, 2591244.563, 150
Trd, 2591244.946, 150
Trd, 2591244.979, 150
Trd, 2591245.796, 150
Trd, 2591245.829, 150
Trd, 2591245.863, 150
Trd, 2591247.163, 150
Trd, 2591248.946, 150
Trd, 2591249.579, 150
Trd, 2591249.629, 150
Trd, 2591250.579, 150
Trd, 2591251.079, 150
Trd, 2591251.546, 150
Trd, 2591251.779, 150
Trd, 2591251.996, 150
Trd, 2591252.279, 150
Trd, 2591252.946, 150
Trd, 2591253.463, 150
Trd, 2591253.846, 150
Trd, 2591254.213, 150
Trd, 2591254.429, 150
Trd, 2591254.446, 150
Trd, 2591254.663, 150
Trd, 2591254.679, 150
Trd, 2591254.696, 150
Trd, 2591254.813, 150
Trd, 2591254.996, 150
Trd, 2591255.229, 150
Trd, 2591255.413, 150
Trd, 2591255.629, 148
Trd, 2591256.046, 150
Trd, 2591256.146, 149
Trd, 2591256.663, 149
Trd, 2591256.929, 148
Trd, 2591257.446, 150
Trd, 2591257.496, 150
Trd, 2591257.896, 150
Trd, 2591258.763, 148
Trd, 2591259.646, 150
Trd, 2591262.163, 150
Trd, 2591262.213, 150
Trd, 2591262.396, 150
Trd, 2591262.613, 149
Trd, 2591262.663, 149
Trd, 2591262.729, 149
Trd, 2591262.829, 148
Trd, 2591263.929, 146
Trd, 2591264.146, 143
Trd, 2591264.246, 141
Trd, 2591264.563, 141
Trd, 2591264.579, 143
Trd, 2591264.713, 137
Trd, 2591264.729, 120
Trd, 2591265.579, 100
Trd, 2591266.146, 100
Trd, 2591266.696, 100
Trd, 2591267.263, 100
Trd, 2591267.829, 101
Trd, 2591267.979, 100
Trd, 2591268.063, 101
Trd, 2591268.396, 116
Trd, 2591268.479, 118
Trd, 2591268.629, 150
Trd, 2591270.763, 150
Trd, 2591271.996, 150
Trd, 2591272.013, 150
Trd, 2591272.046, 150
Trd, 2591272.396, 150
Trd, 2591273.229, 150
Trd, 2591274.379, 150
Trd, 2591274.729, 150
Trd, 2591274.963, 150
Trd, 2591275.029, 150
Trd, 2591275.196, 150
Trd, 2591275.263, 150
Trd, 2591275.329, 150
Trd, 2591275.429, 150
Trd, 2591275.463, 150
Trd, 2591275.629, 149
Trd, 2591275.696, 150
Trd, 2591275.763, 148
Trd, 2591275.996, 148
Trd, 2591276.629, 150
Trd, 2591277.313, 150
Trd, 2591277.779, 150
Trd, 2591277.879, 150
Trd, 2591278.263, 150
Trd, 2591279.896, 150
Trd, 2591279.929, 150
Trd, 2591280.129, 150
Trd, 2591280.329, 150
Trd, 2591280.979, 150
Trd, 2591281.779, 150
Trd, 2591281.846, 149
Trd, 2591282.179, 150
Trd, 2591283.779, 150
Trd, 2591283.796, 150
Trd, 2591284.079, 150
Trd, 2591284.279, 150
Trd, 2591284.996, 150
Trd, 2591285.179, 150
Trd, 2591285.646, 150
Trd, 2591286.413, 149
Trd, 2591286.429, 149
Trd, 2591286.529, 148
Trd, 2591286.729, 150
Trd, 2591287.313, 150
Trd, 2591287.646, 150
Trd, 2591287.879, 150
Trd, 2591288.529, 150
Trd, 2591289.229, 150
Trd, 2591289.496, 150
Trd, 2591291.213, 150
Trd, 2591291.363, 150
Trd, 2591291.696, 150
Trd, 2591291.763, 150
Trd, 2591291.813, 150
Trd, 2591291.829, 150
Trd, 2591292.196, 150
Trd, 2591292.713, 150
Trd, 2591292.729, 150
Trd, 2591293.046, 150
Trd, 2591293.179, 149
Trd, 2591293.196, 149
Trd, 2591293.613, 148
Trd, 2591294.313, 149
Trd, 2591294.496, 147
Trd, 2591294.596, 150
Trd, 2591294.696, 142
Trd, 2591294.896, 149
Trd, 2591295.046, 150
Trd, 2591296.213, 149
Trd, 2591296.329, 147
Trd, 2591296.713, 148
Trd, 2591296.746, 136
Trd, 2591299.179, 150
Trd, 2591299.229, 150
Trd, 2591300.263, 150
Trd, 2591300.713, 150
Trd, 2591301.029, 150
Trd, 2591301.346, 150
Trd, 2591302.146, 150
Trd, 2591302.363, 150
Trd, 2591302.746, 150
Trd, 2591302.946, 150
Trd, 2591303.096, 150
Trd, 2591303.363, 150
Trd, 2591303.813, 150
Trd, 2591303.913, 150
Trd, 2591304.029, 150
Trd, 2591304.646, 150
Trd, 2591304.829, 150
Trd, 2591305.246, 150
Trd, 2591306.363, 150
Trd, 2591306.429, 150
Trd, 2591306.729, 150
Trd, 2591307.163, 150
Trd, 2591307.396, 150
Trd, 2591307.796, 150
Trd, 2591308.313, 150
Trd, 2591310.829, 150
Trd, 2591311.046, 150
Trd, 2591311.096, 150
Trd, 2591311.296, 150
Trd, 2591311.396, 150
Trd, 2591311.513, 150
Trd, 2591311.646, 150
Trd, 2591311.996, 150
Trd, 2591312.046, 150
Trd, 2591312.213, 150
Trd, 2591312.479, 150
Trd, 2591312.496, 150
Trd, 2591312.813, 150
Trd, 2591313.046, 150
Trd, 2591313.646, 150
Trd, 2591313.863, 150
Trd, 2591314.079, 147
Trd, 2591314.513, 149
Trd, 2591315.079, 150
Trd, 2591315.496, 141
Trd, 2591317.563, 150
Trd, 2591317.729, 150
Trd, 2591317.863, 150
Trd, 2591318.096, 150
Trd, 2591318.113, 150
Trd, 2591318.129, 150
Trd, 2591318.146, 150
Trd, 2591318.263, 149
Trd, 2591318.579, 149
Trd, 2591319.146, 148
Trd, 2591319.563, 148
Trd, 2591319.646, 149
Trd, 2591319.729, 147
Trd, 2591319.746, 150
Trd, 2591319.896, 131
Trd, 2591320.546, 148
Trd, 2591320.813, 123
Trd, 2591321.779, 118
Trd, 2591322.313, 107
Trd, 2591322.363, 106
Trd, 2591322.413, 105
Trd, 2591322.646, 103
Trd, 2591322.679, 138
Trd, 2591322.979, 140
Trd, 2591323.479, 102
Trd, 2591323.713, 137
Trd, 2591323.879, 138
Trd, 2591324.379, 140
Trd, 2591325.113, 102
Trd, 2591325.196, 103
Trd, 2591326.529, 100
Trd, 2591327.246, 100
Trd, 2591327.379, 100
Trd, 2591327.713, 100
Trd, 2591327.829, 100
Trd, 2591327.846, 100
Trd, 2591327.913, 102
Trd, 2591328.063, 101
Trd, 2591328.079, 103
Trd, 2591328.379, 101
Trd, 2591328.596, 102
Trd, 2591330.413, 102
Trd, 2591330.679, 102
Trd, 2591330.896, 103
Trd, 2591330.963, 107
Trd, 2591331.213, 103
Trd, 2591332.146, 104
Trd, 2591332.513, 111
Trd, 2591333.146, 109
Trd, 2591334.179, 111
Trd, 2591334.746, 113
Trd, 2591334.896, 114
Trd, 2591334.979, 104
Trd, 2591335.063, 129
Trd, 2591335.463, 128
Trd, 2591335.529, 129
Trd, 2591335.579, 130
Trd, 2591336.313, 150
Trd, 2591336.863, 150
Trd, 2591337.129, 150
Trd, 2591337.163, 150
Trd, 2591337.196, 149
Trd, 2591337.696, 140
Trd, 2591338.763, 149
Trd, 2591339.546, 150
Trd, 2591339.946, 150
Trd, 2591340.063, 150
Trd, 2591340.363, 150
Trd, 2591340.663, 150
Trd, 2591340.696, 149
Trd, 2591340.879, 148
Trd, 2591340.946, 145
Trd, 2591341.563, 150
Trd, 2591342.013, 150
Trd, 2591342.396, 150
Trd, 2591343.046, 150
Trd, 2591343.063, 150
Trd, 2591343.129, 150
Trd, 2591343.246, 150
Trd, 2591343.946, 120
Trd, 2591344.079, 149
Trd, 2591344.279, 108
Trd, 2591345.129, 144
Trd, 2591345.146, 145
Trd, 2591345.479, 146
Trd, 2591346.313, 100
Trd, 2591347.263, 100
Trd, 2591347.363, 100
Trd, 2591348.013, 100
Trd, 2591348.079, 100
Trd, 2591348.546, 100
Trd, 2591349.063, 101
Trd, 2591349.229, 100
Trd, 2591349.513, 100
Trd, 2591350.196, 102
Trd, 2591350.329, 102
Trd, 2591351.213, 104
Trd, 2591351.546, 101
Trd, 2591352.396, 101
Trd, 2591352.646, 101
Trd, 2591352.746, 102
Trd, 2591352.896, 101
Trd, 2591353.329, 101
Trd, 2591353.413, 102
Trd, 2591353.563, 106
Trd, 2591353.846, 101
Trd, 2591355.779, 150
Trd, 2591355.913, 150
Trd, 2591355.946, 150
Trd, 2591356.629, 150
Trd, 2591356.779, 150
Trd, 2591357.713, 150
Trd, 2591357.896, 150
Trd, 2591358.096, 150
Trd, 2591358.229, 150
Trd, 2591358.713, 150
Trd, 2591359.013, 150
Trd, 2591359.363, 150
Trd, 2591359.629, 150
Trd, 2591359.979, 150
Trd, 2591360.696, 150
Trd, 2591360.996, 150
Trd, 2591361.029, 150
Trd, 2591361.363, 150
Trd, 2591361.463, 150
Trd, 2591361.529, 150
Trd, 2591361.679, 150
Trd, 2591361.879, 149
Trd, 2591362.396, 150
Trd, 2591363.446, 150
Trd, 2591363.596, 148
Trd, 2591363.979, 149
Trd, 2591363.996, 148
Trd, 2591364.296, 148
Trd, 2591364.579, 149
Trd, 2591364.596, 147
Trd, 2591364.913, 149
Trd, 2591365.913, 150
Trd, 2591366.079, 150
Trd, 2591367.146, 149
Trd, 2591367.429, 149
Trd, 2591367.563, 149
Trd, 2591367.579, 146
Trd, 2591368.479, 150
Trd, 2591368.579, 150
Trd, 2591368.896, 143
Trd, 2591369.963, 149
Trd, 2591370.563, 150
Trd, 2591372.329, 150
Trd, 2591372.496, 150
Trd, 2591372.513, 150
Trd, 2591372.546, 150
Trd, 2591372.646, 150
Trd, 2591373.796, 150
Trd, 2591373.996, 150
Trd, 2591374.746, 150
Trd, 2591374.813, 150
Trd, 2591374.846, 150
Trd, 2591374.963, 148
Trd, 2591375.129, 147
Trd, 2591375.363, 147
Trd, 2591375.779, 147
Trd, 2591376.013, 131
Trd, 2591376.029, 148
Trd, 2591376.729, 146
Trd, 2591376.946, 134
Trd, 2591377.029, 131
Trd, 2591377.163, 146
Trd, 2591377.596, 147
Trd, 2591378.029, 148
Trd, 2591378.563, 150
Trd, 2591379.779, 150
Trd, 2591380.213, 150
Trd, 2591380.846, 150
Trd, 2591381.329, 150
Trd, 2591381.413, 150
Trd, 2591381.463, 150
Trd, 2591381.546, 150
Trd, 2591381.763, 150
Trd, 2591382.163, 150
Trd, 2591382.796, 150
Trd, 2591382.846, 150
Trd, 2591382.929, 150
Trd, 2591383.363, 150
Trd, 2591383.746, 150
Trd, 2591384.446, 150
Trd, 2591384.496, 150
Trd, 2591384.813, 150
Trd, 2591385.113, 150
Trd, 2591385.929, 150
Trd, 2591386.663, 150
Trd, 2591387.929, 150
Trd, 2591388.379, 150
Trd, 2591388.513, 150
Trd, 2591389.713, 150
Trd, 2591389.963, 150
Trd, 2591389.979, 150
Trd, 2591390.563, 150
Trd, 2591391.229, 150
Trd, 2591392.013, 150
Trd, 2591392.463, 150
Trd, 2591392.496, 150
Trd, 2591393.046, 150
Trd, 2591393.146, 150
Trd, 2591393.179, 150
Trd, 2591393.213, 150
Trd, 2591393.263, 150
Trd, 2591393.379, 150
Trd, 2591393.713, 150
Trd, 2591394.213, 150
Trd, 2591395.729, 150
Trd, 2591396.763, 150
Trd, 2591397.063, 150
Trd, 2591397.329, 150
Trd, 2591397.829, 150
Trd, 2591399.229, 150
Trd, 2591400.013, 150
Trd, 2591400.163, 150
Trd, 2591400.329, 150
Trd, 2591400.429, 150
Trd, 2591400.546, 150
Trd, 2591400.596, 150
Trd, 2591400.896, 150
Trd, 2591400.946, 150
Trd, 2591400.996, 149
Trd, 2591401.013, 149
Trd, 2591401.413, 149
Trd, 2591403.213, 150
Trd, 2591403.696, 150
Trd, 2591404.613, 150
Trd, 2591404.663, 150
Trd, 2591404.713, 150
Trd, 2591405.879, 150
Trd, 2591406.063, 150
Trd, 2591406.146, 150
Trd, 2591407.113, 150
Trd, 2591407.813, 150
Trd, 2591407.829, 150
Trd, 2591407.846, 150
Trd, 2591408.029, 150
Trd, 2591408.263, 150
Trd, 2591408.646, 150
Trd, 2591408.763, 150
Trd, 2591410.696, 150
Trd, 2591410.763, 150
Trd, 2591411.096, 150
Trd, 2591411.179, 150
Trd, 2591411.279, 150
Trd, 2591411.329, 150
Trd, 2591411.463, 150
Trd, 2591411.546, 149
Trd, 2591411.613, 149
Trd, 2591412.096, 149
Trd, 2591412.246, 147
Trd, 2591413.129, 150
Trd, 2591413.229, 150
Trd, 2591414.596, 150
Trd, 2591414.629, 150
Trd, 2591414.896, 150
Trd, 2591414.929, 150
Trd, 2591415.029, 150
Trd, 2591415.613, 150
Trd, 2591416.179, 150
Trd, 2591416.546, 150
Trd, 2591416.863, 150
Trd, 2591417.813, 150
Trd, 2591418.146, 150
Trd, 2591418.229, 150
Trd, 2591418.529, 150
Trd, 2591418.563, 149
Trd, 2591419.479, 150
Trd, 2591419.679, 150
Trd, 2591420.296, 149
Trd, 2591420.729, 150
Trd, 2591420.796, 132
Trd, 2591420.846, 131
Trd, 2591421.279, 125
Trd, 2591421.579, 149
Trd, 2591421.696, 150
Trd, 2591422.346, 148
Trd, 2591422.379, 149
Trd, 2591422.413, 150
Trd, 2591423.479, 142
Trd, 2591424.429, 138
Trd, 2591424.629, 138
Trd, 2591426.046, 150
Trd, 2591427.146, 150
Trd, 2591427.363, 150
Trd, 2591427.446, 150
Trd, 2591427.663, 150
Trd, 2591427.913, 150
Trd, 2591427.946, 150
Trd, 2591428.179, 150
Trd, 2591428.229, 150
Trd, 2591428.413, 150
Trd, 2591428.429, 150
Trd, 2591429.179, 150
Trd, 2591429.196, 149
Trd, 2591429.229, 148
Trd, 2591429.663, 149
Trd, 2591429.929, 149
Trd, 2591430.079, 148
Trd, 2591430.146, 149
Trd, 2591431.429, 150
Trd, 2591431.463, 149
Trd, 2591432.413, 149
Trd, 2591432.563, 150
Trd, 2591433.763, 150
Trd, 2591433.779, 150
Trd, 2591434.629, 150
Trd, 2591435.213, 150
Trd, 2591435.563, 150
Trd, 2591436.946, 150
Trd, 2591437.679, 150
Trd, 2591437.746, 150
Trd, 2591437.863, 150
Trd, 2591437.946, 150
Trd, 2591437.979, 150
Trd, 2591438.296, 150
Trd, 2591438.496, 150
Trd, 2591438.546, 150
Trd, 2591438.846, 150
Trd, 2591439.696, 150
Trd, 2591439.763, 150
Trd, 2591440.779, 150
Trd, 2591440.946, 150
Trd, 2591441.679, 150
Trd, 2591441.746, 150
Trd, 2591441.763, 149
Trd, 2591442.046, 149
Trd, 2591442.213, 150
Trd, 2591442.363, 150
Trd, 2591443.029, 150
Trd, 2591443.063, 150
Trd, 2591443.163, 150
Trd, 2591443.546, 150
Trd, 2591444.796, 150
Trd, 2591444.946, 150
Trd, 2591445.146, 150
Trd, 2591445.396, 142
Trd, 2591445.696, 147
Trd, 2591445.963, 146
Trd, 2591446.246, 146
Trd, 2591446.946, 145
Trd, 2591447.113, 146
Trd, 2591447.546, 142
Trd, 2591447.663, 131
Trd, 2591447.729, 147
Trd, 2591448.229, 147
Trd, 2591448.696, 117
Trd, 2591449.513, 150
Trd, 2591449.779, 147
Trd, 2591450.446, 147
Trd, 2591450.646, 146
Trd, 2591450.696, 143
Trd, 2591451.313, 150
Trd, 2591451.663, 150
Trd, 2591452.146, 149
Trd, 2591452.313, 147
Trd, 2591453.313, 150
Trd, 2591455.429, 150
Trd, 2591455.613, 150
Trd, 2591455.729, 150
Trd, 2591456.213, 150
Trd, 2591456.463, 150
Trd, 2591456.679, 150
Trd, 2591456.796, 150
Trd, 2591456.946, 149
Trd, 2591456.996, 140
Trd, 2591457.029, 127
Trd, 2591457.413, 150
Trd, 2591457.896, 149
Trd, 2591457.913, 148
Trd, 2591458.113, 148
Trd, 2591458.279, 150
Trd, 2591458.846, 149
Trd, 2591459.096, 150
Trd, 2591459.229, 149
Trd, 2591459.429, 148
Trd, 2591460.463, 150
Trd, 2591460.563, 142
Trd, 2591461.746, 150
Trd, 2591462.813, 150
Trd, 2591463.813, 150
Trd, 2591464.129, 150
Trd, 2591464.429, 150
Trd, 2591465.679, 150
Trd, 2591465.879, 150
Trd, 2591466.129, 150
Trd, 2591466.179, 149
Trd, 2591466.429, 149
Trd, 2591466.479, 150
Trd, 2591466.496, 147
Trd, 2591466.779, 147
Trd, 2591466.813, 143
Trd, 2591467.496, 143
Trd, 2591467.729, 144
Trd, 2591467.846, 145
Trd, 2591468.079, 146
Trd, 2591468.196, 147
Trd, 2591468.379, 143
Trd, 2591469.663, 150
Trd, 2591470.429, 150
Trd, 2591471.263, 150
Trd, 2591471.729, 150
Trd, 2591472.796, 150
Trd, 2591473.379, 150
Trd, 2591474.329, 150
Trd, 2591474.413, 150
Trd, 2591474.579, 150
Trd, 2591475.163, 150
Trd, 2591475.313, 150
Trd, 2591475.346, 150
Trd, 2591475.613, 150
Trd, 2591475.896, 150
Trd, 2591476.913, 150
Trd, 2591477.079, 150
Trd, 2591477.146, 150
Trd, 2591477.163, 150
Trd, 2591477.313, 149
Trd, 2591477.463, 149
Trd, 2591477.646, 150
Trd, 2591477.813, 150
Trd, 2591478.313, 150
Trd, 2591478.529, 150
Trd, 2591478.979, 150
Trd, 2591479.096, 150
Trd, 2591479.713, 150
Trd, 2591479.996, 150
Trd, 2591480.079, 150
Trd, 2591480.913, 150
Trd, 2591480.996, 150
Trd, 2591481.013, 150
Trd, 2591481.313, 149
Trd, 2591482.129, 150
Trd, 2591482.196, 150
Trd, 2591482.296, 138
Trd, 2591482.629, 148
Trd, 2591482.863, 150
Trd, 2591483.063, 130
Trd, 2591483.963, 150
Trd, 2591486.196, 150
Trd, 2591486.396, 150
Trd, 2591486.446, 150
Trd, 2591487.096, 150
Trd, 2591487.429, 150
Trd, 2591487.963, 150
Trd, 2591488.646, 150
Trd, 2591488.929, 150
Trd, 2591489.046, 150
Trd, 2591489.379, 150
Trd, 2591489.546, 150
Trd, 2591490.163, 150
Trd, 2591490.763, 150
Trd, 2591490.863, 150
Trd, 2591491.013, 150
Trd, 2591491.063, 150
Trd, 2591491.296, 149
Trd, 2591491.479, 149
Trd, 2591492.163, 150
Trd, 2591492.763, 150
Trd, 2591494.196, 150
Trd, 2591494.413, 150
Trd, 2591494.546, 143
Trd, 2591495.329, 150
Trd, 2591495.346, 149
Trd, 2591495.763, 131
Trd, 2591496.463, 149
Trd, 2591496.563, 148
Trd, 2591496.596, 149
Trd, 2591496.629, 150
Trd, 2591496.646, 127
Trd, 2591497.196, 150
Trd, 2591497.229, 150
Trd, 2591497.363, 150
Trd, 2591497.413, 150
Trd, 2591497.563, 150
Trd, 2591497.596, 149
Trd, 2591497.879, 111
Trd, 2591498.163, 148
Trd, 2591498.396, 149
Trd, 2591499.146, 113
Trd, 2591499.163, 120
Trd, 2591499.479, 120
Trd, 2591500.596, 122
Trd, 2591501.363, 120
Trd, 2591501.579, 119
Trd, 2591502.713, 147
Trd, 2591504.663, 150
Trd, 2591505.513, 150
Trd, 2591505.746, 150
Trd, 2591506.213, 150
Trd, 2591506.363, 150
Trd, 2591506.529, 150
Trd, 2591506.563, 150
Trd, 2591506.963, 150
Trd, 2591507.179, 150
Trd, 2591507.929, 149
Trd, 2591507.996, 149
Trd, 2591508.146, 147
Trd, 2591508.396, 149
Trd, 2591508.496, 134
Trd, 2591509.179, 146
Trd, 2591509.296, 131
Trd, 2591510.196, 142
Trd, 2591510.429, 142
Trd, 2591510.596, 145
Trd, 2591510.813, 131
Trd, 2591510.913, 122
Trd, 2591510.946, 146
Trd, 2591512.646, 150
Trd, 2591512.829, 150
Trd, 2591515.196, 150
Trd, 2591515.479, 150
Trd, 2591515.546, 150
Trd, 2591515.896, 150
Trd, 2591516.063, 150
Trd, 2591516.729, 150
Trd, 2591517.013, 150
Trd, 2591517.196, 150
Trd, 2591517.246, 150
Trd, 2591517.579, 150
Trd, 2591517.696, 150
Trd, 2591517.829, 150
Trd, 2591517.863, 150
Trd, 2591518.063, 150
Trd, 2591518.263, 150
Trd, 2591518.446, 150
Trd, 2591518.763, 149
Trd, 2591518.796, 148
Trd, 2591519.379, 150
Trd, 2591519.513, 150
Trd, 2591519.913, 138
Trd, 2591521.263, 150
Trd, 2591521.896, 150
Trd, 2591522.246, 150
Trd, 2591522.346, 150
Trd, 2591523.729, 150
Trd, 2591524.096, 150
Trd, 2591524.879, 148
Trd, 2591525.929, 150
Trd, 2591526.246, 150
Trd, 2591527.146, 150
Trd, 2591527.463, 150
Trd, 2591527.613, 150
Trd, 2591527.763, 150
Trd, 2591528.079, 150
Trd, 2591528.196, 150
Trd, 2591528.396, 150
Trd, 2591528.663, 149
Trd, 2591528.679, 149
Trd, 2591528.696, 149
Trd, 2591528.913, 149
Trd, 2591528.946, 150
Trd, 2591529.346, 150
Trd, 2591529.463, 149
Trd, 2591529.946, 149
Trd, 2591530.296, 146
Trd, 2591531.079, 150
Trd, 2591531.546, 150
Trd, 2591533.563, 150
Trd, 2591533.663, 150
Trd, 2591533.696, 150
Trd, 2591533.729, 150
Trd, 2591533.779, 150
Trd, 2591533.979, 149
Trd, 2591534.263, 146
Trd, 2591534.863, 143
Trd, 2591535.663, 135
Trd, 2591536.213, 131
Trd, 2591536.379, 131
Trd, 2591536.446, 130
Trd, 2591536.496, 131
Trd, 2591536.729, 131
Trd, 2591537.296, 130
Trd, 2591537.379, 131
Trd, 2591537.479, 120
Trd, 2591537.563, 132
Trd, 2591538.263, 150
Trd, 2591538.329, 120
Trd, 2591539.696, 150
Trd, 2591540.679, 150
Trd, 2591541.063, 150
Trd, 2591541.263, 150
Trd, 2591541.546, 150
Trd, 2591541.729, 150
Trd, 2591541.996, 150
Trd, 2591542.296, 150
Trd, 2591542.479, 150
Trd, 2591542.863, 150
Trd, 2591543.813, 150
Trd, 2591544.296, 150
Trd, 2591544.413, 150
Trd, 2591544.596, 150
Trd, 2591544.679, 150
Trd, 2591545.863, 150
Trd, 2591546.246, 150
Trd, 2591546.596, 150
Trd, 2591546.896, 150
Trd, 2591547.479, 150
Trd, 2591547.679, 150
Trd, 2591547.713, 150
Trd, 2591547.979, 149
Trd, 2591548.279, 150
Trd, 2591548.563, 148
Trd, 2591548.813, 117
Trd, 2591550.046, 150
Trd, 2591550.429, 150
Trd, 2591551.713, 150
Trd, 2591551.879, 150
Trd, 2591552.246, 150
Trd, 2591552.646, 150
Trd, 2591552.763, 150
Trd, 2591553.596, 150
Trd, 2591553.846, 150
Trd, 2591553.863, 150
Trd, 2591553.996, 150
Trd, 2591554.013, 150
Trd, 2591554.146, 150
Trd, 2591554.279, 149
Trd, 2591555.279, 143
Trd, 2591555.313, 144
Trd, 2591556.063, 143
Trd, 2591556.113, 145
Trd, 2591556.413, 146
Trd, 2591556.613, 149
Trd, 2591556.813, 148
Trd, 2591556.896, 149
Trd, 2591558.146, 119
Trd, 2591558.196, 118
Trd, 2591558.663, 150
Trd, 2591558.829, 126
Trd, 2591560.363, 150
Trd, 2591560.896, 150
Trd, 2591560.963, 150
Trd, 2591561.096, 150
Trd, 2591561.279, 150
Trd, 2591562.063, 150
Trd, 2591562.946, 150
Trd, 2591562.996, 150
Trd, 2591563.029, 150
Trd, 2591563.096, 150
Trd, 2591563.213, 149
Trd, 2591563.296, 149
Trd, 2591563.313, 150
Trd, 2591563.546, 149
Trd, 2591563.913, 149
Trd, 2591564.096, 141
Trd, 2591564.629, 147
Trd, 2591564.913, 141
Trd, 2591565.263, 140
Trd, 2591565.696, 139
Trd, 2591565.713, 145
Trd, 2591565.863, 135
Trd, 2591566.563, 141
Trd, 2591567.113, 141
Trd, 2591567.179, 142
Trd, 2591567.229, 143
Trd, 2591567.813, 149
Trd, 2591568.713, 142
Trd, 2591569.079, 150
Trd, 2591569.846, 143
Trd, 2591569.879, 141
Trd, 2591570.113, 114
Trd, 2591571.029, 125
Trd, 2591571.663, 100
Trd, 2591572.363, 100
Trd, 2591572.879, 100
Trd, 2591573.113, 100
Trd, 2591573.296, 100
Trd, 2591573.463, 100
Trd, 2591573.496, 100
Trd, 2591573.613, 100
Trd, 2591573.679, 100
Trd, 2591573.829, 100
Trd, 2591574.096, 101
Trd, 2591574.729, 103
Trd, 2591575.046, 150
Trd, 2591575.513, 118
Trd, 2591576.063, 117
Trd, 2591576.429, 137
Trd, 2591576.763, 150
Trd, 2591577.063, 148
Trd, 2591578.463, 150
Trd, 2591579.313, 150
Trd, 2591579.546, 150
Trd, 2591580.579, 150
Trd, 2591580.963, 150
Trd, 2591581.113, 150
Trd, 2591581.279, 150
Trd, 2591581.296, 150
Trd, 2591581.329, 150
Trd, 2591581.363, 150
Trd, 2591581.563, 150
Trd, 2591581.746, 148
Trd, 2591581.846, 147
Trd, 2591582.096, 132
Trd, 2591582.196, 112
Trd, 2591582.279, 149
Trd, 2591582.596, 149
Trd, 2591582.613, 150
Trd, 2591583.079, 150
Trd, 2591583.696, 114
Trd, 2591584.429, 150
Trd, 2591584.496, 150
Trd, 2591586.046, 150
Trd, 2591586.629, 150
Trd, 2591586.646, 150
Trd, 2591586.963, 150
Trd, 2591587.596, 150
Trd, 2591588.196, 150
Trd, 2591588.396, 150
Trd, 2591588.529, 150
Trd, 2591588.663, 149
Trd, 2591588.679, 149
Trd, 2591588.879, 149
Trd, 2591588.946, 149
Trd, 2591589.063, 148
Trd, 2591589.129, 149
Trd, 2591589.863, 145
Trd, 2591590.129, 150
Trd, 2591590.596, 150
Trd, 2591591.346, 149
Trd, 2591591.463, 150
Trd, 2591591.763, 145
Trd, 2591591.979, 135
Trd, 2591592.263, 127
Trd, 2591592.696, 148
Trd, 2591592.713, 146
Trd, 2591592.879, 128
Trd, 2591593.363, 100
Trd, 2591594.113, 100
Trd, 2591594.529, 101
Trd, 2591595.296, 100
Trd, 2591596.163, 150
Trd, 2591596.413, 150
Trd, 2591596.613, 148
Trd, 2591597.329, 147
Trd, 2591597.346, 148
Trd, 2591597.613, 150
Trd, 2591597.946, 106
Trd, 2591598.679, 148
Trd, 2591598.763, 148
Trd, 2591598.829, 147
Trd, 2591600.529, 100
Trd, 2591601.929, 100
Trd, 2591601.963, 100
Trd, 2591602.363, 100
Trd, 2591603.296, 100
Trd, 2591604.079, 100
Trd, 2591605.663, 100
Trd, 2591605.763, 100
Trd, 2591605.813, 100
Trd, 2591605.979, 100
Trd, 2591606.063, 103
Trd, 2591606.179, 106
Trd, 2591606.546, 114
Trd, 2591606.613, 108
Trd, 2591606.746, 106
Trd, 2591606.896, 120
Trd, 2591607.179, 111
Trd, 2591607.563, 111
Trd, 2591607.613, 110
Trd, 2591607.746, 109
Trd, 2591608.029, 110
Trd, 2591608.296, 114
Trd, 2591608.729, 112
Trd, 2591608.829, 111
Trd, 2591608.946, 118
Trd, 2591609.096, 110
Trd, 2591609.229, 109
Trd, 2591609.579, 116
Trd, 2591610.029, 112
Trd, 2591610.346, 114
Trd, 2591610.429, 109
Trd, 2591610.446, 101
Trd, 2591610.663, 115
Trd, 2591611.479, 115
Trd, 2591612.263, 112
Trd, 2591612.779, 114
Trd, 2591613.363, 100
Trd, 2591613.829, 100
Trd, 2591614.663, 150
Trd, 2591614.779, 150
Trd, 2591615.029, 150
Trd, 2591615.346, 150
Trd, 2591615.846, 150
Trd, 2591616.346, 150
Trd, 2591616.396, 149
Trd, 2591619.113, 150
Trd, 2591619.313, 150
Trd, 2591619.596, 150
Trd, 2591620.529, 150
Trd, 2591620.563, 150
Trd, 2591620.613, 150
Trd, 2591620.679, 150
Trd, 2591620.996, 150
Trd, 2591621.113, 150
Trd, 2591621.163, 150
Trd, 2591621.296, 150
Trd, 2591621.913, 150
Trd, 2591621.996, 150
Trd, 2591622.563, 148
Trd, 2591622.679, 149
Trd, 2591622.979, 150
Trd, 2591623.063, 146
Trd, 2591623.179, 144
Trd, 2591623.213, 136
Trd, 2591623.813, 150
Trd, 2591623.846, 150
Trd, 2591624.179, 149
Trd, 2591624.396, 149
Trd, 2591624.479, 150
Trd, 2591628.196, 150
Trd, 2591628.496, 150
Trd, 2591629.629, 150
Trd, 2591630.296, 150
Trd, 2591630.763, 150
Trd, 2591631.513, 150
Trd, 2591631.529, 150
Trd, 2591631.646, 150
Trd, 2591631.779, 150
Trd, 2591631.796, 150
Trd, 2591632.046, 150
Trd, 2591632.113, 150
Trd, 2591632.646, 150
Trd, 2591632.679, 150
Trd, 2591632.896, 150
Trd, 2591632.979, 150
Trd, 2591633.213, 150
Trd, 2591633.263, 150
Trd, 2591633.846, 145
Trd, 2591633.996, 146
Trd, 2591634.179, 139
Trd, 2591634.213, 147
Trd, 2591634.413, 148
Trd, 2591634.613, 131
Trd, 2591634.946, 149
Trd, 2591635.313, 102
Trd, 2591635.763, 103
Trd, 2591636.746, 150
Trd, 2591639.163, 150
Trd, 2591640.046, 150
Trd, 2591640.846, 150
Trd, 2591640.979, 150
Trd, 2591641.513, 150
Trd, 2591641.563, 150
Trd, 2591641.663, 150
Trd, 2591641.879, 150
Trd, 2591642.196, 150
Trd, 2591642.779, 150
Trd, 2591643.179, 150
Trd, 2591643.213, 150
Trd, 2591643.379, 150
Trd, 2591643.596, 150
Trd, 2591643.729, 150
Trd, 2591643.813, 149
Trd, 2591644.096, 149
Trd, 2591644.146, 150
Trd, 2591644.413, 150
Trd, 2591644.596, 149
Trd, 2591645.063, 150
Trd, 2591645.296, 150
Trd, 2591645.863, 133
Trd, 2591646.263, 147
Trd, 2591646.379, 146
Trd, 2591647.579, 147
Trd, 2591647.946, 138
Trd, 2591648.213, 147
Trd, 2591649.446, 150
Trd, 2591649.763, 150
Trd, 2591650.179, 150
Trd, 2591650.379, 150
Trd, 2591651.029, 150
Trd, 2591651.113, 150
Trd, 2591651.613, 150
Trd, 2591651.779, 150
Trd, 2591651.896, 150
Trd, 2591652.696, 150
Trd, 2591652.846, 150
Trd, 2591653.429, 150
Trd, 2591653.513, 150
Trd, 2591653.546, 150
Trd, 2591653.613, 150
Trd, 2591653.813, 149
Trd, 2591654.579, 150
Trd, 2591654.746, 149
Trd, 2591654.896, 150
Trd, 2591654.913, 148
Trd, 2591655.713, 147
Trd, 2591656.796, 150
Trd, 2591656.979, 150
Trd, 2591657.013, 150
Trd, 2591657.463, 150
Trd, 2591660.896, 150
Trd, 2591661.063, 150
Trd, 2591661.229, 150
Trd, 2591661.529, 150
Trd, 2591661.579, 150
Trd, 2591661.613, 150
Trd, 2591661.729, 150
Trd, 2591661.779, 150
Trd, 2591661.813, 150
Trd, 2591662.146, 150
Trd, 2591662.413, 150
Trd, 2591662.646, 150
Trd, 2591662.713, 150
Trd, 2591663.079, 150
Trd, 2591663.229, 148
Trd, 2591663.513, 148
Trd, 2591663.596, 147
Trd, 2591663.746, 149
Trd, 2591663.929, 143
Trd, 2591664.529, 147
Trd, 2591664.613, 131
Trd, 2591665.296, 103
Trd, 2591665.546, 150
Trd, 2591666.246, 150
Trd, 2591666.329, 150
Trd, 2591666.446, 150
Trd, 2591666.896, 150
Trd, 2591667.046, 150
Trd, 2591667.696, 150
Trd, 2591668.296, 150
Trd, 2591669.096, 150
Trd, 2591669.263, 150
Trd, 2591669.546, 150
Trd, 2591669.963, 150
Trd, 2591670.129, 150
Trd, 2591670.163, 150
Trd, 2591670.529, 150
Trd, 2591670.646, 150
Trd, 2591670.763, 150
Trd, 2591671.263, 148
Trd, 2591671.663, 147
Trd, 2591672.029, 145
Trd, 2591672.229, 145
Trd, 2591672.763, 146
Trd, 2591672.863, 139
Trd, 2591673.013, 147
Trd, 2591673.996, 150
Trd, 2591674.363, 148
Trd, 2591675.879, 146
Trd, 2591675.946, 145
Trd, 2591677.696, 144
Trd, 2591677.796, 133
Trd, 2591678.496, 136
Trd, 2591678.629, 133
Trd, 2591678.663, 135
Trd, 2591679.029, 135
Trd, 2591679.213, 135
Trd, 2591679.246, 134
Trd, 2591679.463, 135
Trd, 2591679.629, 134
Trd, 2591680.213, 135
Trd, 2591680.396, 134
Trd, 2591680.846, 150
Trd, 2591681.013, 150
Trd, 2591681.379, 149
Trd, 2591681.879, 150
Trd, 2591682.213, 150
Trd, 2591682.313, 149
Trd, 2591683.063, 150
Trd, 2591683.529, 150
Trd, 2591684.463, 150
Trd, 2591684.546, 150
Trd, 2591684.746, 150
Trd, 2591685.713, 150
Trd, 2591685.729, 150
Trd, 2591685.829, 150
Trd, 2591686.163, 148
Trd, 2591686.413, 148
Trd, 2591686.729, 148
Trd, 2591686.829, 146
Trd, 2591687.263, 143
Trd, 2591687.446, 131
Trd, 2591687.546, 128
Trd, 2591687.796, 138
Trd, 2591688.246, 138
Trd, 2591688.579, 120
Trd, 2591688.963, 135
Trd, 2591689.713, 132
Trd, 2591689.779, 134
Trd, 2591690.496, 109
Trd, 2591690.996, 108
Trd, 2591691.079, 131
Trd, 2591691.146, 107
Trd, 2591691.446, 131
Trd, 2591692.446, 127
Trd, 2591692.546, 110
Trd, 2591693.079, 125
Trd, 2591693.196, 126
Trd, 2591693.213, 130
Trd, 2591694.246, 150
Trd, 2591694.496, 150
Trd, 2591694.513, 149
Trd, 2591694.746, 150
Trd, 2591695.013, 149
Trd, 2591697.029, 129
Trd, 2591697.079, 126
Trd, 2591697.146, 125
Trd, 2591697.213, 124
Trd, 2591697.246, 114
Trd, 2591697.596, 127
Trd, 2591698.113, 130
Trd, 2591698.246, 131
Trd, 2591698.796, 130
Trd, 2591698.879, 101
Trd, 2591700.279, 100
Trd, 2591700.329, 100
Trd, 2591700.396, 100
Trd, 2591700.963, 100
Trd, 2591701.463, 100
Trd, 2591701.713, 100
Trd, 2591702.229, 100
Trd, 2591702.979, 100
Trd, 2591702.996, 103
Trd, 2591703.063, 105
Trd, 2591703.529, 109
Trd, 2591703.729, 110
Trd, 2591703.979, 111
Trd, 2591704.363, 104
Trd, 2591705.529, 106
Trd, 2591706.079, 120
Trd, 2591706.479, 110
Trd, 2591707.229, 116
Trd, 2591707.663, 115
Trd, 2591708.113, 114
Trd, 2591708.179, 114
Trd, 2591708.296, 115
Trd, 2591708.379, 114
Trd, 2591708.529, 114
Trd, 2591708.579, 115
Trd, 2591708.696, 144
Trd, 2591708.729, 113
Trd, 2591708.846, 144
Trd, 2591708.979, 112
Trd, 2591710.513, 150
Trd, 2591711.663, 150
Trd, 2591711.913, 150
Trd, 2591712.296, 150
Trd, 2591712.529, 150
Trd, 2591712.663, 150
Trd, 2591712.779, 150
Trd, 2591713.029, 150
Trd, 2591713.496, 150
Trd, 2591713.696, 150
Trd, 2591713.913, 150
Trd, 2591713.979, 150
Trd, 2591715.196, 150
Trd, 2591715.346, 150
Trd, 2591715.563, 150
Trd, 2591715.813, 132
Trd, 2591715.846, 122
Trd, 2591716.279, 149
Trd, 2591716.496, 100
Trd, 2591717.829, 100
Trd, 2591718.029, 100
Trd, 2591718.046, 101
Trd, 2591718.779, 102
Trd, 2591718.879, 101
Trd, 2591719.079, 102
Trd, 2591719.779, 102
Trd, 2591720.029, 102
Trd, 2591720.546, 104
Trd, 2591720.596, 109
Trd, 2591720.763, 119
Trd, 2591721.296, 150
Trd, 2591722.379, 150
Trd, 2591723.579, 150
Trd, 2591723.779, 150
Trd, 2591723.996, 150
Trd, 2591724.129, 150
Trd, 2591725.529, 150
Trd, 2591725.779, 150
Trd, 2591726.646, 150
Trd, 2591726.796, 150
Trd, 2591726.979, 150
Trd, 2591727.146, 150
Trd, 2591727.246, 150
Trd, 2591727.379, 150
Trd, 2591727.563, 150
Trd, 2591728.296, 150
Trd, 2591728.413, 150
Trd, 2591728.779, 150
Trd, 2591729.846, 149
Trd, 2591729.979, 150
Trd, 2591730.213, 150
Trd, 2591730.346, 148
Trd, 2591730.996, 150
Trd, 2591731.029, 149
Trd, 2591731.396, 149
Trd, 2591731.646, 132
Trd, 2591731.729, 132
Trd, 2591731.863, 131
Trd, 2591731.929, 130
Trd, 2591733.079, 150
Trd, 2591733.446, 150
Trd, 2591734.079, 150
Trd, 2591734.129, 150
Trd, 2591735.413, 150
Trd, 2591735.663, 150
Trd, 2591735.896, 150
Trd, 2591738.363, 150
Trd, 2591738.379, 150
Trd, 2591739.779, 150
Trd, 2591740.146, 150
Trd, 2591741.196, 150
Trd, 2591741.479, 150
Trd, 2591741.713, 150
Trd, 2591741.829, 150
Trd, 2591742.046, 150
Trd, 2591742.179, 150
Trd, 2591742.296, 150
Trd, 2591742.396, 150
Trd, 2591742.563, 150
Trd, 2591742.579, 150
Trd, 2591742.829, 150
Trd, 2591742.846, 150
Trd, 2591742.913, 150
Trd, 2591743.279, 150
Trd, 2591743.513, 150
Trd, 2591744.163, 150
Trd, 2591744.429, 150
Trd, 2591744.529, 150
Trd, 2591745.279, 150
Trd, 2591745.479, 149
Trd, 2591746.346, 150
Trd, 2591746.746, 150
Trd, 2591747.979, 150
Trd, 2591749.163, 150
Trd, 2591749.263, 150
Trd, 2591750.829, 150
Trd, 2591750.963, 150
Trd, 2591751.079, 150
Trd, 2591751.263, 149
Trd, 2591751.963, 150
Trd, 2591752.529, 150
Trd, 2591752.646, 150
Trd, 2591752.746, 150
Trd, 2591752.763, 150
Trd, 2591752.963, 150
Trd, 2591753.129, 150
Trd, 2591753.429, 150
Trd, 2591753.446, 150
Trd, 2591753.563, 150
Trd, 2591753.596, 150
Trd, 2591753.696, 150
Trd, 2591753.896, 150
Trd, 2591754.496, 150
Trd, 2591754.646, 150
Trd, 2591755.263, 150
Trd, 2591755.396, 150
Trd, 2591755.563, 150
Trd, 2591755.629, 150
Trd, 2591755.646, 150
Trd, 2591755.779, 150
Trd, 2591756.929, 149
Trd, 2591757.196, 147
Trd, 2591757.246, 146
Trd, 2591757.296, 131
Trd, 2591757.396, 148
Trd, 2591757.829, 100
Trd, 2591757.846, 100
Trd, 2591758.363, 100
Trd, 2591758.763, 100
Trd, 2591759.513, 100
Trd, 2591760.246, 100
Trd, 2591760.296, 100
Trd, 2591760.513, 100
Trd, 2591760.996, 103
Trd, 2591761.079, 106
Trd, 2591762.046, 101
Trd, 2591762.913, 101
Trd, 2591763.246, 102
Trd, 2591763.713, 109
Trd, 2591763.979, 104
Trd, 2591764.213, 104
Trd, 2591764.896, 108
Trd, 2591765.696, 103
Trd, 2591765.896, 106
Trd, 2591766.529, 105
Trd, 2591767.679, 101
Trd, 2591767.913, 102
Trd, 2591768.613, 100
Trd, 2591768.729, 100
Trd, 2591770.229, 100
Trd, 2591770.946, 100
Trd, 2591771.213, 100
Trd, 2591771.546, 100
Trd, 2591771.613, 100
Trd, 2591772.296, 100
Trd, 2591772.363, 100
Trd, 2591772.813, 100
Trd, 2591773.413, 100
Trd, 2591773.429, 100
Trd, 2591773.529, 100
Trd, 2591773.679, 101
Trd, 2591773.929, 101
Trd, 2591774.429, 101
Trd, 2591774.713, 101
Trd, 2591774.963, 102
Trd, 2591775.079, 101
Trd, 2591775.546, 102
Trd, 2591775.863, 105
Trd, 2591775.946, 103
Trd, 2591776.629, 102
Trd, 2591777.263, 102
Trd, 2591777.396, 101
Trd, 2591778.646, 150
Trd, 2591779.979, 150
Trd, 2591780.113, 150
Trd, 2591780.479, 150
Trd, 2591781.163, 150
Trd, 2591781.446, 150
Trd, 2591781.596, 150
Trd, 2591781.813, 150
Trd, 2591781.829, 150
Trd, 2591782.246, 150
Trd, 2591783.063, 150
Trd, 2591783.763, 150
Trd, 2591783.779, 150
Trd, 2591783.813, 150
Trd, 2591783.896, 149
Trd, 2591784.096, 150
Trd, 2591784.129, 150
Trd, 2591784.846, 150
Trd, 2591785.096, 150
Trd, 2591785.179, 150
Trd, 2591785.229, 150
Trd, 2591785.329, 150
Trd, 2591786.563, 150
Trd, 2591787.146, 150
Trd, 2591788.863, 150
Trd, 2591789.596, 150
Trd, 2591789.913, 150
Trd, 2591791.063, 150
Trd, 2591791.263, 150
Trd, 2591792.063, 150
Trd, 2591792.113, 150
Trd, 2591792.446, 150
Trd, 2591792.846, 150
Trd, 2591793.129, 150
Trd, 2591793.213, 150
Trd, 2591793.279, 150
Trd, 2591793.663, 150
Trd, 2591793.846, 150
Trd, 2591794.013, 150
Trd, 2591794.213, 149
Trd, 2591794.396, 148
Trd, 2591794.446, 148
Trd, 2591795.179, 143
Trd, 2591795.579, 143
Trd, 2591795.796, 127
Trd, 2591795.979, 130
Trd, 2591796.179, 125
Trd, 2591797.396, 135
Trd, 2591797.413, 136
Trd, 2591797.429, 134
Trd, 2591797.579, 135
Trd, 2591797.929, 133
Trd, 2591798.079, 133
Trd, 2591798.179, 110
Trd, 2591798.313, 133
Trd, 2591798.896, 132
Trd, 2591799.596, 133
Trd, 2591799.646, 124
Trd, 2591800.463, 132
Trd, 2591800.646, 133
Trd, 2591800.929, 125
Trd, 2591801.479, 150
Trd, 2591801.663, 150
Trd, 2591802.196, 150
Trd, 2591803.046, 150
Trd, 2591803.796, 150
Trd, 2591803.879, 150
Trd, 2591803.996, 150
Trd, 2591804.179, 150
Trd, 2591804.363, 150
Trd, 2591804.679, 150
Trd, 2591804.863, 150
Trd, 2591805.263, 149
Trd, 2591805.479, 150
Trd, 2591805.813, 150
Trd, 2591806.096, 149
Trd, 2591806.196, 150
Trd, 2591806.279, 150
Trd, 2591806.329, 148
Trd, 2591806.363, 146
Trd, 2591806.796, 102
Trd, 2591807.279, 104
Trd, 2591807.496, 104
Trd, 2591807.913, 149
Trd, 2591809.296, 150
Trd, 2591809.446, 150
Trd, 2591809.579, 150
Trd, 2591809.696, 150
Trd, 2591809.746, 150
Trd, 2591809.863, 150
Trd, 2591810.129, 150
Trd, 2591810.496, 150
Trd, 2591811.063, 150
Trd, 2591812.079, 150
Trd, 2591812.513, 150
Trd, 2591813.446, 150
Trd, 2591814.113, 149
Trd, 2591815.479, 150
Trd, 2591816.546, 150
Trd, 2591817.013, 150
Trd, 2591817.929, 150
Trd, 2591818.529, 150
Trd, 2591818.696, 150
Trd, 2591819.046, 150
Trd, 2591819.079, 150
Trd, 2591819.296, 150
Trd, 2591819.313, 150
Trd, 2591819.479, 150
Trd, 2591819.646, 150
Trd, 2591819.813, 150
Trd, 2591820.279, 150
Trd, 2591820.513, 150
Trd, 2591820.596, 150
Trd, 2591820.796, 150
Trd, 2591820.979, 150
Trd, 2591821.163, 150
Trd, 2591822.013, 150
Trd, 2591822.163, 150
Trd, 2591823.396, 150
Trd, 2591823.579, 150
Trd, 2591823.729, 150
Trd, 2591823.763, 150
Trd, 2591823.946, 149
Trd, 2591825.113, 150
Trd, 2591827.279, 150
Trd, 2591827.663, 150
Trd, 2591827.929, 150
Trd, 2591828.346, 150
Trd, 2591829.229, 150
Trd, 2591830.796, 150
Trd, 2591831.029, 150
Trd, 2591831.046, 150
Trd, 2591831.079, 150
Trd, 2591831.163, 150
Trd, 2591832.046, 150
Trd, 2591832.063, 150
Trd, 2591832.263, 150
Trd, 2591832.363, 150
Trd, 2591832.379, 150
Trd, 2591832.413, 150
Trd, 2591832.429, 150
Trd, 2591833.129, 150
Trd, 2591833.329, 150
Trd, 2591833.413, 150
Trd, 2591833.646, 150
Trd, 2591833.863, 150
Trd, 2591834.446, 150
Trd, 2591834.846, 150
Trd, 2591835.246, 150
Trd, 2591835.363, 150
Trd, 2591835.829, 150
Trd, 2591835.979, 150
Trd, 2591836.129, 150
Trd, 2591836.213, 150
Trd, 2591836.313, 150
Trd, 2591838.929, 150
Trd, 2591838.946, 150
Trd, 2591839.529, 150
Trd, 2591839.729, 150
Trd, 2591839.796, 150
Trd, 2591840.896, 150
Trd, 2591841.013, 150
Trd, 2591841.279, 150
Trd, 2591841.479, 150
Trd, 2591841.713, 150
Trd, 2591841.829, 150
Trd, 2591842.146, 150
Trd, 2591842.563, 150
Trd, 2591842.679, 150
Trd, 2591843.179, 150
Trd, 2591843.229, 149
Trd, 2591843.529, 148
Trd, 2591843.579, 149
Trd, 2591844.046, 149
Trd, 2591844.663, 150
Trd, 2591844.913, 148
Trd, 2591845.013, 147
Trd, 2591845.229, 147
Trd, 2591845.479, 148
Trd, 2591845.546, 146
Trd, 2591845.579, 145
Trd, 2591846.079, 149
Trd, 2591846.313, 148
Trd, 2591846.596, 120
Trd, 2591847.129, 111
Trd, 2591848.346, 150
Trd, 2591848.563, 150
Trd, 2591848.696, 148
Trd, 2591849.513, 147
Trd, 2591849.529, 150
Trd, 2591850.013, 148
Trd, 2591850.096, 149
Trd, 2591850.246, 116
Trd, 2591851.496, 143
Trd, 2591851.729, 127
Trd, 2591851.779, 123
Trd, 2591851.796, 142
Trd, 2591851.863, 144
Trd, 2591851.946, 116
Trd, 2591852.196, 144
Trd, 2591854.146, 150
Trd, 2591854.263, 150
Trd, 2591854.279, 147
Trd, 2591854.496, 146
Trd, 2591854.713, 132
Trd, 2591855.313, 149
Trd, 2591855.396, 148
Trd, 2591855.796, 146
Trd, 2591856.213, 148
Trd, 2591856.679, 149
Trd, 2591856.963, 116
Trd, 2591857.013, 147
Trd, 2591857.246, 122
Trd, 2591857.879, 140
Trd, 2591858.196, 141
Trd, 2591858.313, 140
Trd, 2591858.879, 140
Trd, 2591859.279, 113
Trd, 2591859.613, 142
Trd, 2591859.846, 109
Trd, 2591862.329, 150
Trd, 2591863.029, 150
Trd, 2591863.296, 150
Trd, 2591863.346, 150
Trd, 2591863.479, 150
Trd, 2591863.829, 150
Trd, 2591864.129, 150
Trd, 2591865.279, 150
Trd, 2591866.646, 150
Trd, 2591866.696, 150
Trd, 2591866.829, 150
Trd, 2591866.929, 150
Trd, 2591866.946, 150
Trd, 2591867.046, 150
Trd, 2591867.379, 150
Trd, 2591867.446, 150
Trd, 2591867.546, 150
Trd, 2591868.246, 150
Trd, 2591868.296, 150
Trd, 2591868.463, 150
Trd, 2591868.629, 150
Trd, 2591868.796, 150
Trd, 2591869.163, 150
Trd, 2591869.896, 150
Trd, 2591869.913, 150
Trd, 2591871.529, 150
Trd, 2591872.013, 150
Trd, 2591872.546, 150
Trd, 2591874.013, 150
Trd, 2591874.363, 150
Trd, 2591874.813, 150
Trd, 2591874.996, 150
Trd, 2591875.046, 150
Trd, 2591875.229, 150
Trd, 2591875.246, 150
Trd, 2591875.396, 149
Trd, 2591875.596, 149
Trd, 2591875.629, 150
Trd, 2591876.196, 148
Trd, 2591876.563, 134
Trd, 2591876.679, 142
Trd, 2591876.729, 142
Trd, 2591877.113, 143
Trd, 2591877.796, 142
Trd, 2591877.946, 125
Trd, 2591878.246, 126
Trd, 2591878.463, 144
Trd, 2591879.163, 126
Trd, 2591879.213, 123
Trd, 2591880.763, 150
Trd, 2591881.863, 150
Trd, 2591881.996, 146
Trd, 2591882.146, 145
Trd, 2591882.446, 148
Trd, 2591882.496, 150
Trd, 2591882.813, 146
Trd, 2591882.829, 127
Trd, 2591883.196, 146
Trd, 2591883.413, 146
Trd, 2591883.863, 145
Trd, 2591884.029, 145
Trd, 2591884.213, 144
Trd, 2591884.429, 116
Trd, 2591886.379, 100
Trd, 2591887.029, 100
Trd, 2591887.513, 100
Trd, 2591887.563, 100
Trd, 2591888.163, 100
Trd, 2591888.346, 100
Trd, 2591888.429, 102
Trd, 2591888.646, 104
Trd, 2591888.663, 107
Trd, 2591888.746, 110
Trd, 2591889.629, 117
Trd, 2591889.713, 108
Trd, 2591889.863, 109
Trd, 2591889.963, 118
Trd, 2591890.063, 119
Trd, 2591890.429, 112
Trd, 2591890.829, 150
Trd, 2591891.096, 150
Trd, 2591891.313, 150
Trd, 2591891.446, 150
Trd, 2591892.063, 150
Trd, 2591892.529, 150
Trd, 2591892.946, 150
Trd, 2591893.413, 150
Trd, 2591893.629, 150
Trd, 2591893.813, 150
Trd, 2591893.913, 149
Trd, 2591894.296, 150
Trd, 2591894.946, 150
Trd, 2591895.379, 150
Trd, 2591895.713, 150
Trd, 2591895.729, 150
Trd, 2591897.129, 146
Trd, 2591898.079, 143
Trd, 2591898.313, 136
Trd, 2591898.463, 143
Trd, 2591898.896, 143
Trd, 2591899.163, 143
Trd, 2591899.579, 126
Trd, 2591899.613, 124
Trd, 2591900.146, 107
Trd, 2591900.229, 135
Trd, 2591900.563, 141
Trd, 2591901.796, 100
Trd, 2591901.913, 100
Trd, 2591902.246, 100
Trd, 2591902.813, 101
Trd, 2591902.996, 101
Trd, 2591903.463, 101
Trd, 2591903.763, 100
Trd, 2591903.996, 101
Trd, 2591904.296, 101
Trd, 2591904.479, 101
Trd, 2591904.963, 106
Trd, 2591905.196, 102
Trd, 2591905.279, 102
Trd, 2591905.879, 110
Trd, 2591906.263, 145
Trd, 2591907.563, 150
Trd, 2591907.679, 150
Trd, 2591908.146, 150
Trd, 2591908.263, 150
Trd, 2591909.163, 150
Trd, 2591909.696, 150
Trd, 2591911.446, 150
Trd, 2591911.546, 150
Trd, 2591911.713, 150
Trd, 2591911.779, 150
Trd, 2591911.813, 150
Trd, 2591911.846, 150
Trd, 2591911.863, 150
Trd, 2591911.879, 150
Trd, 2591912.279, 150
Trd, 2591912.696, 150
Trd, 2591912.879, 150
Trd, 2591912.963, 150
Trd, 2591913.429, 149
Trd, 2591913.529, 149
Trd, 2591913.646, 147
Trd, 2591913.863, 145
Trd, 2591914.296, 145
Trd, 2591914.579, 146
Trd, 2591915.496, 137
Trd, 2591915.613, 136
Trd, 2591915.646, 122
Trd, 2591916.496, 150
Trd, 2591917.779, 150
Trd, 2591919.379, 150
Trd, 2591920.863, 150
Trd, 2591921.779, 150
Trd, 2591921.813, 150
Trd, 2591921.846, 150
Trd, 2591921.896, 150
Trd, 2591922.113, 150
Trd, 2591922.379, 150
Trd, 2591922.429, 150
Trd, 2591922.446, 150
Trd, 2591922.813, 149
Trd, 2591922.829, 149
Trd, 2591922.913, 146
Trd, 2591922.946, 139
Trd, 2591923.179, 148
Trd, 2591923.863, 132
Trd, 2591923.896, 141
Trd, 2591923.963, 124
Trd, 2591924.063, 142
Trd, 2591924.379, 143
Trd, 2591924.863, 124
Trd, 2591925.263, 123
Trd, 2591925.413, 118
Trd, 2591925.679, 142
Trd, 2591926.629, 109
Trd, 2591926.679, 142
Trd, 2591927.329, 143
Trd, 2591927.346, 139
Trd, 2591927.396, 146
Trd, 2591927.779, 110
Trd, 2591928.563, 117
Trd, 2591930.463, 150
Trd, 2591930.996, 150
Trd, 2591931.679, 150
Trd, 2591932.329, 150
Trd, 2591932.346, 150
Trd, 2591932.479, 150
Trd, 2591932.613, 150
Trd, 2591932.763, 150
Trd, 2591934.879, 150
Trd, 2591934.963, 150
Trd, 2591934.996, 150
Trd, 2591935.029, 150
Trd, 2591935.063, 150
Trd, 2591935.196, 150
Trd, 2591935.246, 150
Trd, 2591935.596, 150
Trd, 2591935.613, 150
Trd, 2591935.713, 150
Trd, 2591936.163, 150
Trd, 2591936.229, 149
Trd, 2591936.913, 150
Trd, 2591937.196, 149
Trd, 2591937.213, 144
Trd, 2591937.413, 148
Trd, 2591937.429, 141
Trd, 2591938.213, 135
Trd, 2591938.346, 145
Trd, 2591938.363, 149
Trd, 2591939.613, 148
Trd, 2591939.646, 147
Trd, 2591939.946, 146
Trd, 2591940.263, 149
Trd, 2591940.679, 127
Trd, 2591940.746, 113
Trd, 2591940.963, 148
Trd, 2591941.379, 150
Trd, 2591941.846, 148
Trd, 2591944.746, 150
Trd, 2591945.479, 150
Trd, 2591946.079, 150
Trd, 2591946.646, 150
Trd, 2591947.329, 150
Trd, 2591947.779, 150
Trd, 2591948.246, 150
Trd, 2591949.796, 150
Trd, 2591950.429, 150
Trd, 2591950.696, 150
Trd, 2591951.346, 150
Trd, 2591951.413, 150
Trd, 2591951.496, 150
Trd, 2591951.579, 150
Trd, 2591951.996, 150
Trd, 2591952.096, 150
Trd, 2591952.129, 150
Trd, 2591952.946, 150
Trd, 2591953.113, 150
Trd, 2591953.263, 150
Trd, 2591953.279, 150
Trd, 2591953.529, 150
Trd, 2591953.613, 150
Trd, 2591953.629, 150
Trd, 2591953.846, 150
Trd, 2591954.013, 150
Trd, 2591954.129, 150
Trd, 2591954.279, 149
Trd, 2591954.329, 148
Trd, 2591954.613, 150
Trd, 2591955.179, 150
Trd, 2591956.796, 150
Trd, 2591956.929, 149
Trd, 2591957.596, 150
Trd, 2591957.729, 150
Trd, 2591958.629, 150
Trd, 2591958.763, 150
Trd, 2591959.029, 150
Trd, 2591959.346, 150
Trd, 2591960.846, 150
Trd, 2591961.313, 150
Trd, 2591962.063, 150
Trd, 2591963.379, 150
Trd, 2591963.396, 150
Trd, 2591963.479, 150
Trd, 2591964.029, 150
Trd, 2591964.246, 150
Trd, 2591964.579, 150
Trd, 2591964.679, 150
Trd, 2591964.763, 150
Trd, 2591965.079, 150
Trd, 2591965.179, 150
Trd, 2591965.546, 150
Trd, 2591965.629, 149
Trd, 2591965.713, 150
Trd, 2591966.496, 150
Trd, 2591966.679, 149
Trd, 2591966.829, 150
Trd, 2591967.163, 150
Trd, 2591967.179, 150
Trd, 2591967.346, 150
Trd, 2591967.513, 150
Trd, 2591967.813, 150
Trd, 2591968.463, 150
Trd, 2591968.946, 150
Trd, 2591969.563, 150
Trd, 2591970.213, 150
Trd, 2591970.813, 150
Trd, 2591970.929, 149
Trd, 2591971.029, 148
Trd, 2591971.496, 136
Trd, 2591971.746, 135
Trd, 2591972.629, 150
Trd, 2591973.446, 150
Trd, 2591973.663, 150
Trd, 2591973.813, 150
Trd, 2591974.029, 149
Trd, 2591974.196, 148
Trd, 2591974.313, 150
Trd, 2591975.146, 147
Trd, 2591975.163, 150
Trd, 2591975.363, 150
Trd, 2591975.513, 146
Trd, 2591975.563, 133
Trd, 2591976.113, 141
Trd, 2591976.446, 148
Trd, 2591977.213, 127
Trd, 2591977.663, 127
Trd, 2591978.346, 137
Trd, 2591978.679, 126
Trd, 2591978.763, 112
Trd, 2591979.746, 136
Trd, 2591979.779, 137
Trd, 2591979.846, 138
Trd, 2591980.113, 138
Trd, 2591980.663, 140
Trd, 2591980.846, 147
Trd, 2591981.813, 150
Trd, 2591982.663, 150
Trd, 2591982.729, 150
Trd, 2591983.213, 150
Trd, 2591983.646, 150
Trd, 2591983.963, 150
Trd, 2591984.613, 150
Trd, 2591985.413, 150
Trd, 2591985.746, 150
Trd, 2591985.963, 150
Trd, 2591986.013, 150
Trd, 2591986.079, 150
Trd, 2591986.429, 150
Trd, 2591986.563, 150
Trd, 2591986.613, 150
Trd, 2591986.663, 150
Trd, 2591986.979, 150
Trd, 2591987.379, 150
Trd, 2591987.996, 150
Trd, 2591988.479, 150
Trd, 2591988.663, 150
Trd, 2591988.846, 150
Trd, 2591990.529, 150
Trd, 2591990.663, 150
Trd, 2591990.963, 150
Trd, 2591991.079, 150
Trd, 2591991.963, 150
Trd, 2591992.379, 150
Trd, 2591992.429, 150
Trd, 2591993.329, 150
Trd, 2591993.463, 150
Trd, 2591994.013, 150
Trd, 2591994.996, 150
Trd, 2591995.179, 149
Trd, 2591995.646, 149
Trd, 2591995.696, 149
Trd, 2591995.713, 149
Trd, 2591995.996, 147
Trd, 2591996.196, 148
Trd, 2591996.729, 150
Trd, 2591997.413, 150
Trd, 2591997.996, 150
Trd, 2591999.146, 150
Trd, 2591999.346, 150
Trd, 2591999.896, 150
