Trd, 2590831.913, 150
Trd, 2590832.029, 150
Trd, 2590832.146, 148
Trd, 2590832.229, 147
Trd, 2590832.346, 148
Trd, 2590833.663, 150
Trd, 2590834.013, 150
Trd, 2590834.029, 150
Trd, 2590834.663, 150
Trd, 2590834.829, 150
Trd, 2590834.929, 150
Trd, 2590835.313, 149
Trd, 2590835.429, 149
Trd, 2590835.929, 148
Trd, 2590837.146, 144
Trd, 2590837.796, 143
Trd, 2590838.029, 142
Trd, 2590838.313, 143
Trd, 2590839.063, 144
Trd, 2590839.079, 146
Trd, 2590839.429, 142
Trd, 2590839.896, 141
Trd, 2590840.079, 140
Trd, 2590840.513, 134
Trd, 2590840.713, 135
Trd, 2590841.563, 142
Trd, 2590841.646, 133
Trd, 2590842.129, 150
Trd, 2590842.746, 149
Trd, 2590843.079, 148
Trd, 2590844.563, 130
Trd, 2590845.046, 124
Trd, 2590845.129, 124
Trd, 2590845.346, 101
Trd, 2590845.763, 100
Trd, 2590846.346, 100
Trd, 2590846.413, 100
Trd, 2590846.746, 100
Trd, 2590847.029, 100
Trd, 2590847.329, 100
Trd, 2590847.363, 100
Trd, 2590847.729, 100
Trd, 2590848.613, 100
Trd, 2590848.829, 101
Trd, 2590850.029, 100
Trd, 2590850.046, 101
Trd, 2590850.346, 101
Trd, 2590850.513, 102
Trd, 2590850.896, 103
Trd, 2590851.246, 108
Trd, 2590851.496, 109
Trd, 2590851.946, 112
Trd, 2590851.979, 111
Trd, 2590852.296, 129
Trd, 2590852.413, 113
Trd, 2590852.529, 130
Trd, 2590853.913, 150
Trd, 2590855.413, 150
Trd, 2590855.596, 150
Trd, 2590855.613, 150
Trd, 2590855.796, 150
Trd, 2590855.913, 150
Trd, 2590855.996, 150
Trd, 2590856.196, 150
Trd, 2590856.279, 150
Trd, 2590856.563, 150
Trd, 2590856.946, 150
Trd, 2590857.379, 150
Trd, 2590857.396, 150
Trd, 2590857.479, 150
Trd, 2590857.513, 149
Trd, 2590858.646, 118
Trd, 2590858.813, 126
Trd, 2590859.613, 143
Trd, 2590859.796, 143
Trd, 2590860.296, 120
Trd, 2590861.546, 120
Trd, 2590861.596, 119
Trd, 2590861.696, 117
Trd, 2590861.896, 101
Trd, 2590862.546, 131
Trd, 2590863.113, 130
Trd, 2590863.229, 131
Trd, 2590863.313, 107
Trd, 2590863.896, 128
Trd, 2590863.929, 127
Trd, 2590864.029, 127
Trd, 2590864.363, 127
Trd, 2590866.146, 104
Trd, 2590866.629, 100
Trd, 2590866.863, 100
Trd, 2590867.713, 100
Trd, 2590867.879, 100
Trd, 2590868.279, 100
Trd, 2590868.446, 100
Trd, 2590868.613, 100
Trd, 2590868.796, 100
Trd, 2590868.879, 107
Trd, 2590869.079, 113
Trd, 2590869.713, 123
Trd, 2590870.079, 114
Trd, 2590870.546, 150
Trd, 2590870.879, 149
Trd, 2590870.963, 150
Trd, 2590871.513, 150
Trd, 2590872.579, 150
Trd, 2590873.996, 150
Trd, 2590874.629, 150
Trd, 2590874.713, 150
Trd, 2590874.779, 150
Trd, 2590874.896, 150
Trd, 2590874.929, 150
Trd, 2590875.079, 150
Trd, 2590875.463, 150
Trd, 2590875.596, 150
Trd, 2590876.529, 150
Trd, 2590876.746, 150
Trd, 2590877.479, 150
Trd, 2590877.596, 150
Trd, 2590877.996, 150
Trd, 2590878.346, 150
Trd, 2590879.113, 150
Trd, 2590879.129, 150
Trd, 2590879.296, 150
Trd, 2590879.513, 150
Trd, 2590879.646, 147
Trd, 2590879.713, 150
Trd, 2590879.963, 150
Trd, 2590880.429, 118
Trd, 2590880.763, 107
Trd, 2590881.013, 138
Trd, 2590882.113, 147
Trd, 2590882.996, 103
Trd, 2590883.579, 100
Trd, 2590883.713, 100
Trd, 2590883.846, 100
Trd, 2590883.929, 100
Trd, 2590884.796, 100
Trd, 2590885.029, 100
Trd, 2590885.046, 100
Trd, 2590885.079, 100
Trd, 2590885.496, 100
Trd, 2590885.596, 100
Trd, 2590885.763, 101
Trd, 2590886.313, 100
Trd, 2590886.413, 100
Trd, 2590886.863, 105
Trd, 2590887.279, 135
Trd, 2590887.413, 138
Trd, 2590888.213, 150
Trd, 2590889.396, 150
Trd, 2590889.496, 150
Trd, 2590890.196, 150
Trd, 2590890.496, 150
Trd, 2590890.679, 149
Trd, 2590891.863, 150
Trd, 2590892.796, 150
Trd, 2590893.079, 150
Trd, 2590893.179, 150
Trd, 2590893.446, 150
Trd, 2590894.079, 150
Trd, 2590894.129, 150
Trd, 2590894.279, 150
Trd, 2590894.379, 147
Trd, 2590894.713, 149
Trd, 2590895.096, 149
Trd, 2590895.479, 150
Trd, 2590895.779, 150
Trd, 2590896.846, 150
Trd, 2590897.413, 150
Trd, 2590897.579, 150
Trd, 2590898.013, 150
Trd, 2590898.513, 150
Trd, 2590898.579, 149
Trd, 2590899.063, 128
Trd, 2590899.463, 129
Trd, 2590899.863, 144
Trd, 2590900.246, 142
Trd, 2590900.613, 115
Trd, 2590900.679, 108
Trd, 2590900.779, 122
Trd, 2590900.846, 123
Trd, 2590900.929, 123
Trd, 2590901.946, 134
Trd, 2590902.446, 133
Trd, 2590902.513, 137
Trd, 2590903.246, 150
Trd, 2590904.296, 150
Trd, 2590904.796, 150
Trd, 2590905.179, 150
Trd, 2590905.229, 150
Trd, 2590905.479, 150
Trd, 2590905.613, 150
Trd, 2590906.113, 150
Trd, 2590906.413, 150
Trd, 2590907.879, 150
Trd, 2590908.013, 150
Trd, 2590908.913, 150
Trd, 2590909.496, 150
Trd, 2590909.713, 150
Trd, 2590910.679, 150
Trd, 2590910.796, 150
Trd, 2590911.396, 150
Trd, 2590911.413, 150
Trd, 2590911.429, 150
Trd, 2590911.596, 150
Trd, 2590911.713, 150
Trd, 2590912.329, 147
Trd, 2590912.363, 148
Trd, 2590912.646, 149
Trd, 2590912.846, 133
Trd, 2590913.263, 135
Trd, 2590913.546, 116
Trd, 2590914.013, 123
Trd, 2590914.346, 124
Trd, 2590914.479, 114
Trd, 2590914.596, 106
Trd, 2590914.763, 107
Trd, 2590915.013, 133
Trd, 2590915.096, 147
Trd, 2590915.313, 134
Trd, 2590915.846, 102
Trd, 2590916.713, 150
Trd, 2590918.263, 150
Trd, 2590918.946, 150
Trd, 2590920.146, 150
Trd, 2590920.463, 150
Trd, 2590920.996, 150
Trd, 2590921.596, 150
Trd, 2590921.796, 150
Trd, 2590922.663, 150
Trd, 2590923.146, 150
Trd, 2590923.246, 150
Trd, 2590924.663, 150
Trd, 2590924.813, 150
Trd, 2590924.829, 150
Trd, 2590924.896, 150
Trd, 2590924.963, 150
Trd, 2590925.013, 150
Trd, 2590925.296, 150
Trd, 2590925.746, 150
Trd, 2590925.763, 150
Trd, 2590925.796, 150
Trd, 2590926.046, 150
Trd, 2590926.063, 150
Trd, 2590926.113, 150
Trd, 2590926.246, 149
Trd, 2590926.313, 149
Trd, 2590926.579, 150
Trd, 2590926.879, 150
Trd, 2590928.246, 134
Trd, 2590928.646, 132
Trd, 2590928.679, 134
Trd, 2590929.113, 132
Trd, 2590929.279, 132
Trd, 2590929.429, 132
Trd, 2590929.613, 130
Trd, 2590930.896, 106
Trd, 2590931.196, 127
Trd, 2590931.946, 126
Trd, 2590932.079, 131
Trd, 2590933.279, 150
Trd, 2590933.396, 149
Trd, 2590933.546, 149
Trd, 2590934.529, 150
Trd, 2590934.746, 149
Trd, 2590934.863, 149
Trd, 2590934.879, 148
Trd, 2590935.263, 148
Trd, 2590935.846, 147
Trd, 2590936.329, 132
Trd, 2590937.513, 131
Trd, 2590937.679, 133
Trd, 2590937.913, 136
Trd, 2590938.279, 137
Trd, 2590939.513, 110
Trd, 2590939.529, 128
Trd, 2590940.013, 109
Trd, 2590940.279, 113
Trd, 2590940.679, 113
Trd, 2590941.379, 115
Trd, 2590941.846, 120
Trd, 2590942.646, 120
Trd, 2590942.846, 119
Trd, 2590943.479, 118
Trd, 2590943.513, 106
Trd, 2590943.563, 105
Trd, 2590943.729, 103
Trd, 2590944.096, 117
Trd, 2590944.396, 117
Trd, 2590944.479, 102
Trd, 2590944.513, 119
Trd, 2590946.179, 100
Trd, 2590947.063, 100
Trd, 2590947.296, 100
Trd, 2590947.329, 100
Trd, 2590947.929, 100
Trd, 2590947.946, 100
Trd, 2590948.113, 100
Trd, 2590948.729, 104
Trd, 2590949.013, 104
Trd, 2590949.729, 102
Trd, 2590949.979, 103
Trd, 2590950.296, 102
Trd, 2590950.679, 109
Trd, 2590950.879, 115
Trd, 2590952.446, 150
Trd, 2590952.913, 150
Trd, 2590953.179, 150
Trd, 2590954.363, 150
Trd, 2590954.996, 150
Trd, 2590955.146, 150
Trd, 2590955.246, 150
Trd, 2590955.663, 150
Trd, 2590956.129, 150
Trd, 2590956.579, 150
Trd, 2590956.763, 150
Trd, 2590956.813, 150
Trd, 2590957.013, 150
Trd, 2590957.246, 150
Trd, 2590957.463, 150
Trd, 2590957.613, 150
Trd, 2590958.246, 150
Trd, 2590958.279, 150
Trd, 2590958.363, 150
Trd, 2590958.463, 149
Trd, 2590958.746, 150
Trd, 2590959.579, 150
Trd, 2590960.196, 150
Trd, 2590960.446, 150
Trd, 2590960.829, 148
Trd, 2590961.029, 150
Trd, 2590961.296, 115
Trd, 2590962.146, 149
Trd, 2590962.829, 149
Trd, 2590962.846, 149
Trd, 2590962.896, 150
Trd, 2590964.179, 149
Trd, 2590964.696, 128
Trd, 2590965.096, 149
Trd, 2590965.379, 150
Trd, 2590965.513, 150
Trd, 2590966.063, 150
Trd, 2590966.129, 149
Trd, 2590966.396, 150
Trd, 2590966.813, 150
Trd, 2590966.946, 150
Trd, 2590967.179, 149
Trd, 2590967.279, 114
Trd, 2590967.796, 148
Trd, 2590967.946, 149
Trd, 2590968.063, 150
Trd, 2590968.613, 100
Trd, 2590968.813, 100
Trd, 2590969.046, 100
Trd, 2590969.863, 113
Trd, 2590970.463, 103
Trd, 2590970.529, 102
Trd, 2590970.963, 110
Trd, 2590971.563, 106
Trd, 2590971.613, 106
Trd, 2590971.946, 118
Trd, 2590972.513, 101
Trd, 2590974.996, 100
Trd, 2590975.013, 100
Trd, 2590975.363, 100
Trd, 2590975.763, 100
Trd, 2590976.029, 100
Trd, 2590976.879, 100
Trd, 2590977.046, 100
Trd, 2590977.946, 100
Trd, 2590978.013, 100
Trd, 2590978.096, 100
Trd, 2590978.196, 100
Trd, 2590978.263, 100
Trd, 2590978.329, 100
Trd, 2590978.446, 100
Trd, 2590978.613, 101
Trd, 2590979.013, 111
Trd, 2590979.313, 110
Trd, 2590979.346, 106
Trd, 2590979.379, 105
Trd, 2590979.796, 108
Trd, 2590980.113, 115
Trd, 2590980.746, 150
Trd, 2590980.913, 124
Trd, 2590981.279, 124
Trd, 2590981.496, 137
Trd, 2590982.363, 127
Trd, 2590982.429, 126
Trd, 2590983.113, 149
Trd, 2590983.863, 145
Trd, 2590984.296, 144
Trd, 2590984.579, 145
Trd, 2590985.013, 146
Trd, 2590985.529, 146
Trd, 2590985.646, 145
Trd, 2590985.663, 147
Trd, 2590987.196, 150
Trd, 2590987.329, 150
Trd, 2590987.963, 150
Trd, 2590988.296, 150
Trd, 2590988.729, 150
Trd, 2590988.946, 150
Trd, 2590990.496, 150
Trd, 2590990.629, 150
Trd, 2590990.696, 150
Trd, 2590990.946, 150
Trd, 2590991.146, 149
Trd, 2590991.179, 149
Trd, 2590991.229, 150
Trd, 2590991.246, 149
Trd, 2590991.546, 148
Trd, 2590992.879, 137
Trd, 2590992.996, 139
Trd, 2590994.513, 131
Trd, 2590995.213, 150
Trd, 2590995.979, 150
Trd, 2590996.113, 150
Trd, 2590996.479, 150
Trd, 2590996.579, 150
Trd, 2590996.646, 149
Trd, 2590997.179, 148
Trd, 2590997.479, 150
Trd, 2590998.179, 150
Trd, 2590998.829, 150
Trd, 2590999.146, 150
Trd, 2590999.346, 149
Trd, 2591000.213, 150
Trd, 2591000.246, 150
Trd, 2591000.263, 150
Trd, 2591000.396, 150
Trd, 2591000.413, 150
Trd, 2591000.679, 123
Trd, 2591000.829, 149
Trd, 2591000.929, 149
Trd, 2591001.063, 122
Trd, 2591002.446, 139
Trd, 2591002.929, 138
Trd, 2591002.996, 140
Trd, 2591003.329, 126
Trd, 2591003.563, 136
Trd, 2591005.346, 139
Trd, 2591005.663, 131
Trd, 2591006.113, 133
Trd, 2591006.163, 132
Trd, 2591006.413, 130
Trd, 2591006.479, 135
Trd, 2591006.579, 129
Trd, 2591006.613, 139
Trd, 2591006.729, 126
Trd, 2591007.296, 124
Trd, 2591007.896, 144
Trd, 2591008.196, 145
Trd, 2591009.463, 150
Trd, 2591010.013, 150
Trd, 2591010.329, 150
Trd, 2591010.363, 150
Trd, 2591010.496, 150
Trd, 2591010.929, 150
Trd, 2591011.129, 150
Trd, 2591011.696, 150
Trd, 2591011.963, 150
Trd, 2591012.429, 150
Trd, 2591012.496, 150
Trd, 2591012.663, 149
Trd, 2591013.163, 150
Trd, 2591013.346, 149
Trd, 2591013.646, 150
Trd, 2591014.596, 150
Trd, 2591014.879, 150
Trd, 2591014.913, 150
Trd, 2591015.063, 150
Trd, 2591015.363, 150
Trd, 2591015.896, 150
Trd, 2591016.113, 149
Trd, 2591016.629, 150
Trd, 2591016.763, 150
Trd, 2591018.729, 150
Trd, 2591018.979, 150
Trd, 2591019.613, 150
Trd, 2591020.263, 150
Trd, 2591020.513, 150
Trd, 2591020.963, 150
Trd, 2591020.996, 150
Trd, 2591021.196, 150
Trd, 2591021.796, 150
Trd, 2591021.929, 150
Trd, 2591022.063, 150
Trd, 2591022.363, 150
Trd, 2591022.796, 150
Trd, 2591022.846, 150
Trd, 2591022.946, 149
Trd, 2591023.129, 148
Trd, 2591023.179, 150
Trd, 2591023.779, 145
Trd, 2591024.013, 146
Trd, 2591024.079, 148
Trd, 2591024.896, 147
Trd, 2591025.179, 123
Trd, 2591025.246, 116
Trd, 2591025.846, 144
Trd, 2591026.379, 144
Trd, 2591026.729, 139
Trd, 2591027.213, 139
Trd, 2591027.763, 139
Trd, 2591027.946, 138
Trd, 2591028.563, 138
Trd, 2591028.996, 115
Trd, 2591029.246, 119
Trd, 2591029.813, 111
Trd, 2591030.346, 109
Trd, 2591030.863, 114
Trd, 2591030.913, 115
Trd, 2591030.929, 116
Trd, 2591031.746, 114
Trd, 2591031.829, 115
Trd, 2591032.029, 147
Trd, 2591032.446, 140
Trd, 2591032.996, 118
Trd, 2591033.579, 114
Trd, 2591034.279, 113
Trd, 2591034.963, 139
Trd, 2591035.346, 136
Trd, 2591035.863, 125
Trd, 2591036.646, 129
Trd, 2591036.796, 129
Trd, 2591036.929, 129
Trd, 2591037.096, 128
Trd, 2591037.163, 129
Trd, 2591037.446, 129
Trd, 2591037.963, 129
Trd, 2591038.013, 129
Trd, 2591038.113, 128
Trd, 2591038.229, 127
Trd, 2591038.529, 129
Trd, 2591038.763, 128
Trd, 2591039.713, 129
Trd, 2591040.796, 128
Trd, 2591040.813, 122
Trd, 2591042.146, 103
Trd, 2591042.263, 103
Trd, 2591043.563, 100
Trd, 2591043.746, 100
Trd, 2591044.513, 100
Trd, 2591044.613, 100
Trd, 2591044.679, 103
Trd, 2591044.929, 105
Trd, 2591045.296, 105
Trd, 2591045.479, 111
Trd, 2591045.729, 111
Trd, 2591046.179, 107
Trd, 2591046.579, 109
Trd, 2591046.663, 111
Trd, 2591047.246, 110
Trd, 2591047.713, 150
Trd, 2591049.513, 150
Trd, 2591049.896, 150
Trd, 2591049.979, 150
Trd, 2591050.463, 150
Trd, 2591050.496, 150
Trd, 2591051.063, 150
Trd, 2591051.613, 150
Trd, 2591051.846, 150
Trd, 2591052.779, 150
Trd, 2591052.829, 150
Trd, 2591052.846, 150
Trd, 2591052.879, 150
Trd, 2591053.063, 150
Trd, 2591053.713, 144
Trd, 2591053.929, 144
Trd, 2591054.396, 127
Trd, 2591054.779, 142
Trd, 2591054.829, 128
Trd, 2591054.946, 126
Trd, 2591055.413, 103
Trd, 2591055.846, 102
Trd, 2591056.479, 100
Trd, 2591057.929, 100
Trd, 2591058.196, 100
Trd, 2591058.429, 100
Trd, 2591059.146, 100
Trd, 2591059.196, 100
Trd, 2591059.546, 101
Trd, 2591059.563, 102
Trd, 2591059.863, 102
Trd, 2591060.279, 103
Trd, 2591060.313, 103
Trd, 2591060.363, 116
Trd, 2591060.429, 122
Trd, 2591060.979, 113
Trd, 2591063.446, 130
Trd, 2591063.529, 129
Trd, 2591063.879, 131
Trd, 2591063.963, 132
Trd, 2591064.146, 131
Trd, 2591064.213, 134
Trd, 2591064.663, 145
Trd, 2591064.863, 148
Trd, 2591065.013, 135
Trd, 2591065.046, 134
Trd, 2591066.029, 150
Trd, 2591066.563, 150
Trd, 2591066.696, 150
Trd, 2591068.413, 150
Trd, 2591068.463, 150
Trd, 2591068.779, 150
Trd, 2591068.963, 150
Trd, 2591070.096, 150
Trd, 2591070.246, 150
Trd, 2591071.596, 150
Trd, 2591071.679, 150
Trd, 2591071.946, 150
Trd, 2591072.029, 150
Trd, 2591072.046, 150
Trd, 2591072.196, 150
Trd, 2591072.279, 149
Trd, 2591072.479, 148
Trd, 2591072.729, 147
Trd, 2591073.346, 143
Trd, 2591073.829, 143
Trd, 2591073.946, 118
Trd, 2591074.479, 110
Trd, 2591075.113, 132
Trd, 2591075.713, 128
Trd, 2591075.979, 119
Trd, 2591076.613, 100
Trd, 2591076.796, 100
Trd, 2591076.863, 101
Trd, 2591077.679, 103
Trd, 2591077.729, 105
Trd, 2591078.146, 104
Trd, 2591078.296, 105
Trd, 2591078.513, 108
Trd, 2591078.946, 125
Trd, 2591079.096, 126
Trd, 2591079.729, 111
Trd, 2591080.879, 150
Trd, 2591081.296, 149
Trd, 2591081.813, 150
Trd, 2591082.913, 150
Trd, 2591083.663, 150
Trd, 2591084.696, 150
Trd, 2591084.796, 150
Trd, 2591084.813, 150
Trd, 2591084.829, 150
Trd, 2591084.963, 150
Trd, 2591085.146, 150
Trd, 2591085.696, 150
Trd, 2591086.413, 150
Trd, 2591086.613, 150
Trd, 2591088.679, 150
Trd, 2591089.929, 150
Trd, 2591090.729, 150
Trd, 2591090.846, 150
Trd, 2591090.863, 150
Trd, 2591090.979, 150
Trd, 2591090.996, 150
Trd, 2591091.096, 150
Trd, 2591091.496, 150
Trd, 2591091.663, 150
Trd, 2591091.896, 150
Trd, 2591092.213, 150
Trd, 2591092.696, 149
Trd, 2591092.946, 149
Trd, 2591093.179, 149
Trd, 2591093.313, 149
Trd, 2591093.663, 149
Trd, 2591093.679, 150
Trd, 2591093.696, 148
Trd, 2591094.113, 147
Trd, 2591094.213, 128
Trd, 2591094.229, 124
Trd, 2591094.613, 148
Trd, 2591095.046, 149
Trd, 2591095.396, 149
Trd, 2591095.529, 149
Trd, 2591097.796, 150
Trd, 2591098.529, 150
Trd, 2591098.596, 150
Trd, 2591098.796, 150
Trd, 2591098.829, 150
Trd, 2591098.863, 150
Trd, 2591098.913, 150
Trd, 2591098.963, 150
Trd, 2591099.713, 137
Trd, 2591100.896, 150
Trd, 2591100.963, 149
Trd, 2591101.096, 132
Trd, 2591102.429, 150
Trd, 2591102.513, 149
Trd, 2591103.163, 149
Trd, 2591103.429, 149
Trd, 2591103.763, 150
Trd, 2591104.079, 149
Trd, 2591104.329, 148
Trd, 2591104.613, 147
Trd, 2591104.963, 144
Trd, 2591105.029, 120
Trd, 2591105.463, 100
Trd, 2591105.613, 100
Trd, 2591106.846, 100
Trd, 2591107.779, 100
Trd, 2591108.363, 100
Trd, 2591108.713, 100
Trd, 2591109.646, 101
Trd, 2591109.663, 101
Trd, 2591109.963, 110
Trd, 2591110.129, 111
Trd, 2591110.363, 109
Trd, 2591110.379, 115
Trd, 2591111.179, 117
Trd, 2591111.363, 120
Trd, 2591111.529, 112
Trd, 2591111.746, 119
Trd, 2591112.763, 117
Trd, 2591113.029, 116
Trd, 2591113.163, 117
Trd, 2591113.529, 116
Trd, 2591113.729, 149
Trd, 2591114.029, 107
Trd, 2591114.363, 100
Trd, 2591114.846, 100
Trd, 2591115.246, 101
Trd, 2591115.396, 103
Trd, 2591115.929, 101
Trd, 2591116.096, 102
Trd, 2591116.146, 134
Trd, 2591116.596, 148
Trd, 2591117.379, 106
Trd, 2591117.446, 106
Trd, 2591117.579, 107
Trd, 2591117.746, 106
Trd, 2591118.763, 110
Trd, 2591119.046, 150
Trd, 2591119.863, 150
Trd, 2591121.113, 150
Trd, 2591121.129, 150
Trd, 2591121.296, 150
Trd, 2591121.529, 149
Trd, 2591121.679, 149
Trd, 2591121.779, 150
Trd, 2591121.929, 148
Trd, 2591122.996, 150
Trd, 2591123.296, 150
Trd, 2591123.396, 150
Trd, 2591124.146, 150
Trd, 2591124.529, 150
Trd, 2591125.813, 150
Trd, 2591126.346, 150
Trd, 2591126.396, 150
Trd, 2591126.663, 150
Trd, 2591126.929, 150
Trd, 2591127.263, 150
Trd, 2591127.713, 150
Trd, 2591129.579, 150
Trd, 2591129.596, 150
Trd, 2591130.029, 150
Trd, 2591130.063, 150
Trd, 2591130.363, 149
Trd, 2591130.479, 150
Trd, 2591130.646, 150
Trd, 2591130.663, 149
Trd, 2591130.713, 148
Trd, 2591131.379, 145
Trd, 2591131.679, 131
Trd, 2591132.296, 142
Trd, 2591132.629, 139
Trd, 2591132.746, 140
Trd, 2591133.313, 137
Trd, 2591133.563, 136
Trd, 2591134.013, 109
Trd, 2591134.579, 114
Trd, 2591134.929, 128
Trd, 2591135.196, 127
Trd, 2591135.329, 128
Trd, 2591135.363, 132
Trd, 2591135.846, 120
Trd, 2591135.879, 134
Trd, 2591137.379, 112
Trd, 2591137.979, 145
Trd, 2591138.296, 145
Trd, 2591138.646, 116
Trd, 2591139.296, 118
Trd, 2591139.663, 124
Trd, 2591139.779, 124
Trd, 2591140.129, 125
Trd, 2591140.246, 128
Trd, 2591140.996, 142
Trd, 2591141.229, 143
Trd, 2591141.246, 140
Trd, 2591141.546, 149
Trd, 2591141.579, 148
Trd, 2591142.929, 150
Trd, 2591143.446, 150
Trd, 2591144.813, 150
Trd, 2591144.946, 150
Trd, 2591145.163, 150
Trd, 2591145.179, 150
Trd, 2591145.246, 150
Trd, 2591145.613, 150
Trd, 2591145.696, 150
Trd, 2591145.763, 150
Trd, 2591146.279, 150
Trd, 2591146.479, 150
Trd, 2591147.679, 150
Trd, 2591147.963, 150
Trd, 2591148.046, 150
Trd, 2591148.846, 150
Trd, 2591148.929, 150
Trd, 2591148.946, 150
Trd, 2591150.613, 150
Trd, 2591150.679, 150
Trd, 2591151.079, 150
Trd, 2591151.546, 150
Trd, 2591151.596, 150
Trd, 2591151.679, 150
Trd, 2591151.746, 150
Trd, 2591151.846, 150
Trd, 2591151.979, 146
Trd, 2591152.829, 145
Trd, 2591152.929, 146
Trd, 2591153.363, 144
Trd, 2591153.663, 116
Trd, 2591153.796, 117
Trd, 2591153.946, 148
Trd, 2591154.046, 147
Trd, 2591154.279, 116
Trd, 2591154.529, 130
Trd, 2591155.246, 115
Trd, 2591156.496, 100
Trd, 2591156.863, 100
Trd, 2591157.146, 100
Trd, 2591157.213, 100
Trd, 2591157.563, 101
Trd, 2591157.846, 100
Trd, 2591158.279, 100
Trd, 2591158.629, 100
Trd, 2591159.546, 100
Trd, 2591159.729, 102
Trd, 2591159.779, 144
Trd, 2591161.296, 100
Trd, 2591161.646, 101
Trd, 2591161.996, 118
Trd, 2591162.013, 133
Trd, 2591162.113, 139
Trd, 2591162.263, 139
Trd, 2591162.546, 139
Trd, 2591162.829, 139
Trd, 2591163.796, 150
Trd, 2591164.013, 150
Trd, 2591165.463, 150
Trd, 2591165.813, 150
Trd, 2591166.313, 150
Trd, 2591166.546, 150
Trd, 2591166.963, 150
Trd, 2591167.263, 150
Trd, 2591167.363, 150
Trd, 2591167.513, 150
Trd, 2591167.529, 150
Trd, 2591167.596, 150
Trd, 2591167.729, 150
Trd, 2591167.946, 148
Trd, 2591168.096, 124
Trd, 2591168.846, 143
Trd, 2591169.079, 106
Trd, 2591169.329, 141
Trd, 2591170.596, 114
Trd, 2591171.113, 137
Trd, 2591171.179, 138
Trd, 2591171.729, 138
Trd, 2591173.146, 105
Trd, 2591173.313, 108
Trd, 2591173.879, 103
Trd, 2591174.596, 101
Trd, 2591174.813, 101
Trd, 2591174.946, 101
Trd, 2591175.479, 101
Trd, 2591175.546, 102
Trd, 2591175.713, 102
Trd, 2591175.963, 105
Trd, 2591175.996, 106
Trd, 2591177.213, 150
Trd, 2591177.796, 150
Trd, 2591178.846, 150
Trd, 2591179.179, 150
Trd, 2591179.379, 150
Trd, 2591179.546, 150
Trd, 2591179.563, 132
Trd, 2591182.329, 150
Trd, 2591182.513, 150
Trd, 2591182.646, 150
Trd, 2591183.179, 150
Trd, 2591183.279, 150
Trd, 2591183.363, 150
Trd, 2591183.646, 150
Trd, 2591183.663, 150
Trd, 2591183.779, 149
Trd, 2591183.979, 150
Trd, 2591184.129, 149
Trd, 2591184.379, 148
Trd, 2591184.629, 147
Trd, 2591185.013, 144
Trd, 2591186.363, 141
Trd, 2591186.446, 142
Trd, 2591186.529, 133
Trd, 2591187.063, 149
Trd, 2591187.196, 111
Trd, 2591187.929, 104
Trd, 2591188.513, 107
Trd, 2591188.796, 142
Trd, 2591189.929, 150
Trd, 2591190.013, 150
Trd, 2591190.146, 150
Trd, 2591190.313, 149
Trd, 2591190.546, 149
Trd, 2591190.646, 149
Trd, 2591190.796, 146
Trd, 2591190.896, 149
Trd, 2591191.329, 141
Trd, 2591191.529, 129
Trd, 2591191.546, 128
Trd, 2591191.663, 142
Trd, 2591192.463, 131
Trd, 2591192.596, 125
Trd, 2591193.046, 127
Trd, 2591193.713, 132
Trd, 2591194.046, 133
Trd, 2591194.446, 128
Trd, 2591194.646, 144
Trd, 2591196.313, 124
Trd, 2591197.096, 143
Trd, 2591197.246, 110
Trd, 2591197.396, 144
Trd, 2591197.763, 101
Trd, 2591197.779, 102
Trd, 2591198.879, 100
Trd, 2591198.929, 100
Trd, 2591199.079, 100
Trd, 2591199.296, 100
Trd, 2591199.329, 100
Trd, 2591199.596, 100
Trd, 2591199.879, 102
Trd, 2591200.246, 102
Trd, 2591200.646, 111
Trd, 2591202.179, 150
Trd, 2591202.379, 150
Trd, 2591204.696, 150
Trd, 2591205.829, 150
Trd, 2591205.846, 150
Trd, 2591205.896, 150
Trd, 2591205.979, 150
Trd, 2591206.029, 150
Trd, 2591206.396, 150
Trd, 2591207.079, 150
Trd, 2591207.229, 150
Trd, 2591207.563, 150
Trd, 2591207.863, 150
Trd, 2591208.329, 150
Trd, 2591208.513, 150
Trd, 2591209.013, 150
Trd, 2591209.146, 150
Trd, 2591209.346, 150
Trd, 2591209.829, 149
Trd, 2591210.046, 148
Trd, 2591210.246, 147
Trd, 2591210.796, 148
Trd, 2591210.913, 146
Trd, 2591211.146, 148
Trd, 2591211.396, 149
Trd, 2591211.929, 144
Trd, 2591212.429, 142
Trd, 2591212.496, 142
Trd, 2591212.563, 143
Trd, 2591212.646, 141
Trd, 2591212.763, 140
Trd, 2591212.813, 143
Trd, 2591213.346, 128
Trd, 2591214.196, 136
Trd, 2591214.646, 132
Trd, 2591214.746, 134
Trd, 2591214.796, 134
Trd, 2591215.529, 130
Trd, 2591215.846, 107
Trd, 2591216.446, 100
Trd, 2591216.896, 100
Trd, 2591217.013, 102
Trd, 2591217.163, 102
Trd, 2591217.579, 101
Trd, 2591218.046, 100
Trd, 2591218.096, 101
Trd, 2591218.563, 100
Trd, 2591219.113, 101
Trd, 2591219.329, 100
Trd, 2591219.546, 101
Trd, 2591219.746, 107
Trd, 2591219.913, 108
Trd, 2591221.613, 104
Trd, 2591221.696, 117
Trd, 2591222.796, 120
Trd, 2591223.046, 124
Trd, 2591223.163, 125
Trd, 2591223.279, 123
Trd, 2591223.446, 128
Trd, 2591223.929, 150
Trd, 2591223.963, 150
Trd, 2591224.213, 150
Trd, 2591224.629, 150
Trd, 2591226.129, 150
Trd, 2591227.346, 150
Trd, 2591227.763, 150
Trd, 2591227.913, 150
Trd, 2591229.079, 150
Trd, 2591229.429, 150
Trd, 2591229.746, 150
Trd, 2591229.779, 150
Trd, 2591229.979, 150
Trd, 2591230.579, 150
Trd, 2591230.746, 150
Trd, 2591230.829, 150
Trd, 2591230.979, 150
Trd, 2591231.063, 150
Trd, 2591231.446, 147
Trd, 2591231.629, 138
Trd, 2591231.996, 144
Trd, 2591232.046, 134
Trd, 2591232.779, 133
Trd, 2591233.479, 119
Trd, 2591233.729, 138
Trd, 2591234.146, 115
Trd, 2591234.229, 136
Trd, 2591234.363, 138
Trd, 2591235.013, 109
Trd, 2591235.029, 138
Trd, 2591235.213, 128
Trd, 2591235.379, 139
Trd, 2591235.996, 150
Trd, 2591236.229, 137
Trd, 2591238.546, 150
Trd, 2591240.879, 150
Trd, 2591241.679, 150
Trd, 2591241.763, 150
Trd, 2591241.863, 150
Trd, 2591241.879, 150
Trd, 2591241.896, 150
Trd, 2591241.946, 150
Trd, 2591242.013, 150
Trd, 2591242.096, 150
Trd, 2591242.279, 150
Trd, 2591242.379, 150
Trd, 2591242.496, 150
Trd, 2591242.579, 150
Trd, 2591242.646, 150
Trd, 2591244.996, 150
Trd, 2591245.713, 150
Trd, 2591245.913, 150
Trd, 2591245.946, 150
Trd, 2591246.229, 150
Trd, 2591246.246, 150
Trd, 2591246.663, 150
Trd, 2591246.729, 150
Trd, 2591247.079, 150
Trd, 2591247.163, 150
Trd, 2591247.429, 149
Trd, 2591247.563, 149
Trd, 2591247.679, 150
Trd, 2591249.079, 150
Trd, 2591249.546, 150
Trd, 2591251.413, 150
Trd, 2591252.829, 150
Trd, 2591252.863, 150
Trd, 2591253.013, 150
Trd, 2591253.079, 150
Trd, 2591253.229, 150
Trd, 2591253.429, 150
Trd, 2591253.463, 150
Trd, 2591253.646, 149
Trd, 2591254.513, 150
Trd, 2591255.229, 150
Trd, 2591255.813, 150
Trd, 2591256.163, 150
Trd, 2591256.313, 150
Trd, 2591256.413, 150
Trd, 2591256.479, 150
Trd, 2591256.579, 150
Trd, 2591256.729, 150
Trd, 2591257.079, 149
Trd, 2591257.213, 150
Trd, 2591257.896, 150
Trd, 2591258.113, 150
Trd, 2591258.413, 150
Trd, 2591258.529, 150
Trd, 2591258.629, 149
Trd, 2591258.963, 126
Trd, 2591259.229, 136
Trd, 2591259.646, 136
Trd, 2591259.829, 121
Trd, 2591260.829, 135
Trd, 2591261.246, 133
Trd, 2591261.763, 132
Trd, 2591262.279, 130
Trd, 2591262.513, 129
Trd, 2591262.696, 129
Trd, 2591263.046, 129
Trd, 2591263.363, 129
Trd, 2591263.563, 110
Trd, 2591264.246, 107
Trd, 2591265.046, 147
Trd, 2591265.596, 117
Trd, 2591265.679, 141
Trd, 2591267.029, 100
Trd, 2591267.479, 100
Trd, 2591267.496, 100
Trd, 2591267.546, 100
Trd, 2591268.479, 100
Trd, 2591268.863, 100
Trd, 2591268.963, 100
Trd, 2591269.396, 100
Trd, 2591269.496, 100
Trd, 2591270.013, 100
Trd, 2591270.063, 100
Trd, 2591271.413, 100
Trd, 2591271.479, 100
Trd, 2591271.679, 100
Trd, 2591271.813, 100
Trd, 2591272.063, 100
Trd, 2591272.179, 101
Trd, 2591272.329, 103
Trd, 2591272.496, 107
Trd, 2591272.663, 100
Trd, 2591272.979, 117
Trd, 2591273.613, 100
Trd, 2591273.763, 109
Trd, 2591275.546, 100
Trd, 2591276.246, 100
Trd, 2591276.479, 100
Trd, 2591276.729, 101
Trd, 2591277.379, 149
Trd, 2591278.013, 100
Trd, 2591278.379, 100
Trd, 2591278.446, 100
Trd, 2591278.563, 100
Trd, 2591278.679, 100
Trd, 2591278.879, 100
Trd, 2591279.479, 100
Trd, 2591279.913, 100
Trd, 2591280.179, 100
Trd, 2591280.479, 100
Trd, 2591280.696, 100
Trd, 2591280.729, 100
Trd, 2591280.979, 100
Trd, 2591281.079, 100
Trd, 2591281.313, 100
Trd, 2591281.779, 101
Trd, 2591281.946, 127
Trd, 2591282.346, 129
Trd, 2591283.213, 132
Trd, 2591283.263, 131
Trd, 2591283.596, 133
Trd, 2591285.163, 150
Trd, 2591286.313, 149
Trd, 2591286.446, 106
Trd, 2591286.613, 103
Trd, 2591286.829, 140
Trd, 2591287.563, 139
Trd, 2591287.613, 118
Trd, 2591287.896, 100
Trd, 2591288.329, 150
Trd, 2591288.896, 150
Trd, 2591289.329, 117
Trd, 2591289.413, 116
Trd, 2591289.513, 131
Trd, 2591289.763, 101
Trd, 2591290.363, 100
Trd, 2591290.679, 100
Trd, 2591291.813, 100
Trd, 2591292.296, 100
Trd, 2591292.446, 100
Trd, 2591292.913, 100
Trd, 2591292.963, 100
Trd, 2591293.163, 102
Trd, 2591293.563, 102
Trd, 2591293.746, 101
Trd, 2591293.829, 101
Trd, 2591293.896, 103
Trd, 2591294.479, 103
Trd, 2591294.696, 103
Trd, 2591294.763, 104
Trd, 2591295.463, 128
Trd, 2591296.696, 113
Trd, 2591297.146, 114
Trd, 2591297.229, 115
Trd, 2591297.346, 129
Trd, 2591297.863, 127
Trd, 2591298.129, 126
Trd, 2591298.196, 127
Trd, 2591298.213, 118
Trd, 2591298.379, 117
Trd, 2591299.213, 141
Trd, 2591301.213, 142
Trd, 2591301.646, 135
Trd, 2591301.729, 134
Trd, 2591301.846, 133
Trd, 2591302.063, 123
Trd, 2591302.529, 136
Trd, 2591302.879, 112
Trd, 2591302.996, 141
Trd, 2591303.846, 137
Trd, 2591304.613, 131
Trd, 2591305.296, 123
Trd, 2591305.779, 125
Trd, 2591305.796, 126
Trd, 2591306.129, 126
Trd, 2591306.813, 126
Trd, 2591307.129, 126
Trd, 2591307.296, 124
Trd, 2591307.346, 127
Trd, 2591307.479, 123
Trd, 2591307.613, 121
Trd, 2591308.546, 123
Trd, 2591308.929, 125
Trd, 2591308.963, 126
Trd, 2591309.229, 148
Trd, 2591309.513, 147
Trd, 2591309.896, 150
Trd, 2591310.213, 149
Trd, 2591310.263, 149
Trd, 2591310.329, 148
Trd, 2591312.596, 150
Trd, 2591314.029, 150
Trd, 2591314.796, 150
Trd, 2591314.879, 150
Trd, 2591314.896, 150
Trd, 2591314.996, 150
Trd, 2591315.096, 149
Trd, 2591315.113, 149
Trd, 2591315.196, 150
Trd, 2591315.696, 149
Trd, 2591316.163, 135
Trd, 2591316.463, 122
Trd, 2591317.096, 146
Trd, 2591317.163, 145
Trd, 2591317.296, 146
Trd, 2591318.629, 100
Trd, 2591318.679, 100
Trd, 2591319.446, 100
Trd, 2591319.496, 100
Trd, 2591319.646, 100
Trd, 2591319.913, 100
Trd, 2591320.029, 100
Trd, 2591320.046, 100
Trd, 2591320.546, 100
Trd, 2591320.646, 100
Trd, 2591321.163, 100
Trd, 2591321.396, 112
Trd, 2591321.413, 115
Trd, 2591321.513, 102
Trd, 2591322.713, 150
Trd, 2591323.346, 150
Trd, 2591323.646, 150
Trd, 2591323.679, 150
Trd, 2591323.813, 150
Trd, 2591323.829, 150
Trd, 2591324.779, 150
Trd, 2591324.913, 114
Trd, 2591325.063, 147
Trd, 2591325.129, 150
Trd, 2591325.529, 123
Trd, 2591326.396, 150
Trd, 2591326.446, 150
Trd, 2591326.996, 150
Trd, 2591327.179, 149
Trd, 2591327.446, 150
Trd, 2591329.213, 150
Trd, 2591329.363, 150
Trd, 2591330.046, 150
Trd, 2591330.146, 149
Trd, 2591330.229, 149
Trd, 2591330.329, 149
Trd, 2591330.729, 148
Trd, 2591330.796, 147
Trd, 2591330.863, 148
Trd, 2591331.379, 147
Trd, 2591331.546, 147
Trd, 2591333.963, 122
Trd, 2591334.229, 121
Trd, 2591334.413, 119
Trd, 2591335.029, 106
Trd, 2591335.163, 104
Trd, 2591335.613, 103
Trd, 2591335.846, 104
Trd, 2591336.063, 102
Trd, 2591336.196, 102
Trd, 2591336.463, 103
Trd, 2591337.829, 100
Trd, 2591337.896, 100
Trd, 2591338.046, 100
Trd, 2591338.113, 100
Trd, 2591338.379, 100
Trd, 2591339.163, 100
Trd, 2591339.613, 102
Trd, 2591339.629, 102
Trd, 2591339.696, 102
Trd, 2591340.029, 108
Trd, 2591340.829, 107
Trd, 2591341.163, 110
Trd, 2591341.613, 110
Trd, 2591341.646, 111
Trd, 2591341.796, 150
Trd, 2591342.246, 150
Trd, 2591342.529, 150
Trd, 2591342.746, 150
Trd, 2591343.179, 150
Trd, 2591343.663, 150
Trd, 2591345.246, 150
Trd, 2591345.446, 150
Trd, 2591346.313, 150
Trd, 2591346.779, 150
Trd, 2591347.046, 150
Trd, 2591347.096, 150
Trd, 2591347.196, 150
Trd, 2591347.679, 150
Trd, 2591348.146, 149
Trd, 2591348.163, 149
Trd, 2591348.296, 124
Trd, 2591348.379, 149
Trd, 2591348.646, 146
Trd, 2591348.813, 146
Trd, 2591349.296, 147
Trd, 2591350.529, 145
Trd, 2591350.679, 148
Trd, 2591350.763, 144
Trd, 2591350.796, 143
Trd, 2591350.996, 150
Trd, 2591351.513, 149
Trd, 2591352.363, 131
Trd, 2591352.763, 131
Trd, 2591353.096, 147
Trd, 2591353.279, 134
Trd, 2591353.379, 135
Trd, 2591353.813, 134
Trd, 2591354.129, 134
Trd, 2591354.296, 133
Trd, 2591354.613, 133
Trd, 2591354.879, 134
Trd, 2591354.996, 134
Trd, 2591355.629, 148
Trd, 2591356.096, 129
Trd, 2591356.946, 129
Trd, 2591357.996, 147
Trd, 2591358.346, 146
Trd, 2591358.629, 150
Trd, 2591359.129, 149
Trd, 2591359.213, 149
Trd, 2591359.479, 118
Trd, 2591360.196, 100
Trd, 2591360.213, 148
Trd, 2591360.413, 145
Trd, 2591361.513, 142
Trd, 2591362.163, 142
Trd, 2591363.196, 136
Trd, 2591363.529, 112
Trd, 2591363.596, 111
Trd, 2591363.679, 111
Trd, 2591363.713, 111
Trd, 2591363.896, 110
Trd, 2591364.313, 112
Trd, 2591364.896, 129
Trd, 2591365.829, 126
Trd, 2591365.913, 116
Trd, 2591366.463, 117
Trd, 2591367.229, 116
Trd, 2591367.429, 125
Trd, 2591367.713, 117
Trd, 2591367.796, 127
Trd, 2591368.046, 128
Trd, 2591368.379, 126
Trd, 2591368.646, 116
Trd, 2591368.779, 129
Trd, 2591368.913, 145
Trd, 2591370.113, 100
Trd, 2591370.896, 100
Trd, 2591370.979, 101
Trd, 2591371.196, 100
Trd, 2591371.713, 100
Trd, 2591371.913, 100
Trd, 2591372.279, 100
Trd, 2591372.329, 100
Trd, 2591372.963, 100
Trd, 2591373.713, 100
Trd, 2591374.079, 100
Trd, 2591375.396, 100
Trd, 2591375.796, 100
Trd, 2591375.829, 100
Trd, 2591376.179, 100
Trd, 2591376.246, 101
Trd, 2591376.479, 101
Trd, 2591376.946, 100
Trd, 2591377.329, 106
Trd, 2591377.613, 108
Trd, 2591377.629, 127
Trd, 2591378.113, 118
Trd, 2591378.496, 117
Trd, 2591378.929, 117
Trd, 2591379.429, 137
Trd, 2591380.579, 123
Trd, 2591380.646, 110
Trd, 2591380.979, 125
Trd, 2591381.696, 138
Trd, 2591382.363, 131
Trd, 2591382.413, 130
Trd, 2591382.629, 131
Trd, 2591382.713, 133
Trd, 2591382.996, 130
Trd, 2591383.246, 137
Trd, 2591383.529, 131
Trd, 2591384.313, 150
Trd, 2591384.996, 150
Trd, 2591385.696, 150
Trd, 2591385.946, 150
Trd, 2591386.429, 150
Trd, 2591387.446, 150
Trd, 2591387.946, 150
Trd, 2591388.279, 150
Trd, 2591389.479, 150
Trd, 2591389.496, 150
Trd, 2591389.529, 150
Trd, 2591389.596, 149
Trd, 2591389.796, 150
Trd, 2591389.896, 149
Trd, 2591390.046, 149
Trd, 2591390.546, 149
Trd, 2591390.579, 148
Trd, 2591390.896, 147
Trd, 2591391.146, 148
Trd, 2591391.213, 129
Trd, 2591391.629, 147
Trd, 2591391.863, 127
Trd, 2591392.196, 147
Trd, 2591393.013, 129
Trd, 2591393.196, 126
Trd, 2591393.346, 142
Trd, 2591394.046, 142
Trd, 2591394.096, 145
Trd, 2591394.679, 150
Trd, 2591396.029, 150
Trd, 2591396.229, 150
Trd, 2591396.963, 150
Trd, 2591397.063, 150
Trd, 2591397.079, 150
Trd, 2591397.146, 150
Trd, 2591397.813, 150
Trd, 2591397.846, 150
Trd, 2591397.963, 150
Trd, 2591398.213, 150
Trd, 2591398.363, 150
Trd, 2591398.463, 150
Trd, 2591398.513, 149
Trd, 2591398.796, 150
Trd, 2591398.829, 148
Trd, 2591399.913, 142
Trd, 2591400.529, 131
Trd, 2591400.896, 131
Trd, 2591401.413, 137
Trd, 2591401.863, 137
Trd, 2591402.413, 138
Trd, 2591402.846, 140
Trd, 2591403.246, 134
Trd, 2591403.346, 138
Trd, 2591403.963, 150
Trd, 2591404.213, 150
Trd, 2591404.996, 150
Trd, 2591405.946, 150
Trd, 2591407.179, 150
Trd, 2591407.296, 149
Trd, 2591407.613, 148
Trd, 2591408.329, 125
Trd, 2591408.379, 145
Trd, 2591408.863, 125
Trd, 2591409.179, 124
Trd, 2591409.246, 128
Trd, 2591409.513, 128
Trd, 2591410.029, 130
Trd, 2591410.163, 124
Trd, 2591410.463, 123
Trd, 2591411.229, 123
Trd, 2591411.513, 118
Trd, 2591411.963, 118
Trd, 2591412.146, 111
Trd, 2591413.346, 104
Trd, 2591413.429, 101
Trd, 2591413.446, 104
Trd, 2591413.513, 107
Trd, 2591413.613, 100
Trd, 2591414.129, 106
Trd, 2591414.179, 107
Trd, 2591415.496, 107
Trd, 2591415.696, 104
Trd, 2591415.729, 108
Trd, 2591416.113, 150
Trd, 2591416.213, 147
Trd, 2591416.446, 150
Trd, 2591417.029, 150
Trd, 2591417.279, 150
Trd, 2591417.813, 150
Trd, 2591418.196, 150
Trd, 2591419.579, 150
Trd, 2591419.746, 150
Trd, 2591420.396, 150
Trd, 2591420.863, 150
Trd, 2591420.929, 150
Trd, 2591421.129, 150
Trd, 2591421.163, 150
Trd, 2591421.196, 150
Trd, 2591421.229, 150
Trd, 2591421.646, 149
Trd, 2591422.296, 149
Trd, 2591422.796, 150
Trd, 2591423.063, 150
Trd, 2591423.513, 149
Trd, 2591423.596, 134
Trd, 2591423.929, 148
Trd, 2591424.413, 147
Trd, 2591424.779, 150
Trd, 2591425.396, 150
Trd, 2591426.163, 150
Trd, 2591426.713, 150
Trd, 2591426.846, 150
Trd, 2591427.063, 149
Trd, 2591427.513, 150
Trd, 2591427.546, 143
Trd, 2591427.596, 143
Trd, 2591428.863, 150
Trd, 2591428.879, 150
Trd, 2591428.946, 150
Trd, 2591428.963, 149
Trd, 2591429.063, 148
Trd, 2591429.346, 148
Trd, 2591429.529, 147
Trd, 2591431.013, 123
Trd, 2591431.079, 110
Trd, 2591431.113, 144
Trd, 2591431.213, 145
Trd, 2591431.663, 143
Trd, 2591432.096, 139
Trd, 2591432.379, 132
Trd, 2591433.113, 112
Trd, 2591434.846, 122
Trd, 2591435.429, 123
Trd, 2591435.479, 122
Trd, 2591435.979, 122
Trd, 2591436.196, 123
Trd, 2591436.313, 123
Trd, 2591436.479, 124
Trd, 2591436.629, 122
Trd, 2591436.713, 103
Trd, 2591437.079, 106
Trd, 2591437.479, 105
Trd, 2591437.629, 105
Trd, 2591437.696, 107
Trd, 2591437.729, 112
Trd, 2591438.663, 126
Trd, 2591440.429, 100
Trd, 2591440.613, 100
Trd, 2591440.846, 100
Trd, 2591441.729, 100
Trd, 2591442.029, 100
Trd, 2591442.096, 124
Trd, 2591442.229, 128
Trd, 2591442.913, 119
Trd, 2591442.963, 119
Trd, 2591443.813, 115
Trd, 2591443.846, 115
Trd, 2591444.363, 102
Trd, 2591445.029, 100
Trd, 2591445.046, 100
Trd, 2591445.263, 100
Trd, 2591445.446, 100
Trd, 2591445.496, 103
Trd, 2591445.763, 101
Trd, 2591445.863, 112
Trd, 2591445.996, 120
Trd, 2591448.146, 150
Trd, 2591448.663, 150
Trd, 2591448.829, 150
Trd, 2591448.846, 149
Trd, 2591448.979, 148
Trd, 2591449.363, 149
Trd, 2591449.463, 150
Trd, 2591449.596, 150
Trd, 2591449.913, 150
Trd, 2591450.046, 150
Trd, 2591450.146, 150
Trd, 2591450.796, 150
Trd, 2591451.596, 150
Trd, 2591452.396, 150
Trd, 2591454.429, 150
Trd, 2591454.446, 150
Trd, 2591454.663, 150
Trd, 2591455.429, 150
Trd, 2591455.529, 150
Trd, 2591455.579, 150
Trd, 2591455.596, 150
Trd, 2591455.979, 150
Trd, 2591456.046, 150
Trd, 2591456.413, 150
Trd, 2591456.513, 150
Trd, 2591456.863, 150
Trd, 2591457.213, 150
Trd, 2591457.496, 149
Trd, 2591457.513, 150
Trd, 2591457.996, 150
Trd, 2591458.446, 150
Trd, 2591458.879, 150
Trd, 2591458.996, 149
Trd, 2591459.379, 150
Trd, 2591459.579, 150
Trd, 2591461.763, 150
Trd, 2591462.996, 150
Trd, 2591463.596, 150
Trd, 2591463.679, 150
Trd, 2591464.029, 150
Trd, 2591464.963, 150
Trd, 2591465.079, 150
Trd, 2591465.246, 150
Trd, 2591465.363, 150
Trd, 2591466.196, 149
Trd, 2591466.246, 150
Trd, 2591466.563, 149
Trd, 2591466.763, 149
Trd, 2591466.863, 130
Trd, 2591467.063, 128
Trd, 2591467.179, 147
Trd, 2591467.596, 117
Trd, 2591467.879, 146
Trd, 2591468.163, 132
Trd, 2591468.813, 130
Trd, 2591469.063, 121
Trd, 2591469.746, 107
Trd, 2591470.879, 123
Trd, 2591470.946, 124
Trd, 2591471.446, 125
Trd, 2591471.463, 115
Trd, 2591471.696, 113
Trd, 2591472.179, 106
Trd, 2591472.196, 107
Trd, 2591472.313, 125
Trd, 2591473.163, 101
Trd, 2591473.829, 100
Trd, 2591473.879, 108
Trd, 2591474.346, 109
Trd, 2591474.513, 107
Trd, 2591474.929, 150
Trd, 2591475.579, 150
Trd, 2591476.446, 150
Trd, 2591476.663, 150
Trd, 2591477.929, 150
Trd, 2591478.046, 150
Trd, 2591478.513, 149
Trd, 2591478.563, 149
Trd, 2591478.646, 149
Trd, 2591478.796, 149
Trd, 2591479.096, 148
Trd, 2591479.163, 149
Trd, 2591479.563, 149
Trd, 2591480.013, 118
Trd, 2591480.979, 141
Trd, 2591481.163, 150
Trd, 2591481.829, 149
Trd, 2591481.913, 148
Trd, 2591482.146, 103
Trd, 2591482.296, 103
Trd, 2591482.713, 107
Trd, 2591483.746, 105
Trd, 2591484.229, 103
Trd, 2591484.329, 105
Trd, 2591484.879, 101
Trd, 2591485.146, 102
Trd, 2591485.346, 103
Trd, 2591486.013, 142
Trd, 2591486.679, 150
Trd, 2591487.546, 150
Trd, 2591488.146, 150
Trd, 2591488.313, 150
Trd, 2591488.663, 150
Trd, 2591488.696, 150
Trd, 2591488.779, 150
Trd, 2591490.379, 143
Trd, 2591490.429, 144
Trd, 2591490.896, 122
Trd, 2591490.963, 143
Trd, 2591491.146, 144
Trd, 2591491.163, 146
Trd, 2591491.246, 150
Trd, 2591491.646, 141
Trd, 2591492.129, 150
Trd, 2591492.346, 149
Trd, 2591492.413, 141
Trd, 2591492.546, 120
Trd, 2591492.613, 149
Trd, 2591492.779, 148
Trd, 2591492.846, 119
Trd, 2591493.629, 100
Trd, 2591495.163, 100
Trd, 2591495.229, 100
Trd, 2591495.763, 100
Trd, 2591496.346, 100
Trd, 2591496.763, 100
Trd, 2591496.846, 100
Trd, 2591496.896, 100
Trd, 2591497.279, 100
Trd, 2591497.696, 100
Trd, 2591497.913, 100
Trd, 2591498.096, 100
Trd, 2591498.579, 100
Trd, 2591498.696, 101
Trd, 2591498.796, 103
Trd, 2591498.946, 101
Trd, 2591500.363, 109
Trd, 2591500.829, 111
Trd, 2591501.096, 111
Trd, 2591501.813, 114
Trd, 2591502.313, 114
Trd, 2591502.329, 113
Trd, 2591502.446, 112
Trd, 2591503.396, 150
Trd, 2591503.763, 150
Trd, 2591504.046, 150
Trd, 2591504.296, 149
Trd, 2591506.029, 150
Trd, 2591506.229, 150
Trd, 2591506.363, 150
Trd, 2591508.913, 150
Trd, 2591509.179, 150
Trd, 2591509.763, 150
Trd, 2591509.896, 150
Trd, 2591509.946, 150
Trd, 2591510.013, 150
Trd, 2591510.246, 149
Trd, 2591510.313, 150
Trd, 2591510.613, 148
Trd, 2591510.779, 149
Trd, 2591510.846, 147
Trd, 2591511.363, 148
Trd, 2591511.579, 147
Trd, 2591511.679, 149
Trd, 2591512.679, 130
Trd, 2591512.713, 129
Trd, 2591512.729, 135
Trd, 2591512.929, 135
Trd, 2591513.396, 134
Trd, 2591513.813, 136
Trd, 2591513.829, 138
Trd, 2591514.646, 139
Trd, 2591515.363, 150
Trd, 2591516.129, 150
Trd, 2591517.079, 150
Trd, 2591517.146, 150
Trd, 2591517.579, 150
Trd, 2591517.696, 150
Trd, 2591517.729, 150
Trd, 2591518.063, 150
Trd, 2591518.096, 149
Trd, 2591518.363, 150
Trd, 2591518.679, 149
Trd, 2591518.863, 149
Trd, 2591519.046, 149
Trd, 2591519.163, 148
Trd, 2591519.246, 150
Trd, 2591520.129, 147
Trd, 2591520.713, 146
Trd, 2591521.046, 144
Trd, 2591521.496, 144
Trd, 2591521.563, 143
Trd, 2591521.613, 149
Trd, 2591523.079, 146
Trd, 2591523.246, 144
Trd, 2591523.746, 150
Trd, 2591525.013, 150
Trd, 2591525.779, 150
Trd, 2591526.446, 150
Trd, 2591526.496, 150
Trd, 2591526.629, 150
Trd, 2591526.863, 150
Trd, 2591527.163, 150
Trd, 2591527.396, 150
Trd, 2591527.463, 149
Trd, 2591527.846, 147
Trd, 2591528.296, 147
Trd, 2591528.579, 145
Trd, 2591528.813, 144
Trd, 2591529.096, 112
Trd, 2591529.329, 145
Trd, 2591531.263, 150
Trd, 2591531.396, 150
Trd, 2591532.213, 150
Trd, 2591532.379, 150
Trd, 2591532.646, 150
Trd, 2591532.679, 149
Trd, 2591532.846, 145
Trd, 2591533.129, 144
Trd, 2591533.279, 105
Trd, 2591533.463, 141
Trd, 2591533.696, 140
Trd, 2591533.929, 141
Trd, 2591534.746, 124
Trd, 2591535.363, 130
Trd, 2591535.413, 126
Trd, 2591535.896, 131
Trd, 2591536.146, 131
Trd, 2591536.346, 121
Trd, 2591536.813, 116
Trd, 2591537.229, 113
Trd, 2591537.346, 114
Trd, 2591537.429, 149
Trd, 2591538.329, 148
Trd, 2591539.829, 150
Trd, 2591539.963, 150
Trd, 2591540.279, 150
Trd, 2591540.313, 149
Trd, 2591540.429, 149
Trd, 2591540.446, 148
Trd, 2591540.513, 142
Trd, 2591541.696, 122
Trd, 2591542.163, 102
Trd, 2591542.463, 108
Trd, 2591542.713, 108
Trd, 2591542.729, 110
Trd, 2591543.129, 111
Trd, 2591543.646, 150
Trd, 2591543.663, 150
Trd, 2591544.463, 150
Trd, 2591545.229, 150
Trd, 2591545.529, 150
Trd, 2591545.546, 150
Trd, 2591545.746, 150
Trd, 2591546.829, 150
Trd, 2591546.846, 150
Trd, 2591547.279, 150
Trd, 2591547.296, 149
Trd, 2591547.963, 150
Trd, 2591548.163, 149
Trd, 2591548.596, 150
Trd, 2591548.896, 149
Trd, 2591549.346, 150
Trd, 2591549.379, 147
Trd, 2591549.913, 143
Trd, 2591550.213, 118
Trd, 2591550.579, 141
Trd, 2591550.779, 115
Trd, 2591551.129, 137
Trd, 2591551.863, 136
Trd, 2591551.979, 137
Trd, 2591552.679, 135
Trd, 2591552.713, 115
Trd, 2591552.863, 133
Trd, 2591553.396, 132
Trd, 2591554.029, 133
Trd, 2591554.696, 118
Trd, 2591554.913, 129
Trd, 2591554.996, 117
Trd, 2591555.829, 125
Trd, 2591556.363, 106
Trd, 2591556.529, 107
Trd, 2591556.629, 128
Trd, 2591557.079, 102
Trd, 2591557.446, 144
Trd, 2591558.096, 148
Trd, 2591558.763, 146
Trd, 2591559.029, 147
Trd, 2591559.529, 148
Trd, 2591560.129, 148
Trd, 2591560.196, 147
Trd, 2591561.179, 141
Trd, 2591561.546, 138
Trd, 2591561.879, 105
Trd, 2591561.963, 106
Trd, 2591562.546, 101
Trd, 2591562.596, 102
Trd, 2591562.913, 102
Trd, 2591562.963, 103
Trd, 2591563.546, 103
Trd, 2591563.629, 104
Trd, 2591563.796, 101
Trd, 2591564.896, 100
Trd, 2591565.013, 100
Trd, 2591566.229, 100
Trd, 2591566.663, 100
Trd, 2591566.979, 100
Trd, 2591567.263, 100
Trd, 2591567.863, 100
Trd, 2591568.113, 100
Trd, 2591568.513, 100
Trd, 2591568.546, 100
Trd, 2591568.613, 100
Trd, 2591568.646, 103
Trd, 2591568.896, 102
Trd, 2591569.396, 103
Trd, 2591569.863, 104
Trd, 2591569.896, 106
Trd, 2591570.263, 105
Trd, 2591570.663, 109
Trd, 2591570.746, 104
Trd, 2591572.496, 150
Trd, 2591572.546, 150
Trd, 2591572.596, 150
Trd, 2591572.763, 150
Trd, 2591572.846, 150
Trd, 2591572.979, 147
Trd, 2591574.413, 150
Trd, 2591576.663, 150
Trd, 2591577.013, 150
Trd, 2591577.063, 150
Trd, 2591577.263, 150
Trd, 2591577.746, 150
Trd, 2591577.829, 150
Trd, 2591577.846, 150
Trd, 2591577.963, 150
Trd, 2591578.013, 150
Trd, 2591578.046, 150
Trd, 2591578.079, 150
Trd, 2591578.096, 150
Trd, 2591578.179, 150
Trd, 2591578.346, 149
Trd, 2591578.646, 150
Trd, 2591578.979, 150
Trd, 2591581.096, 150
Trd, 2591582.046, 150
Trd, 2591582.163, 149
Trd, 2591582.363, 150
Trd, 2591582.496, 149
Trd, 2591582.629, 149
Trd, 2591582.779, 149
Trd, 2591582.846, 149
Trd, 2591582.946, 145
Trd, 2591583.279, 145
Trd, 2591583.779, 101
Trd, 2591584.179, 101
Trd, 2591584.663, 101
Trd, 2591584.763, 102
Trd, 2591584.779, 113
Trd, 2591586.396, 100
Trd, 2591587.096, 100
Trd, 2591587.329, 100
Trd, 2591587.846, 100
Trd, 2591588.346, 100
Trd, 2591588.429, 100
Trd, 2591588.613, 100
Trd, 2591588.863, 100
Trd, 2591590.196, 100
Trd, 2591590.313, 100
Trd, 2591590.829, 100
Trd, 2591591.229, 100
Trd, 2591591.413, 100
Trd, 2591591.429, 100
Trd, 2591591.446, 101
Trd, 2591591.729, 100
Trd, 2591591.996, 101
Trd, 2591592.113, 100
Trd, 2591592.396, 101
Trd, 2591592.513, 102
Trd, 2591592.946, 118
Trd, 2591593.229, 128
Trd, 2591593.263, 150
Trd, 2591593.446, 150
Trd, 2591593.829, 130
Trd, 2591594.179, 104
Trd, 2591594.263, 103
Trd, 2591594.363, 110
Trd, 2591594.846, 105
Trd, 2591596.279, 113
Trd, 2591596.296, 115
Trd, 2591596.379, 116
Trd, 2591596.479, 118
Trd, 2591597.363, 150
Trd, 2591597.396, 150
Trd, 2591597.496, 150
Trd, 2591597.596, 149
Trd, 2591598.113, 149
Trd, 2591600.279, 150
Trd, 2591600.379, 150
Trd, 2591600.463, 150
Trd, 2591600.529, 150
Trd, 2591600.963, 148
Trd, 2591601.479, 148
Trd, 2591601.879, 145
Trd, 2591601.963, 146
Trd, 2591602.413, 144
Trd, 2591603.313, 144
Trd, 2591603.429, 142
Trd, 2591603.696, 135
Trd, 2591604.196, 141
Trd, 2591604.329, 140
Trd, 2591604.546, 142
Trd, 2591605.229, 146
Trd, 2591605.713, 150
Trd, 2591606.396, 150
Trd, 2591606.429, 149
Trd, 2591606.629, 144
Trd, 2591606.713, 150
Trd, 2591607.879, 150
Trd, 2591608.163, 149
Trd, 2591608.363, 149
Trd, 2591610.596, 150
Trd, 2591610.646, 150
Trd, 2591610.729, 150
Trd, 2591610.829, 150
Trd, 2591611.129, 150
Trd, 2591611.179, 150
Trd, 2591611.496, 150
Trd, 2591611.913, 148
Trd, 2591611.929, 148
Trd, 2591611.996, 133
Trd, 2591612.563, 147
Trd, 2591613.013, 120
Trd, 2591613.163, 148
Trd, 2591613.579, 148
Trd, 2591614.279, 116
Trd, 2591615.029, 150
Trd, 2591615.179, 150
Trd, 2591615.229, 150
Trd, 2591615.596, 150
Trd, 2591615.613, 149
Trd, 2591616.479, 150
Trd, 2591617.346, 149
Trd, 2591617.679, 147
Trd, 2591618.063, 149
Trd, 2591618.679, 124
Trd, 2591619.496, 146
Trd, 2591619.629, 115
Trd, 2591619.979, 145
Trd, 2591620.196, 116
Trd, 2591620.313, 131
Trd, 2591621.129, 137
Trd, 2591621.646, 142
Trd, 2591621.713, 143
Trd, 2591621.746, 144
Trd, 2591622.046, 121
Trd, 2591622.329, 146
Trd, 2591623.146, 150
Trd, 2591624.546, 150
Trd, 2591625.046, 150
Trd, 2591625.363, 150
Trd, 2591625.496, 150
Trd, 2591625.529, 150
Trd, 2591625.746, 150
Trd, 2591625.846, 150
Trd, 2591625.963, 149
Trd, 2591626.213, 150
Trd, 2591626.263, 121
Trd, 2591626.679, 148
Trd, 2591627.063, 141
Trd, 2591627.829, 143
Trd, 2591628.146, 142
Trd, 2591628.346, 104
Trd, 2591628.496, 142
Trd, 2591628.629, 143
Trd, 2591630.029, 100
Trd, 2591630.346, 100
Trd, 2591630.413, 100
Trd, 2591630.496, 100
Trd, 2591630.663, 101
Trd, 2591630.979, 102
Trd, 2591631.596, 103
Trd, 2591631.663, 104
Trd, 2591632.279, 101
Trd, 2591632.513, 104
Trd, 2591632.696, 106
Trd, 2591632.879, 107
Trd, 2591632.996, 150
Trd, 2591633.329, 100
Trd, 2591633.979, 100
Trd, 2591634.013, 110
Trd, 2591635.196, 126
Trd, 2591635.713, 126
Trd, 2591635.979, 127
Trd, 2591636.629, 150
Trd, 2591636.929, 102
Trd, 2591637.229, 150
Trd, 2591637.679, 150
Trd, 2591639.129, 150
Trd, 2591639.263, 150
Trd, 2591639.613, 149
Trd, 2591640.429, 150
Trd, 2591641.863, 150
Trd, 2591642.329, 150
Trd, 2591642.346, 150
Trd, 2591642.396, 150
Trd, 2591642.813, 150
Trd, 2591642.879, 150
Trd, 2591642.979, 150
Trd, 2591643.029, 150
Trd, 2591643.046, 150
Trd, 2591643.246, 150
Trd, 2591643.513, 150
Trd, 2591643.779, 150
Trd, 2591643.813, 150
Trd, 2591643.879, 150
Trd, 2591643.946, 149
Trd, 2591644.363, 147
Trd, 2591644.429, 144
Trd, 2591644.463, 126
Trd, 2591645.896, 113
Trd, 2591646.446, 100
Trd, 2591647.196, 102
Trd, 2591647.513, 104
Trd, 2591647.696, 105
Trd, 2591647.979, 104
Trd, 2591648.063, 105
Trd, 2591648.346, 105
Trd, 2591648.579, 106
Trd, 2591648.996, 107
Trd, 2591649.046, 113
Trd, 2591649.596, 129
Trd, 2591649.979, 130
Trd, 2591650.263, 150
Trd, 2591650.829, 150
Trd, 2591651.379, 150
Trd, 2591652.579, 150
Trd, 2591652.729, 150
Trd, 2591652.946, 150
Trd, 2591654.046, 150
Trd, 2591654.596, 150
Trd, 2591654.646, 150
Trd, 2591654.663, 150
Trd, 2591655.513, 150
Trd, 2591655.796, 150
Trd, 2591656.229, 150
Trd, 2591656.396, 150
Trd, 2591656.613, 150
Trd, 2591657.096, 149
Trd, 2591657.229, 149
Trd, 2591657.413, 149
Trd, 2591657.679, 102
Trd, 2591657.829, 115
Trd, 2591658.663, 143
Trd, 2591658.979, 142
Trd, 2591659.129, 143
Trd, 2591659.146, 122
Trd, 2591659.779, 142
Trd, 2591660.379, 143
Trd, 2591661.313, 138
Trd, 2591661.529, 136
Trd, 2591662.679, 145
Trd, 2591662.813, 134
Trd, 2591662.979, 132
Trd, 2591663.063, 146
Trd, 2591663.329, 132
Trd, 2591663.846, 146
Trd, 2591663.979, 147
Trd, 2591664.263, 148
Trd, 2591664.863, 150
Trd, 2591664.896, 150
Trd, 2591664.996, 150
Trd, 2591665.496, 150
Trd, 2591667.313, 150
Trd, 2591668.379, 150
Trd, 2591668.796, 150
Trd, 2591668.846, 150
Trd, 2591668.913, 150
Trd, 2591669.079, 150
Trd, 2591669.229, 150
Trd, 2591670.213, 150
Trd, 2591670.346, 150
Trd, 2591670.563, 149
Trd, 2591671.013, 149
Trd, 2591671.679, 150
Trd, 2591672.029, 150
Trd, 2591672.196, 150
Trd, 2591672.896, 149
Trd, 2591672.963, 147
Trd, 2591673.529, 150
Trd, 2591674.096, 148
Trd, 2591674.263, 125
Trd, 2591674.679, 149
Trd, 2591674.846, 150
Trd, 2591674.963, 148
Trd, 2591676.979, 150
Trd, 2591676.996, 150
Trd, 2591677.096, 150
Trd, 2591677.229, 150
Trd, 2591677.379, 150
Trd, 2591677.413, 148
Trd, 2591677.446, 128
Trd, 2591678.079, 149
Trd, 2591678.396, 149
Trd, 2591678.546, 150
Trd, 2591679.213, 148
Trd, 2591679.529, 146
Trd, 2591679.663, 147
Trd, 2591679.679, 149
Trd, 2591680.629, 135
Trd, 2591681.513, 149
Trd, 2591681.963, 150
Trd, 2591682.263, 150
Trd, 2591682.813, 150
Trd, 2591683.046, 150
Trd, 2591683.129, 150
Trd, 2591683.829, 150
Trd, 2591684.213, 149
Trd, 2591684.413, 148
Trd, 2591684.596, 148
Trd, 2591685.613, 146
Trd, 2591685.746, 145
Trd, 2591686.196, 125
Trd, 2591686.596, 109
Trd, 2591686.879, 103
Trd, 2591687.229, 142
Trd, 2591687.263, 143
Trd, 2591687.596, 107
Trd, 2591687.979, 140
Trd, 2591688.029, 105
Trd, 2591690.496, 100
Trd, 2591690.879, 100
Trd, 2591691.196, 100
Trd, 2591691.246, 100
Trd, 2591691.279, 100
Trd, 2591691.429, 100
Trd, 2591691.463, 100
Trd, 2591691.779, 100
Trd, 2591691.796, 101
Trd, 2591692.029, 101
Trd, 2591692.296, 104
Trd, 2591692.913, 100
Trd, 2591693.096, 101
Trd, 2591693.529, 107
Trd, 2591693.663, 101
Trd, 2591693.829, 127
Trd, 2591694.079, 132
Trd, 2591695.363, 150
Trd, 2591696.146, 150
Trd, 2591696.213, 150
Trd, 2591697.663, 150
Trd, 2591698.079, 150
Trd, 2591699.496, 150
Trd, 2591699.563, 150
Trd, 2591699.629, 150
Trd, 2591699.713, 150
Trd, 2591699.829, 150
Trd, 2591700.213, 150
Trd, 2591700.363, 150
Trd, 2591700.429, 150
Trd, 2591700.546, 150
Trd, 2591700.713, 150
Trd, 2591700.929, 149
Trd, 2591701.646, 150
Trd, 2591702.096, 150
Trd, 2591702.163, 149
Trd, 2591702.496, 137
Trd, 2591702.813, 100
Trd, 2591702.879, 101
Trd, 2591703.029, 100
Trd, 2591703.413, 100
Trd, 2591703.496, 100
Trd, 2591704.596, 100
Trd, 2591704.863, 100
Trd, 2591705.113, 100
Trd, 2591705.246, 100
Trd, 2591705.413, 102
Trd, 2591705.963, 102
Trd, 2591706.179, 103
Trd, 2591706.246, 104
Trd, 2591707.079, 112
Trd, 2591707.646, 150
Trd, 2591708.046, 150
Trd, 2591710.063, 150
Trd, 2591710.196, 150
Trd, 2591710.913, 150
Trd, 2591711.029, 150
Trd, 2591711.996, 150
Trd, 2591712.046, 150
Trd, 2591712.663, 150
Trd, 2591712.746, 150
Trd, 2591712.896, 150
Trd, 2591712.996, 150
Trd, 2591713.029, 150
Trd, 2591713.196, 149
Trd, 2591713.296, 149
Trd, 2591713.313, 146
Trd, 2591713.629, 149
Trd, 2591714.579, 146
Trd, 2591714.996, 147
Trd, 2591715.113, 135
Trd, 2591715.146, 134
Trd, 2591716.046, 139
Trd, 2591716.229, 140
Trd, 2591717.979, 100
Trd, 2591718.063, 100
Trd, 2591718.379, 100
Trd, 2591718.779, 100
Trd, 2591719.113, 100
Trd, 2591719.379, 100
Trd, 2591719.546, 100
Trd, 2591719.596, 100
Trd, 2591719.763, 100
Trd, 2591720.246, 100
Trd, 2591720.296, 100
Trd, 2591720.846, 100
Trd, 2591720.929, 100
Trd, 2591721.079, 101
Trd, 2591721.913, 101
Trd, 2591722.379, 102
Trd, 2591722.463, 111
Trd, 2591722.579, 130
Trd, 2591722.763, 137
Trd, 2591723.496, 150
Trd, 2591723.863, 149
Trd, 2591725.246, 150
Trd, 2591725.896, 150
Trd, 2591727.179, 150
Trd, 2591728.829, 150
Trd, 2591729.029, 150
Trd, 2591729.713, 150
Trd, 2591730.596, 150
Trd, 2591730.629, 150
Trd, 2591730.696, 150
Trd, 2591730.796, 150
Trd, 2591731.346, 150
Trd, 2591731.496, 150
Trd, 2591731.546, 150
Trd, 2591731.846, 150
Trd, 2591731.929, 150
Trd, 2591732.096, 150
Trd, 2591732.813, 149
Trd, 2591732.879, 150
Trd, 2591733.313, 150
Trd, 2591733.413, 150
Trd, 2591733.579, 149
Trd, 2591733.696, 149
Trd, 2591733.779, 149
Trd, 2591734.146, 148
Trd, 2591734.563, 121
Trd, 2591734.829, 149
Trd, 2591735.196, 125
Trd, 2591735.513, 149
Trd, 2591735.663, 125
Trd, 2591735.713, 124
Trd, 2591736.113, 145
Trd, 2591736.329, 146
Trd, 2591737.179, 149
Trd, 2591738.479, 150
Trd, 2591739.113, 150
Trd, 2591739.996, 150
Trd, 2591740.029, 150
Trd, 2591740.096, 150
Trd, 2591740.346, 150
Trd, 2591740.496, 150
Trd, 2591740.663, 150
Trd, 2591740.846, 149
Trd, 2591741.063, 143
Trd, 2591741.079, 145
Trd, 2591741.463, 150
Trd, 2591742.279, 150
Trd, 2591742.846, 150
Trd, 2591743.363, 149
Trd, 2591743.779, 149
Trd, 2591744.996, 150
Trd, 2591745.329, 150
Trd, 2591746.096, 150
Trd, 2591746.146, 150
Trd, 2591746.363, 150
Trd, 2591746.413, 148
Trd, 2591746.713, 149
Trd, 2591747.063, 147
Trd, 2591747.746, 131
Trd, 2591747.829, 149
Trd, 2591748.046, 133
Trd, 2591748.446, 147
Trd, 2591749.146, 140
Trd, 2591749.896, 150
Trd, 2591751.063, 150
Trd, 2591751.746, 150
Trd, 2591752.079, 150
Trd, 2591752.329, 150
Trd, 2591752.529, 150
Trd, 2591752.579, 150
Trd, 2591752.663, 150
Trd, 2591752.796, 150
Trd, 2591752.829, 149
Trd, 2591752.929, 149
Trd, 2591752.963, 126
Trd, 2591754.296, 145
Trd, 2591755.279, 105
Trd, 2591755.563, 106
Trd, 2591756.846, 102
Trd, 2591757.746, 100
Trd, 2591757.863, 100
Trd, 2591757.879, 100
Trd, 2591758.046, 100
Trd, 2591758.496, 105
Trd, 2591758.646, 105
Trd, 2591758.896, 106
Trd, 2591759.013, 114
Trd, 2591759.113, 135
Trd, 2591759.479, 110
Trd, 2591759.646, 113
Trd, 2591759.746, 113
Trd, 2591759.763, 108
Trd, 2591759.963, 114
Trd, 2591760.279, 114
Trd, 2591760.863, 111
Trd, 2591760.929, 109
Trd, 2591761.213, 110
Trd, 2591761.346, 108
Trd, 2591762.096, 111
Trd, 2591762.129, 123
Trd, 2591762.213, 138
Trd, 2591762.963, 150
Trd, 2591763.463, 150
Trd, 2591763.663, 150
Trd, 2591763.746, 150
Trd, 2591764.113, 146
Trd, 2591764.329, 125
Trd, 2591764.363, 149
Trd, 2591765.513, 148
Trd, 2591766.296, 140
Trd, 2591766.613, 137
Trd, 2591766.779, 136
Trd, 2591766.913, 135
Trd, 2591767.379, 143
Trd, 2591769.279, 113
Trd, 2591769.513, 102
Trd, 2591770.429, 102
Trd, 2591770.529, 102
Trd, 2591771.046, 103
Trd, 2591771.396, 101
Trd, 2591771.446, 101
Trd, 2591771.529, 102
Trd, 2591771.763, 102
Trd, 2591772.029, 102
Trd, 2591772.079, 103
Trd, 2591772.263, 105
Trd, 2591772.746, 106
Trd, 2591773.063, 108
Trd, 2591773.346, 110
Trd, 2591773.979, 110
Trd, 2591774.046, 111
Trd, 2591774.063, 150
Trd, 2591775.279, 128
Trd, 2591776.129, 121
Trd, 2591776.613, 117
Trd, 2591777.113, 120
Trd, 2591777.279, 121
Trd, 2591777.796, 119
Trd, 2591777.979, 119
Trd, 2591778.129, 119
Trd, 2591778.179, 118
Trd, 2591778.246, 120
Trd, 2591778.363, 117
Trd, 2591778.446, 121
Trd, 2591778.679, 125
Trd, 2591778.713, 124
Trd, 2591781.613, 150
Trd, 2591782.746, 150
Trd, 2591783.029, 150
Trd, 2591784.463, 150
Trd, 2591784.729, 149
Trd, 2591784.813, 150
Trd, 2591784.929, 150
Trd, 2591785.013, 149
Trd, 2591785.046, 149
Trd, 2591785.146, 150
Trd, 2591785.513, 150
Trd, 2591785.679, 149
Trd, 2591785.846, 149
Trd, 2591786.196, 150
Trd, 2591786.279, 150
Trd, 2591786.563, 147
Trd, 2591786.863, 148
Trd, 2591787.163, 148
Trd, 2591788.179, 124
Trd, 2591788.263, 121
Trd, 2591788.546, 133
Trd, 2591789.196, 104
Trd, 2591789.429, 139
Trd, 2591790.563, 100
Trd, 2591790.663, 101
Trd, 2591791.513, 130
Trd, 2591792.213, 126
Trd, 2591792.263, 123
Trd, 2591792.729, 124
Trd, 2591792.896, 124
Trd, 2591792.963, 122
Trd, 2591793.296, 125
Trd, 2591793.396, 125
Trd, 2591793.763, 126
Trd, 2591794.113, 126
Trd, 2591794.396, 127
Trd, 2591794.863, 101
Trd, 2591796.279, 105
Trd, 2591797.179, 150
Trd, 2591798.029, 150
Trd, 2591798.113, 150
Trd, 2591798.896, 150
Trd, 2591799.613, 150
Trd, 2591800.079, 150
Trd, 2591800.446, 150
Trd, 2591800.663, 150
Trd, 2591800.779, 150
Trd, 2591800.796, 150
Trd, 2591800.813, 150
Trd, 2591800.829, 150
Trd, 2591801.079, 150
Trd, 2591801.096, 150
Trd, 2591801.113, 149
Trd, 2591801.513, 125
Trd, 2591802.096, 147
Trd, 2591802.329, 148
Trd, 2591802.613, 148
Trd, 2591803.179, 150
Trd, 2591803.663, 150
Trd, 2591804.679, 146
Trd, 2591804.979, 146
Trd, 2591805.429, 146
Trd, 2591805.629, 145
Trd, 2591805.946, 146
Trd, 2591807.096, 150
Trd, 2591807.663, 149
Trd, 2591807.696, 148
Trd, 2591808.129, 147
Trd, 2591808.263, 127
Trd, 2591808.346, 148
Trd, 2591809.463, 103
Trd, 2591809.729, 104
Trd, 2591810.063, 148
Trd, 2591810.529, 102
Trd, 2591810.646, 106
Trd, 2591810.713, 147
Trd, 2591811.979, 105
Trd, 2591812.296, 100
Trd, 2591813.029, 100
Trd, 2591813.263, 100
Trd, 2591813.563, 100
Trd, 2591813.579, 100
Trd, 2591813.879, 100
Trd, 2591813.929, 100
Trd, 2591814.163, 100
Trd, 2591814.279, 132
Trd, 2591814.913, 102
Trd, 2591815.263, 105
Trd, 2591815.496, 117
Trd, 2591815.729, 119
Trd, 2591815.863, 108
Trd, 2591815.913, 104
Trd, 2591816.496, 103
Trd, 2591817.096, 106
Trd, 2591818.629, 100
Trd, 2591819.646, 100
Trd, 2591819.796, 100
Trd, 2591820.579, 101
Trd, 2591820.613, 104
Trd, 2591820.629, 105
Trd, 2591820.829, 145
Trd, 2591821.463, 150
Trd, 2591822.113, 150
Trd, 2591823.196, 150
Trd, 2591825.746, 150
Trd, 2591825.846, 150
Trd, 2591826.063, 150
Trd, 2591826.096, 150
Trd, 2591826.329, 150
Trd, 2591826.363, 150
Trd, 2591826.479, 150
Trd, 2591827.279, 150
Trd, 2591827.379, 150
Trd, 2591827.429, 150
Trd, 2591827.696, 150
Trd, 2591828.179, 150
Trd, 2591828.613, 150
Trd, 2591828.779, 150
Trd, 2591829.379, 150
Trd, 2591829.446, 150
Trd, 2591829.913, 150
Trd, 2591830.196, 150
Trd, 2591830.296, 149
Trd, 2591830.663, 150
Trd, 2591830.979, 148
Trd, 2591830.996, 147
Trd, 2591832.146, 150
Trd, 2591832.629, 150
Trd, 2591833.329, 150
Trd, 2591834.179, 150
Trd, 2591834.313, 150
Trd, 2591834.429, 150
Trd, 2591834.446, 150
Trd, 2591834.863, 150
Trd, 2591835.129, 150
Trd, 2591835.213, 149
Trd, 2591835.563, 148
Trd, 2591836.496, 124
Trd, 2591836.529, 139
Trd, 2591836.646, 124
Trd, 2591837.379, 138
Trd, 2591837.679, 104
Trd, 2591837.829, 142
Trd, 2591838.079, 118
Trd, 2591838.679, 141
Trd, 2591839.113, 104
Trd, 2591841.363, 100
Trd, 2591841.646, 100
Trd, 2591841.879, 100
Trd, 2591842.046, 103
Trd, 2591842.246, 110
Trd, 2591842.313, 111
Trd, 2591842.646, 139
Trd, 2591843.313, 128
Trd, 2591843.663, 109
Trd, 2591843.779, 126
Trd, 2591844.229, 110
Trd, 2591844.446, 109
Trd, 2591846.329, 105
Trd, 2591846.646, 100
Trd, 2591848.179, 100
Trd, 2591848.296, 100
Trd, 2591848.763, 100
Trd, 2591848.813, 100
Trd, 2591849.046, 100
Trd, 2591849.496, 100
Trd, 2591849.529, 100
Trd, 2591849.646, 100
Trd, 2591849.829, 100
Trd, 2591850.263, 101
Trd, 2591850.379, 102
Trd, 2591850.546, 102
Trd, 2591850.596, 105
Trd, 2591850.746, 101
Trd, 2591851.546, 150
Trd, 2591852.713, 150
Trd, 2591853.229, 150
Trd, 2591853.813, 150
Trd, 2591853.979, 150
Trd, 2591854.279, 150
Trd, 2591855.179, 150
Trd, 2591855.496, 150
Trd, 2591856.613, 150
Trd, 2591856.879, 150
Trd, 2591856.963, 150
Trd, 2591858.413, 150
Trd, 2591858.463, 150
Trd, 2591858.646, 150
Trd, 2591858.679, 150
Trd, 2591858.763, 150
Trd, 2591858.846, 150
Trd, 2591858.979, 149
Trd, 2591859.163, 148
Trd, 2591859.363, 147
Trd, 2591859.579, 146
Trd, 2591859.813, 146
Trd, 2591860.329, 143
Trd, 2591860.346, 144
Trd, 2591861.079, 143
Trd, 2591861.729, 139
Trd, 2591861.813, 139
Trd, 2591862.013, 140
Trd, 2591862.163, 141
Trd, 2591862.513, 140
Trd, 2591862.629, 139
Trd, 2591862.946, 119
Trd, 2591862.996, 139
Trd, 2591863.396, 139
Trd, 2591863.996, 103
Trd, 2591864.563, 102
Trd, 2591864.846, 102
Trd, 2591865.313, 127
Trd, 2591865.663, 128
Trd, 2591865.746, 116
Trd, 2591866.029, 132
Trd, 2591866.746, 132
Trd, 2591866.813, 133
Trd, 2591868.113, 148
Trd, 2591868.196, 150
Trd, 2591868.629, 147
Trd, 2591868.746, 147
Trd, 2591869.129, 149
Trd, 2591869.296, 148
Trd, 2591869.463, 150
Trd, 2591869.813, 124
Trd, 2591869.896, 121
Trd, 2591870.963, 126
Trd, 2591871.113, 144
Trd, 2591871.146, 127
Trd, 2591871.996, 142
Trd, 2591872.996, 134
Trd, 2591873.579, 139
Trd, 2591873.713, 141
Trd, 2591873.979, 141
Trd, 2591874.246, 140
Trd, 2591874.913, 140
Trd, 2591875.246, 141
Trd, 2591875.513, 140
Trd, 2591875.529, 142
Trd, 2591876.596, 146
Trd, 2591877.179, 150
Trd, 2591877.413, 150
Trd, 2591877.663, 150
Trd, 2591878.963, 150
Trd, 2591879.046, 150
Trd, 2591879.129, 150
Trd, 2591879.263, 149
Trd, 2591879.696, 150
Trd, 2591880.129, 150
Trd, 2591880.163, 150
Trd, 2591880.263, 150
Trd, 2591880.413, 149
Trd, 2591880.463, 149
Trd, 2591880.479, 148
Trd, 2591880.596, 149
Trd, 2591880.746, 149
Trd, 2591881.696, 129
Trd, 2591882.379, 103
Trd, 2591882.713, 101
Trd, 2591884.046, 136
Trd, 2591884.396, 135
Trd, 2591884.696, 136
Trd, 2591885.096, 138
Trd, 2591885.213, 139
Trd, 2591886.263, 102
Trd, 2591886.363, 118
Trd, 2591886.513, 105
Trd, 2591887.329, 149
Trd, 2591888.579, 149
Trd, 2591888.796, 140
Trd, 2591889.829, 150
Trd, 2591889.946, 149
Trd, 2591890.029, 147
Trd, 2591890.813, 149
Trd, 2591890.929, 132
Trd, 2591891.346, 147
Trd, 2591891.496, 148
Trd, 2591892.246, 142
Trd, 2591892.313, 143
Trd, 2591892.363, 142
Trd, 2591892.446, 141
Trd, 2591892.913, 139
Trd, 2591893.463, 130
Trd, 2591893.896, 130
Trd, 2591893.996, 130
Trd, 2591894.379, 114
Trd, 2591894.513, 124
Trd, 2591894.979, 106
Trd, 2591895.929, 109
Trd, 2591896.213, 102
Trd, 2591896.246, 103
Trd, 2591896.329, 116
Trd, 2591896.846, 113
Trd, 2591897.279, 110
Trd, 2591897.679, 111
Trd, 2591897.796, 111
Trd, 2591897.863, 112
Trd, 2591898.279, 118
Trd, 2591898.429, 109
Trd, 2591898.763, 111
Trd, 2591899.529, 115
Trd, 2591899.629, 115
Trd, 2591899.813, 114
Trd, 2591899.913, 114
Trd, 2591899.996, 115
Trd, 2591900.163, 113
Trd, 2591900.229, 112
Trd, 2591900.313, 110
Trd, 2591902.129, 101
Trd, 2591902.179, 111
Trd, 2591902.363, 112
Trd, 2591902.579, 113
Trd, 2591902.879, 116
Trd, 2591903.029, 101
Trd, 2591904.529, 100
Trd, 2591904.796, 100
Trd, 2591905.696, 100
Trd, 2591905.863, 100
Trd, 2591905.913, 100
Trd, 2591906.379, 100
Trd, 2591906.496, 100
Trd, 2591906.746, 115
Trd, 2591907.163, 107
Trd, 2591907.179, 108
Trd, 2591907.829, 100
Trd, 2591908.479, 100
Trd, 2591908.546, 100
Trd, 2591909.496, 100
Trd, 2591909.963, 100
Trd, 2591910.013, 100
Trd, 2591910.596, 100
Trd, 2591910.779, 100
Trd, 2591911.146, 102
Trd, 2591911.229, 102
Trd, 2591911.379, 103
Trd, 2591911.646, 104
Trd, 2591911.679, 102
Trd, 2591912.196, 102
Trd, 2591912.696, 118
Trd, 2591912.763, 119
Trd, 2591913.279, 120
Trd, 2591913.763, 104
Trd, 2591915.163, 119
Trd, 2591915.446, 130
Trd, 2591915.796, 134
Trd, 2591916.629, 115
Trd, 2591918.563, 127
Trd, 2591919.196, 148
Trd, 2591919.446, 127
Trd, 2591919.479, 122
Trd, 2591919.763, 147
Trd, 2591919.796, 146
Trd, 2591919.913, 149
Trd, 2591919.946, 145
Trd, 2591920.346, 147
Trd, 2591920.446, 111
Trd, 2591921.196, 150
Trd, 2591922.629, 150
Trd, 2591923.063, 150
Trd, 2591923.846, 149
Trd, 2591923.963, 149
Trd, 2591923.979, 148
Trd, 2591925.113, 150
Trd, 2591925.796, 150
Trd, 2591926.779, 150
Trd, 2591927.129, 150
Trd, 2591927.146, 150
Trd, 2591927.313, 150
Trd, 2591927.329, 150
Trd, 2591927.496, 150
Trd, 2591927.596, 150
Trd, 2591927.663, 149
Trd, 2591927.746, 149
Trd, 2591928.279, 136
Trd, 2591929.496, 140
Trd, 2591929.513, 142
Trd, 2591929.879, 140
Trd, 2591930.146, 140
Trd, 2591930.963, 140
Trd, 2591931.229, 139
Trd, 2591931.496, 138
Trd, 2591931.579, 139
Trd, 2591932.063, 137
Trd, 2591932.363, 135
Trd, 2591932.846, 104
Trd, 2591933.329, 121
Trd, 2591933.379, 123
Trd, 2591933.779, 106
Trd, 2591933.879, 123
Trd, 2591934.629, 150
Trd, 2591935.679, 150
Trd, 2591936.413, 150
Trd, 2591937.579, 150
Trd, 2591938.096, 150
Trd, 2591939.079, 150
Trd, 2591939.463, 150
Trd, 2591939.496, 150
Trd, 2591939.746, 150
Trd, 2591939.896, 150
Trd, 2591939.929, 150
Trd, 2591940.379, 150
Trd, 2591940.413, 150
Trd, 2591940.679, 150
Trd, 2591940.879, 150
Trd, 2591941.129, 149
Trd, 2591941.146, 150
Trd, 2591941.329, 150
Trd, 2591941.729, 150
Trd, 2591942.546, 150
Trd, 2591942.829, 150
Trd, 2591943.646, 150
Trd, 2591943.863, 150
Trd, 2591944.279, 149
Trd, 2591944.463, 142
Trd, 2591944.729, 150
Trd, 2591945.163, 130
Trd, 2591945.463, 129
Trd, 2591945.763, 147
Trd, 2591945.813, 148
Trd, 2591945.946, 148
Trd, 2591946.363, 147
Trd, 2591946.463, 148
Trd, 2591949.013, 150
Trd, 2591950.179, 150
Trd, 2591951.496, 150
Trd, 2591951.779, 150
Trd, 2591951.829, 150
Trd, 2591951.863, 150
Trd, 2591951.929, 150
Trd, 2591952.379, 150
Trd, 2591952.529, 149
Trd, 2591952.563, 150
Trd, 2591953.329, 150
Trd, 2591953.763, 150
Trd, 2591953.913, 150
Trd, 2591954.013, 150
Trd, 2591954.129, 150
Trd, 2591954.213, 150
Trd, 2591954.546, 150
Trd, 2591954.879, 149
Trd, 2591955.679, 141
Trd, 2591956.446, 146
Trd, 2591957.029, 149
Trd, 2591958.129, 150
Trd, 2591958.213, 150
Trd, 2591958.979, 150
Trd, 2591959.463, 150
Trd, 2591959.763, 149
Trd, 2591960.179, 150
Trd, 2591960.663, 150
Trd, 2591960.863, 150
Trd, 2591961.613, 144
Trd, 2591961.629, 145
Trd, 2591961.663, 136
Trd, 2591963.046, 135
Trd, 2591963.229, 135
Trd, 2591963.446, 135
Trd, 2591963.513, 136
Trd, 2591963.946, 133
Trd, 2591964.046, 133
Trd, 2591964.163, 134
Trd, 2591964.229, 134
Trd, 2591964.246, 135
Trd, 2591964.313, 133
Trd, 2591965.096, 133
Trd, 2591965.696, 135
Trd, 2591965.929, 117
Trd, 2591966.546, 133
Trd, 2591966.913, 134
Trd, 2591967.746, 133
Trd, 2591967.813, 132
Trd, 2591968.146, 135
Trd, 2591968.996, 149
Trd, 2591970.846, 150
Trd, 2591971.063, 150
Trd, 2591971.096, 150
Trd, 2591971.113, 150
Trd, 2591971.346, 150
Trd, 2591971.746, 150
Trd, 2591971.863, 150
Trd, 2591972.029, 149
Trd, 2591972.096, 149
Trd, 2591972.279, 146
Trd, 2591972.296, 124
Trd, 2591973.513, 101
Trd, 2591973.979, 100
Trd, 2591974.463, 100
Trd, 2591974.613, 100
Trd, 2591974.746, 100
Trd, 2591974.946, 101
Trd, 2591975.213, 101
Trd, 2591975.929, 100
Trd, 2591976.613, 100
Trd, 2591976.696, 100
Trd, 2591977.296, 100
Trd, 2591977.429, 100
Trd, 2591978.579, 100
Trd, 2591978.613, 100
Trd, 2591978.629, 100
Trd, 2591979.246, 100
Trd, 2591980.429, 100
Trd, 2591980.646, 100
Trd, 2591980.663, 100
Trd, 2591980.763, 101
Trd, 2591980.929, 101
Trd, 2591981.313, 104
Trd, 2591981.446, 105
Trd, 2591981.613, 102
Trd, 2591981.913, 106
Trd, 2591981.946, 116
Trd, 2591982.063, 123
Trd, 2591982.763, 113
Trd, 2591982.996, 140
Trd, 2591983.663, 112
Trd, 2591983.913, 138
Trd, 2591983.979, 139
Trd, 2591984.079, 141
Trd, 2591984.329, 115
Trd, 2591984.546, 116
Trd, 2591985.029, 116
Trd, 2591985.196, 121
Trd, 2591985.596, 120
Trd, 2591985.663, 121
Trd, 2591985.796, 122
Trd, 2591985.879, 119
Trd, 2591986.196, 146
Trd, 2591986.279, 118
Trd, 2591986.663, 145
Trd, 2591986.829, 150
Trd, 2591987.179, 147
Trd, 2591987.746, 149
Trd, 2591987.996, 144
Trd, 2591988.129, 117
Trd, 2591988.846, 149
Trd, 2591990.379, 143
Trd, 2591990.546, 142
Trd, 2591991.113, 118
Trd, 2591991.246, 142
Trd, 2591992.346, 137
Trd, 2591992.446, 137
Trd, 2591992.529, 137
Trd, 2591993.013, 137
Trd, 2591993.463, 137
Trd, 2591993.879, 132
Trd, 2591994.013, 140
Trd, 2591994.229, 111
Trd, 2591995.496, 150
Trd, 2591996.913, 150
Trd, 2591996.946, 150
Trd, 2591997.029, 150
Trd, 2591997.079, 150
Trd, 2591997.113, 150
Trd, 2591997.213, 150
Trd, 2591997.679, 150
Trd, 2591999.263, 150
Trd, 2591999.279, 150
Trd, 2591999.463, 150
Trd, 2591999.513, 150
Trd, 2591999.696, 149
