Trd, 2590825.779, 145
Trd, 2590825.996, 127
Trd, 2590826.313, 143
Trd, 2590826.746, 148
Trd, 2590827.863, 150
Trd, 2590829.846, 150
Trd, 2590829.996, 150
Trd, 2590830.713, 150
Trd, 2590831.496, 150
Trd, 2590831.513, 150
Trd, 2590831.796, 150
Trd, 2590831.879, 150
Trd, 2590832.079, 150
Trd, 2590832.629, 150
Trd, 2590832.729, 149
Trd, 2590832.913, 148
Trd, 2590832.996, 136
Trd, 2590833.279, 150
Trd, 2590833.929, 137
Trd, 2590834.329, 138
Trd, 2590834.863, 135
Trd, 2590835.129, 148
Trd, 2590835.363, 117
Trd, 2590835.696, 149
Trd, 2590835.896, 150
Trd, 2590836.429, 147
Trd, 2590836.746, 133
Trd, 2590836.913, 117
Trd, 2590838.346, 116
Trd, 2590839.113, 141
Trd, 2590839.629, 139
Trd, 2590839.679, 117
Trd, 2590839.763, 116
Trd, 2590840.029, 140
Trd, 2590840.279, 115
Trd, 2590840.829, 139
Trd, 2590841.146, 129
Trd, 2590842.346, 131
Trd, 2590842.363, 130
Trd, 2590842.846, 150
Trd, 2590843.379, 149
Trd, 2590843.563, 149
Trd, 2590844.046, 145
Trd, 2590844.296, 144
Trd, 2590844.429, 144
Trd, 2590844.563, 126
Trd, 2590845.146, 141
Trd, 2590845.363, 129
Trd, 2590845.563, 141
Trd, 2590845.613, 129
Trd, 2590846.079, 129
Trd, 2590846.179, 123
Trd, 2590847.496, 111
Trd, 2590847.646, 132
Trd, 2590847.846, 133
Trd, 2590847.879, 139
Trd, 2590849.846, 101
Trd, 2590851.396, 100
Trd, 2590851.479, 100
Trd, 2590851.496, 100
Trd, 2590851.696, 100
Trd, 2590851.779, 101
Trd, 2590852.113, 100
Trd, 2590852.213, 100
Trd, 2590852.396, 101
Trd, 2590853.279, 103
Trd, 2590853.496, 105
Trd, 2590854.063, 105
Trd, 2590854.113, 104
Trd, 2590854.296, 137
Trd, 2590854.396, 134
Trd, 2590854.546, 150
Trd, 2590854.996, 150
Trd, 2590855.196, 150
Trd, 2590855.429, 150
Trd, 2590855.763, 150
Trd, 2590856.479, 150
Trd, 2590856.696, 150
Trd, 2590856.863, 150
Trd, 2590856.879, 149
Trd, 2590857.413, 150
Trd, 2590858.229, 150
Trd, 2590858.479, 150
Trd, 2590859.429, 134
Trd, 2590860.479, 146
Trd, 2590860.796, 135
Trd, 2590860.846, 134
Trd, 2590861.513, 143
Trd, 2590862.063, 128
Trd, 2590862.196, 138
Trd, 2590862.429, 124
Trd, 2590862.629, 123
Trd, 2590862.979, 117
Trd, 2590863.096, 139
Trd, 2590863.279, 136
Trd, 2590863.313, 112
Trd, 2590863.596, 102
Trd, 2590864.196, 100
Trd, 2590864.313, 100
Trd, 2590864.979, 100
Trd, 2590865.346, 100
Trd, 2590865.646, 100
Trd, 2590866.129, 100
Trd, 2590866.663, 100
Trd, 2590866.929, 100
Trd, 2590866.996, 100
Trd, 2590867.496, 100
Trd, 2590867.629, 100
Trd, 2590867.879, 100
Trd, 2590868.046, 100
Trd, 2590868.829, 101
Trd, 2590869.513, 105
Trd, 2590870.196, 145
Trd, 2590870.679, 100
Trd, 2590870.896, 100
Trd, 2590871.013, 100
Trd, 2590871.179, 101
Trd, 2590871.263, 102
Trd, 2590871.396, 102
Trd, 2590871.613, 150
Trd, 2590872.213, 148
Trd, 2590873.096, 150
Trd, 2590873.196, 150
Trd, 2590874.163, 150
Trd, 2590874.179, 149
Trd, 2590874.546, 133
Trd, 2590876.029, 141
Trd, 2590876.463, 144
Trd, 2590876.729, 145
Trd, 2590876.763, 144
Trd, 2590876.796, 143
Trd, 2590876.863, 142
Trd, 2590877.246, 143
Trd, 2590878.029, 145
Trd, 2590878.329, 145
Trd, 2590878.363, 141
Trd, 2590878.946, 150
Trd, 2590880.363, 150
Trd, 2590880.663, 150
Trd, 2590880.779, 150
Trd, 2590881.213, 150
Trd, 2590881.246, 150
Trd, 2590882.596, 141
Trd, 2590882.663, 142
Trd, 2590882.796, 143
Trd, 2590882.863, 136
Trd, 2590883.196, 138
Trd, 2590883.263, 145
Trd, 2590883.346, 131
Trd, 2590883.429, 146
Trd, 2590883.746, 128
Trd, 2590884.929, 114
Trd, 2590884.963, 111
Trd, 2590885.396, 104
Trd, 2590886.779, 100
Trd, 2590887.146, 102
Trd, 2590887.213, 101
Trd, 2590887.696, 102
Trd, 2590887.713, 103
Trd, 2590887.879, 103
Trd, 2590888.013, 103
Trd, 2590888.063, 111
Trd, 2590889.713, 138
Trd, 2590889.729, 111
Trd, 2590890.063, 115
Trd, 2590890.779, 131
Trd, 2590891.879, 150
Trd, 2590892.263, 150
Trd, 2590892.379, 150
Trd, 2590892.663, 150
Trd, 2590892.929, 150
Trd, 2590893.179, 150
Trd, 2590893.613, 150
Trd, 2590894.029, 150
Trd, 2590894.213, 150
Trd, 2590894.363, 150
Trd, 2590894.546, 150
Trd, 2590895.146, 150
Trd, 2590895.279, 150
Trd, 2590895.579, 150
Trd, 2590895.846, 149
Trd, 2590896.129, 150
Trd, 2590897.146, 148
Trd, 2590899.629, 150
Trd, 2590899.696, 150
Trd, 2590899.713, 150
Trd, 2590899.746, 150
Trd, 2590899.863, 150
Trd, 2590900.129, 150
Trd, 2590900.463, 150
Trd, 2590900.613, 150
Trd, 2590900.729, 150
Trd, 2590901.229, 147
Trd, 2590901.413, 145
Trd, 2590901.863, 145
Trd, 2590901.929, 147
Trd, 2590902.296, 144
Trd, 2590902.663, 121
Trd, 2590902.979, 102
Trd, 2590903.963, 143
Trd, 2590904.346, 142
Trd, 2590904.579, 141
Trd, 2590904.596, 140
Trd, 2590905.879, 136
Trd, 2590906.013, 133
Trd, 2590906.279, 134
Trd, 2590906.546, 133
Trd, 2590906.713, 132
Trd, 2590907.413, 129
Trd, 2590907.679, 127
Trd, 2590907.896, 126
Trd, 2590908.013, 128
Trd, 2590908.113, 127
Trd, 2590908.446, 127
Trd, 2590909.146, 129
Trd, 2590909.329, 131
Trd, 2590909.429, 101
Trd, 2590909.679, 100
Trd, 2590910.213, 104
Trd, 2590910.696, 102
Trd, 2590910.763, 103
Trd, 2590911.513, 136
Trd, 2590911.529, 124
Trd, 2590912.196, 102
Trd, 2590912.996, 103
Trd, 2590913.046, 105
Trd, 2590913.746, 105
Trd, 2590914.146, 108
Trd, 2590914.779, 100
Trd, 2590915.296, 100
Trd, 2590915.563, 118
Trd, 2590915.679, 102
Trd, 2590915.979, 100
Trd, 2590916.246, 102
Trd, 2590916.613, 100
Trd, 2590917.896, 102
Trd, 2590918.246, 103
Trd, 2590918.279, 109
Trd, 2590918.529, 120
Trd, 2590918.746, 150
Trd, 2590920.046, 150
Trd, 2590920.279, 150
Trd, 2590920.629, 150
Trd, 2590920.996, 150
Trd, 2590921.996, 150
Trd, 2590922.779, 150
Trd, 2590922.813, 150
Trd, 2590924.263, 150
Trd, 2590924.446, 150
Trd, 2590924.913, 150
Trd, 2590925.329, 150
Trd, 2590925.346, 150
Trd, 2590926.013, 150
Trd, 2590926.563, 150
Trd, 2590926.629, 150
Trd, 2590926.946, 150
Trd, 2590927.213, 150
Trd, 2590927.313, 150
Trd, 2590927.379, 150
Trd, 2590927.463, 150
Trd, 2590928.163, 150
Trd, 2590928.263, 150
Trd, 2590928.829, 150
Trd, 2590929.363, 132
Trd, 2590929.796, 149
Trd, 2590930.129, 146
Trd, 2590930.879, 146
Trd, 2590931.046, 145
Trd, 2590931.079, 144
Trd, 2590931.429, 132
Trd, 2590931.863, 146
Trd, 2590932.246, 147
Trd, 2590932.463, 149
Trd, 2590932.529, 147
Trd, 2590932.713, 139
Trd, 2590933.029, 122
Trd, 2590933.063, 118
Trd, 2590933.179, 109
Trd, 2590933.863, 116
Trd, 2590934.346, 119
Trd, 2590934.413, 118
Trd, 2590935.896, 135
Trd, 2590936.563, 127
Trd, 2590937.413, 133
Trd, 2590937.763, 133
Trd, 2590938.063, 134
Trd, 2590938.263, 137
Trd, 2590938.479, 137
Trd, 2590938.896, 142
Trd, 2590939.313, 140
Trd, 2590939.396, 137
Trd, 2590939.579, 143
Trd, 2590940.563, 142
Trd, 2590940.779, 143
Trd, 2590940.846, 144
Trd, 2590940.879, 141
Trd, 2590942.029, 150
Trd, 2590942.113, 150
Trd, 2590943.079, 150
Trd, 2590943.146, 150
Trd, 2590943.596, 150
Trd, 2590944.263, 150
Trd, 2590944.363, 150
Trd, 2590944.779, 150
Trd, 2590944.996, 150
Trd, 2590945.329, 150
Trd, 2590945.796, 147
Trd, 2590946.079, 129
Trd, 2590946.496, 150
Trd, 2590947.679, 150
Trd, 2590947.879, 150
Trd, 2590947.963, 150
Trd, 2590948.213, 149
Trd, 2590948.563, 150
Trd, 2590949.396, 150
Trd, 2590949.546, 150
Trd, 2590949.629, 149
Trd, 2590951.029, 150
Trd, 2590951.279, 150
Trd, 2590952.163, 150
Trd, 2590952.829, 150
Trd, 2590953.196, 150
Trd, 2590953.213, 150
Trd, 2590953.263, 150
Trd, 2590953.313, 149
Trd, 2590953.546, 150
Trd, 2590954.113, 149
Trd, 2590954.879, 133
Trd, 2590955.379, 147
Trd, 2590955.563, 132
Trd, 2590956.713, 150
Trd, 2590958.329, 150
Trd, 2590958.546, 150
Trd, 2590958.846, 150
Trd, 2590959.129, 150
Trd, 2590959.696, 150
Trd, 2590959.763, 150
Trd, 2590959.863, 150
Trd, 2590960.263, 150
Trd, 2590960.379, 150
Trd, 2590960.396, 150
Trd, 2590960.846, 123
Trd, 2590961.179, 141
Trd, 2590961.229, 120
Trd, 2590961.296, 149
Trd, 2590961.629, 140
Trd, 2590961.979, 108
Trd, 2590963.046, 100
Trd, 2590963.329, 100
Trd, 2590963.796, 100
Trd, 2590963.996, 100
Trd, 2590964.013, 100
Trd, 2590964.363, 100
Trd, 2590964.929, 100
Trd, 2590964.946, 100
Trd, 2590964.979, 100
Trd, 2590965.379, 100
Trd, 2590966.863, 100
Trd, 2590967.029, 100
Trd, 2590967.496, 100
Trd, 2590968.096, 100
Trd, 2590968.246, 100
Trd, 2590968.479, 100
Trd, 2590968.779, 100
Trd, 2590968.946, 101
Trd, 2590969.296, 102
Trd, 2590969.529, 105
Trd, 2590970.279, 107
Trd, 2590970.346, 149
Trd, 2590970.963, 148
Trd, 2590971.163, 150
Trd, 2590971.413, 150
Trd, 2590971.796, 132
Trd, 2590972.213, 150
Trd, 2590974.263, 150
Trd, 2590974.296, 149
Trd, 2590974.746, 150
Trd, 2590974.963, 150
Trd, 2590975.046, 150
Trd, 2590975.779, 150
Trd, 2590975.796, 150
Trd, 2590976.513, 150
Trd, 2590977.246, 148
Trd, 2590977.446, 148
Trd, 2590977.579, 147
Trd, 2590978.496, 116
Trd, 2590978.613, 140
Trd, 2590978.663, 115
Trd, 2590978.729, 107
Trd, 2590978.813, 141
Trd, 2590978.846, 142
Trd, 2590979.513, 101
Trd, 2590979.613, 102
Trd, 2590980.063, 100
Trd, 2590980.229, 100
Trd, 2590980.746, 100
Trd, 2590980.779, 100
Trd, 2590981.646, 145
Trd, 2590983.013, 135
Trd, 2590983.963, 137
Trd, 2590984.296, 138
Trd, 2590984.629, 137
Trd, 2590984.713, 141
Trd, 2590985.779, 150
Trd, 2590986.113, 150
Trd, 2590986.463, 150
Trd, 2590986.513, 150
Trd, 2590987.429, 150
Trd, 2590988.029, 150
Trd, 2590988.446, 150
Trd, 2590988.729, 150
Trd, 2590989.113, 150
Trd, 2590989.163, 150
Trd, 2590989.246, 149
Trd, 2590989.263, 128
Trd, 2590989.729, 124
Trd, 2590990.129, 131
Trd, 2590992.163, 150
Trd, 2590992.479, 150
Trd, 2590992.613, 149
Trd, 2590992.796, 149
Trd, 2590992.879, 149
Trd, 2590993.013, 149
Trd, 2590993.046, 148
Trd, 2590993.263, 146
Trd, 2590993.946, 142
Trd, 2590994.063, 130
Trd, 2590994.279, 142
Trd, 2590995.663, 135
Trd, 2590995.763, 134
Trd, 2590996.046, 114
Trd, 2590996.296, 117
Trd, 2590996.929, 109
Trd, 2590996.963, 108
Trd, 2590997.046, 134
Trd, 2590997.813, 101
Trd, 2590998.279, 114
Trd, 2590999.046, 123
Trd, 2590999.363, 101
Trd, 2590999.679, 108
Trd, 2590999.779, 109
Trd, 2590999.829, 121
Trd, 2590999.879, 124
Trd, 2591000.246, 107
Trd, 2591000.813, 106
Trd, 2591001.146, 150
Trd, 2591001.213, 115
Trd, 2591001.363, 105
Trd, 2591003.196, 147
Trd, 2591004.313, 150
Trd, 2591004.629, 142
Trd, 2591004.946, 143
Trd, 2591005.163, 149
Trd, 2591005.363, 144
Trd, 2591005.779, 145
Trd, 2591006.113, 146
Trd, 2591006.629, 147
Trd, 2591006.996, 149
Trd, 2591007.479, 150
Trd, 2591007.679, 150
Trd, 2591007.946, 150
Trd, 2591007.963, 150
Trd, 2591008.129, 150
Trd, 2591008.413, 149
Trd, 2591008.446, 147
Trd, 2591008.596, 145
Trd, 2591008.863, 114
Trd, 2591009.763, 144
Trd, 2591010.446, 132
Trd, 2591010.496, 131
Trd, 2591010.513, 122
Trd, 2591010.829, 141
Trd, 2591010.979, 143
Trd, 2591011.513, 111
Trd, 2591012.046, 100
Trd, 2591013.129, 100
Trd, 2591013.796, 100
Trd, 2591013.846, 100
Trd, 2591013.963, 100
Trd, 2591014.079, 101
Trd, 2591014.629, 100
Trd, 2591014.696, 101
Trd, 2591015.096, 102
Trd, 2591015.346, 115
Trd, 2591015.429, 104
Trd, 2591015.613, 103
Trd, 2591018.346, 129
Trd, 2591018.746, 130
Trd, 2591019.213, 130
Trd, 2591019.246, 150
Trd, 2591019.863, 145
Trd, 2591020.229, 134
Trd, 2591020.346, 134
Trd, 2591020.629, 134
Trd, 2591020.779, 133
Trd, 2591020.796, 143
Trd, 2591021.029, 143
Trd, 2591021.463, 144
Trd, 2591021.613, 144
Trd, 2591021.679, 143
Trd, 2591022.229, 130
Trd, 2591022.246, 129
Trd, 2591022.279, 145
Trd, 2591023.363, 147
Trd, 2591023.563, 150
Trd, 2591023.913, 129
Trd, 2591025.646, 150
Trd, 2591026.363, 150
Trd, 2591026.713, 150
Trd, 2591027.429, 150
Trd, 2591027.496, 150
Trd, 2591027.679, 149
Trd, 2591027.963, 146
Trd, 2591028.113, 115
Trd, 2591028.229, 115
Trd, 2591028.579, 150
Trd, 2591028.713, 150
Trd, 2591029.646, 117
Trd, 2591030.363, 141
Trd, 2591030.429, 143
Trd, 2591030.529, 143
Trd, 2591030.863, 127
Trd, 2591031.896, 120
Trd, 2591032.313, 123
Trd, 2591032.579, 123
Trd, 2591032.796, 126
Trd, 2591033.096, 126
Trd, 2591033.396, 126
Trd, 2591033.496, 126
Trd, 2591033.679, 126
Trd, 2591033.929, 127
Trd, 2591034.663, 128
Trd, 2591034.746, 127
Trd, 2591034.963, 126
Trd, 2591035.246, 128
Trd, 2591035.546, 126
Trd, 2591035.563, 114
Trd, 2591036.946, 150
Trd, 2591037.313, 150
Trd, 2591037.396, 150
Trd, 2591037.763, 150
Trd, 2591037.796, 150
Trd, 2591037.929, 150
Trd, 2591038.429, 148
Trd, 2591039.163, 150
Trd, 2591039.296, 144
Trd, 2591039.613, 129
Trd, 2591040.046, 129
Trd, 2591040.513, 117
Trd, 2591041.696, 142
Trd, 2591041.829, 144
Trd, 2591042.279, 117
Trd, 2591042.296, 116
Trd, 2591042.629, 138
Trd, 2591042.829, 149
Trd, 2591044.646, 150
Trd, 2591044.929, 150
Trd, 2591046.213, 150
Trd, 2591046.946, 150
Trd, 2591047.746, 150
Trd, 2591047.796, 150
Trd, 2591047.829, 150
Trd, 2591047.863, 150
Trd, 2591048.379, 150
Trd, 2591048.396, 149
Trd, 2591049.313, 135
Trd, 2591049.463, 147
Trd, 2591049.629, 132
Trd, 2591050.063, 125
Trd, 2591050.596, 149
Trd, 2591051.163, 138
Trd, 2591051.779, 137
Trd, 2591051.979, 135
Trd, 2591052.096, 134
Trd, 2591052.213, 136
Trd, 2591052.746, 136
Trd, 2591052.879, 132
Trd, 2591052.946, 131
Trd, 2591053.029, 131
Trd, 2591053.129, 137
Trd, 2591053.329, 136
Trd, 2591054.346, 135
Trd, 2591054.863, 135
Trd, 2591055.929, 131
Trd, 2591056.263, 130
Trd, 2591057.029, 132
Trd, 2591057.096, 132
Trd, 2591057.246, 130
Trd, 2591057.996, 127
Trd, 2591058.396, 130
Trd, 2591058.513, 128
Trd, 2591058.846, 126
Trd, 2591059.163, 130
Trd, 2591059.496, 132
Trd, 2591059.879, 128
Trd, 2591060.346, 150
Trd, 2591060.413, 123
Trd, 2591060.746, 124
Trd, 2591060.896, 122
Trd, 2591060.979, 148
Trd, 2591062.129, 125
Trd, 2591062.696, 142
Trd, 2591063.796, 150
Trd, 2591065.063, 150
Trd, 2591066.029, 150
Trd, 2591067.546, 150
Trd, 2591067.846, 150
Trd, 2591068.013, 150
Trd, 2591068.129, 150
Trd, 2591068.679, 150
Trd, 2591069.113, 150
Trd, 2591069.279, 150
Trd, 2591069.413, 150
Trd, 2591069.446, 150
Trd, 2591069.779, 150
Trd, 2591069.996, 150
Trd, 2591070.013, 150
Trd, 2591070.579, 150
Trd, 2591070.713, 150
Trd, 2591070.796, 150
Trd, 2591070.829, 150
Trd, 2591071.296, 150
Trd, 2591071.363, 146
Trd, 2591071.496, 146
Trd, 2591071.563, 127
Trd, 2591071.779, 125
Trd, 2591072.596, 138
Trd, 2591074.246, 146
Trd, 2591074.279, 145
Trd, 2591075.229, 150
Trd, 2591075.463, 150
Trd, 2591075.779, 150
Trd, 2591076.729, 150
Trd, 2591077.496, 150
Trd, 2591077.596, 150
Trd, 2591078.829, 150
Trd, 2591078.913, 150
Trd, 2591079.079, 149
Trd, 2591079.296, 148
Trd, 2591079.363, 149
Trd, 2591079.579, 150
Trd, 2591080.563, 150
Trd, 2591080.746, 150
Trd, 2591080.846, 147
Trd, 2591080.863, 146
Trd, 2591081.613, 149
Trd, 2591081.679, 149
Trd, 2591081.913, 132
Trd, 2591082.979, 130
Trd, 2591083.096, 146
Trd, 2591083.263, 147
Trd, 2591083.596, 150
Trd, 2591084.113, 150
Trd, 2591084.479, 150
Trd, 2591084.496, 150
Trd, 2591084.796, 150
Trd, 2591084.879, 150
Trd, 2591085.513, 150
Trd, 2591085.713, 149
Trd, 2591086.596, 150
Trd, 2591086.646, 149
Trd, 2591087.113, 150
Trd, 2591087.246, 149
Trd, 2591087.329, 149
Trd, 2591087.579, 149
Trd, 2591088.579, 150
Trd, 2591088.613, 150
Trd, 2591090.663, 150
Trd, 2591090.696, 150
Trd, 2591090.929, 150
Trd, 2591091.063, 148
Trd, 2591091.613, 149
Trd, 2591091.846, 148
Trd, 2591091.913, 147
Trd, 2591092.563, 128
Trd, 2591093.046, 141
Trd, 2591093.463, 126
Trd, 2591093.546, 125
Trd, 2591093.646, 140
Trd, 2591093.779, 132
Trd, 2591094.979, 111
Trd, 2591095.079, 133
Trd, 2591095.929, 105
Trd, 2591096.163, 107
Trd, 2591096.296, 107
Trd, 2591096.646, 133
Trd, 2591096.679, 134
Trd, 2591097.396, 133
Trd, 2591097.663, 149
Trd, 2591098.229, 150
Trd, 2591098.829, 150
Trd, 2591098.996, 150
Trd, 2591099.513, 150
Trd, 2591099.746, 150
Trd, 2591100.229, 150
Trd, 2591100.679, 150
Trd, 2591100.813, 149
Trd, 2591100.913, 150
Trd, 2591101.613, 146
Trd, 2591102.379, 132
Trd, 2591102.913, 138
Trd, 2591102.946, 139
Trd, 2591102.996, 137
Trd, 2591103.563, 140
Trd, 2591103.663, 147
Trd, 2591104.329, 150
Trd, 2591104.363, 142
Trd, 2591104.763, 150
Trd, 2591104.896, 149
Trd, 2591105.446, 136
Trd, 2591105.929, 148
Trd, 2591106.779, 150
Trd, 2591108.363, 150
Trd, 2591108.496, 150
Trd, 2591108.596, 150
Trd, 2591109.746, 143
Trd, 2591110.029, 141
Trd, 2591110.246, 124
Trd, 2591110.279, 123
Trd, 2591110.329, 123
Trd, 2591110.813, 130
Trd, 2591110.929, 131
Trd, 2591110.979, 120
Trd, 2591111.013, 132
Trd, 2591111.429, 103
Trd, 2591112.363, 128
Trd, 2591112.613, 112
Trd, 2591113.046, 126
Trd, 2591113.229, 128
Trd, 2591113.296, 129
Trd, 2591114.063, 118
Trd, 2591114.079, 117
Trd, 2591114.096, 116
Trd, 2591114.163, 115
Trd, 2591114.546, 105
Trd, 2591114.746, 104
Trd, 2591115.113, 136
Trd, 2591115.329, 150
Trd, 2591115.346, 149
Trd, 2591115.763, 140
Trd, 2591116.096, 139
Trd, 2591117.246, 150
Trd, 2591117.679, 150
Trd, 2591119.229, 150
Trd, 2591119.329, 150
Trd, 2591119.396, 150
Trd, 2591119.596, 150
Trd, 2591119.696, 150
Trd, 2591119.896, 147
Trd, 2591120.146, 148
Trd, 2591120.163, 149
Trd, 2591120.279, 146
Trd, 2591121.613, 107
Trd, 2591122.813, 150
Trd, 2591123.163, 150
Trd, 2591123.279, 150
Trd, 2591123.929, 149
Trd, 2591124.479, 150
Trd, 2591124.713, 150
Trd, 2591124.946, 149
Trd, 2591125.563, 150
Trd, 2591127.196, 149
Trd, 2591127.213, 144
Trd, 2591127.479, 142
Trd, 2591127.713, 119
Trd, 2591129.446, 148
Trd, 2591130.946, 150
Trd, 2591131.013, 150
Trd, 2591131.046, 150
Trd, 2591131.229, 150
Trd, 2591131.363, 150
Trd, 2591131.496, 150
Trd, 2591131.513, 150
Trd, 2591132.496, 143
Trd, 2591132.629, 128
Trd, 2591132.729, 142
Trd, 2591133.063, 143
Trd, 2591133.146, 146
Trd, 2591133.596, 130
Trd, 2591134.496, 150
Trd, 2591135.713, 150
Trd, 2591135.979, 150
Trd, 2591136.146, 150
Trd, 2591136.979, 150
Trd, 2591137.146, 150
Trd, 2591137.263, 149
Trd, 2591137.363, 149
Trd, 2591137.513, 148
Trd, 2591137.796, 146
Trd, 2591137.846, 126
Trd, 2591138.263, 146
Trd, 2591138.346, 126
Trd, 2591138.946, 147
Trd, 2591139.496, 128
Trd, 2591140.079, 149
Trd, 2591141.179, 132
Trd, 2591142.429, 134
Trd, 2591142.646, 133
Trd, 2591142.746, 134
Trd, 2591143.446, 135
Trd, 2591144.013, 141
Trd, 2591144.379, 139
Trd, 2591144.496, 138
Trd, 2591144.879, 142
Trd, 2591144.913, 136
Trd, 2591145.213, 138
Trd, 2591146.346, 130
Trd, 2591146.479, 124
Trd, 2591146.563, 123
Trd, 2591146.896, 128
Trd, 2591147.063, 121
Trd, 2591147.796, 150
Trd, 2591148.446, 150
Trd, 2591148.579, 150
Trd, 2591148.679, 150
Trd, 2591148.879, 140
Trd, 2591150.346, 142
Trd, 2591150.446, 144
Trd, 2591150.679, 140
Trd, 2591150.779, 145
Trd, 2591150.996, 146
Trd, 2591151.113, 142
Trd, 2591151.596, 143
Trd, 2591152.263, 147
Trd, 2591152.363, 146
Trd, 2591152.546, 146
Trd, 2591152.713, 147
Trd, 2591153.146, 146
Trd, 2591154.013, 150
Trd, 2591154.146, 150
Trd, 2591154.813, 148
Trd, 2591155.596, 149
Trd, 2591156.413, 150
Trd, 2591157.029, 150
Trd, 2591157.579, 150
Trd, 2591158.129, 150
Trd, 2591158.279, 150
Trd, 2591158.913, 150
Trd, 2591159.063, 150
Trd, 2591159.079, 150
Trd, 2591159.279, 150
Trd, 2591159.363, 150
Trd, 2591159.496, 150
Trd, 2591159.729, 150
Trd, 2591160.163, 150
Trd, 2591161.179, 150
Trd, 2591161.629, 150
Trd, 2591161.863, 150
Trd, 2591161.879, 142
Trd, 2591162.213, 131
Trd, 2591162.813, 137
Trd, 2591162.829, 148
Trd, 2591163.329, 138
Trd, 2591163.813, 141
Trd, 2591163.963, 142
Trd, 2591164.479, 141
Trd, 2591164.696, 141
Trd, 2591164.929, 140
Trd, 2591165.563, 136
Trd, 2591165.813, 109
Trd, 2591166.113, 140
Trd, 2591166.213, 131
Trd, 2591166.963, 100
Trd, 2591167.146, 101
Trd, 2591168.313, 108
Trd, 2591168.596, 109
Trd, 2591168.946, 114
Trd, 2591169.263, 124
Trd, 2591169.479, 109
Trd, 2591169.679, 110
Trd, 2591169.696, 124
Trd, 2591170.013, 124
Trd, 2591170.329, 126
Trd, 2591171.279, 123
Trd, 2591171.646, 114
Trd, 2591172.579, 118
Trd, 2591172.679, 122
Trd, 2591172.729, 118
Trd, 2591172.963, 120
Trd, 2591172.996, 119
Trd, 2591173.363, 123
Trd, 2591173.413, 113
Trd, 2591174.046, 103
Trd, 2591174.079, 102
Trd, 2591176.063, 107
Trd, 2591176.129, 101
Trd, 2591176.679, 100
Trd, 2591178.846, 100
Trd, 2591178.879, 100
Trd, 2591179.029, 100
Trd, 2591179.046, 100
Trd, 2591179.429, 100
Trd, 2591179.763, 100
Trd, 2591179.846, 100
Trd, 2591180.229, 101
Trd, 2591180.463, 100
Trd, 2591180.563, 102
Trd, 2591180.613, 102
Trd, 2591181.096, 105
Trd, 2591181.479, 110
Trd, 2591181.613, 111
Trd, 2591182.229, 101
Trd, 2591182.696, 129
Trd, 2591183.513, 105
Trd, 2591183.763, 131
Trd, 2591183.896, 106
Trd, 2591184.313, 106
Trd, 2591185.646, 148
Trd, 2591185.813, 150
Trd, 2591186.479, 126
Trd, 2591187.346, 150
Trd, 2591187.813, 150
Trd, 2591187.979, 150
Trd, 2591189.479, 150
Trd, 2591190.396, 150
Trd, 2591190.413, 150
Trd, 2591190.513, 150
Trd, 2591190.529, 150
Trd, 2591190.696, 150
Trd, 2591191.196, 150
Trd, 2591191.579, 150
Trd, 2591191.729, 150
Trd, 2591191.763, 150
Trd, 2591191.779, 150
Trd, 2591191.813, 150
Trd, 2591192.263, 150
Trd, 2591192.629, 150
Trd, 2591192.679, 149
Trd, 2591192.946, 149
Trd, 2591193.096, 148
Trd, 2591196.196, 137
Trd, 2591196.446, 138
Trd, 2591196.513, 139
Trd, 2591196.746, 138
Trd, 2591197.079, 137
Trd, 2591197.413, 139
Trd, 2591197.463, 116
Trd, 2591197.646, 140
Trd, 2591197.796, 102
Trd, 2591198.179, 100
Trd, 2591199.496, 100
Trd, 2591199.896, 100
Trd, 2591200.429, 100
Trd, 2591201.013, 100
Trd, 2591201.246, 100
Trd, 2591201.546, 100
Trd, 2591201.746, 100
Trd, 2591201.829, 102
Trd, 2591202.146, 103
Trd, 2591202.429, 102
Trd, 2591202.929, 119
Trd, 2591204.479, 150
Trd, 2591204.663, 132
Trd, 2591204.896, 135
Trd, 2591204.996, 135
Trd, 2591205.279, 137
Trd, 2591205.379, 148
Trd, 2591206.146, 147
Trd, 2591207.346, 150
Trd, 2591207.529, 150
Trd, 2591207.596, 150
Trd, 2591207.829, 150
Trd, 2591208.113, 149
Trd, 2591208.129, 148
Trd, 2591208.396, 149
Trd, 2591208.613, 149
Trd, 2591208.696, 135
Trd, 2591210.096, 135
Trd, 2591210.379, 137
Trd, 2591210.529, 140
Trd, 2591210.796, 140
Trd, 2591211.446, 140
Trd, 2591211.646, 139
Trd, 2591211.863, 138
Trd, 2591211.963, 137
Trd, 2591212.213, 139
Trd, 2591212.279, 130
Trd, 2591212.629, 133
Trd, 2591213.329, 128
Trd, 2591213.696, 142
Trd, 2591213.946, 139
Trd, 2591214.529, 140
Trd, 2591214.563, 128
Trd, 2591214.663, 127
Trd, 2591214.696, 141
Trd, 2591214.846, 118
Trd, 2591215.363, 100
Trd, 2591216.179, 100
Trd, 2591216.346, 100
Trd, 2591216.413, 101
Trd, 2591216.813, 103
Trd, 2591217.046, 104
Trd, 2591217.213, 103
Trd, 2591217.446, 103
Trd, 2591217.463, 100
Trd, 2591217.646, 108
Trd, 2591219.579, 101
Trd, 2591219.679, 102
Trd, 2591219.713, 104
Trd, 2591220.063, 142
Trd, 2591220.563, 150
Trd, 2591220.846, 111
Trd, 2591221.146, 150
Trd, 2591222.879, 150
Trd, 2591223.213, 149
Trd, 2591223.329, 148
Trd, 2591223.579, 148
Trd, 2591225.163, 146
Trd, 2591225.229, 144
Trd, 2591225.863, 148
Trd, 2591225.979, 146
Trd, 2591226.679, 130
Trd, 2591227.396, 150
Trd, 2591228.246, 150
Trd, 2591228.746, 150
Trd, 2591230.146, 150
Trd, 2591230.513, 150
Trd, 2591230.579, 150
Trd, 2591230.646, 150
Trd, 2591230.663, 150
Trd, 2591230.779, 150
Trd, 2591231.229, 150
Trd, 2591231.529, 150
Trd, 2591231.546, 150
Trd, 2591231.813, 150
Trd, 2591232.379, 150
Trd, 2591232.479, 150
Trd, 2591233.346, 117
Trd, 2591233.579, 116
Trd, 2591233.713, 143
Trd, 2591233.846, 142
Trd, 2591234.746, 136
Trd, 2591234.813, 119
Trd, 2591234.896, 138
Trd, 2591235.446, 138
Trd, 2591235.479, 137
Trd, 2591235.663, 135
Trd, 2591236.446, 134
Trd, 2591236.563, 138
Trd, 2591237.446, 133
Trd, 2591238.246, 113
Trd, 2591238.346, 112
Trd, 2591238.696, 123
Trd, 2591239.079, 122
Trd, 2591239.113, 109
Trd, 2591239.229, 102
Trd, 2591239.779, 150
Trd, 2591240.363, 149
Trd, 2591240.446, 136
Trd, 2591241.129, 149
Trd, 2591241.463, 150
Trd, 2591241.813, 150
Trd, 2591243.113, 150
Trd, 2591243.879, 150
Trd, 2591244.163, 150
Trd, 2591244.596, 150
Trd, 2591245.696, 150
Trd, 2591246.263, 150
Trd, 2591246.296, 150
Trd, 2591246.329, 150
Trd, 2591246.613, 150
Trd, 2591246.913, 150
Trd, 2591247.096, 150
Trd, 2591247.313, 150
Trd, 2591247.779, 150
Trd, 2591248.313, 150
Trd, 2591248.379, 150
Trd, 2591248.663, 150
Trd, 2591249.129, 150
Trd, 2591249.229, 150
Trd, 2591249.329, 150
Trd, 2591250.029, 150
Trd, 2591250.129, 149
Trd, 2591250.213, 141
Trd, 2591250.863, 132
Trd, 2591251.863, 150
Trd, 2591252.563, 150
Trd, 2591252.679, 150
Trd, 2591252.863, 150
Trd, 2591253.013, 150
Trd, 2591253.146, 150
Trd, 2591253.429, 150
Trd, 2591254.429, 150
Trd, 2591254.879, 150
Trd, 2591254.913, 150
Trd, 2591255.646, 150
Trd, 2591256.129, 150
Trd, 2591256.196, 150
Trd, 2591257.079, 150
Trd, 2591257.846, 150
Trd, 2591257.963, 149
Trd, 2591258.096, 137
Trd, 2591258.279, 132
Trd, 2591258.579, 136
Trd, 2591258.596, 148
Trd, 2591260.496, 150
Trd, 2591260.796, 147
Trd, 2591261.329, 150
Trd, 2591261.529, 150
Trd, 2591261.563, 146
Trd, 2591261.813, 130
Trd, 2591262.013, 121
Trd, 2591262.063, 110
Trd, 2591262.396, 100
Trd, 2591262.663, 100
Trd, 2591262.863, 100
Trd, 2591263.479, 100
Trd, 2591263.529, 100
Trd, 2591263.579, 101
Trd, 2591263.829, 101
Trd, 2591265.496, 129
Trd, 2591266.396, 133
Trd, 2591266.529, 150
Trd, 2591267.846, 150
Trd, 2591268.513, 150
Trd, 2591268.529, 150
Trd, 2591269.063, 150
Trd, 2591269.163, 150
Trd, 2591269.946, 150
Trd, 2591269.979, 150
Trd, 2591269.996, 150
Trd, 2591270.196, 149
Trd, 2591270.246, 147
Trd, 2591270.413, 127
Trd, 2591270.746, 127
Trd, 2591271.063, 126
Trd, 2591271.496, 127
Trd, 2591271.579, 144
Trd, 2591271.913, 142
Trd, 2591272.146, 145
Trd, 2591273.529, 100
Trd, 2591275.746, 100
Trd, 2591276.113, 100
Trd, 2591276.863, 100
Trd, 2591276.979, 100
Trd, 2591277.046, 100
Trd, 2591277.413, 100
Trd, 2591278.113, 100
Trd, 2591278.129, 100
Trd, 2591278.213, 100
Trd, 2591278.363, 100
Trd, 2591278.779, 101
Trd, 2591278.879, 100
Trd, 2591279.196, 101
Trd, 2591279.713, 102
Trd, 2591279.763, 112
Trd, 2591279.879, 105
Trd, 2591279.913, 103
Trd, 2591280.129, 138
Trd, 2591280.679, 126
Trd, 2591280.729, 126
Trd, 2591281.729, 145
Trd, 2591282.213, 150
Trd, 2591282.646, 150
Trd, 2591283.029, 150
Trd, 2591283.463, 148
Trd, 2591283.896, 149
Trd, 2591284.229, 148
Trd, 2591284.363, 148
Trd, 2591284.579, 149
Trd, 2591284.729, 149
Trd, 2591284.813, 149
Trd, 2591284.879, 150
Trd, 2591285.263, 150
Trd, 2591285.279, 149
Trd, 2591285.379, 148
Trd, 2591285.463, 147
Trd, 2591286.096, 148
Trd, 2591286.679, 149
Trd, 2591286.713, 148
Trd, 2591286.946, 125
Trd, 2591287.279, 149
Trd, 2591287.596, 123
Trd, 2591288.013, 116
Trd, 2591289.096, 104
Trd, 2591289.179, 101
Trd, 2591290.413, 135
Trd, 2591290.813, 138
Trd, 2591291.229, 122
Trd, 2591291.629, 137
Trd, 2591291.663, 112
Trd, 2591291.913, 104
Trd, 2591293.479, 126
Trd, 2591293.746, 129
Trd, 2591293.763, 133
Trd, 2591294.746, 102
Trd, 2591294.913, 103
Trd, 2591295.296, 112
Trd, 2591295.346, 107
Trd, 2591295.946, 150
Trd, 2591295.979, 150
Trd, 2591295.996, 150
Trd, 2591298.063, 150
Trd, 2591298.096, 150
Trd, 2591298.179, 150
Trd, 2591298.496, 150
Trd, 2591298.546, 150
Trd, 2591299.363, 150
Trd, 2591300.479, 111
Trd, 2591301.129, 128
Trd, 2591301.663, 130
Trd, 2591301.713, 131
Trd, 2591301.829, 130
Trd, 2591302.113, 131
Trd, 2591302.146, 132
Trd, 2591302.263, 130
Trd, 2591302.796, 129
Trd, 2591302.946, 128
Trd, 2591303.096, 124
Trd, 2591303.479, 111
Trd, 2591304.429, 121
Trd, 2591305.113, 100
Trd, 2591305.246, 100
Trd, 2591305.313, 100
Trd, 2591305.363, 100
Trd, 2591305.679, 100
Trd, 2591305.979, 102
Trd, 2591306.113, 103
Trd, 2591306.629, 105
Trd, 2591306.729, 106
Trd, 2591307.746, 150
Trd, 2591308.146, 150
Trd, 2591308.729, 150
Trd, 2591309.263, 150
Trd, 2591309.496, 150
Trd, 2591310.179, 150
Trd, 2591310.229, 150
Trd, 2591310.429, 150
Trd, 2591310.529, 150
Trd, 2591310.596, 150
Trd, 2591311.746, 150
Trd, 2591311.829, 150
Trd, 2591311.929, 149
Trd, 2591313.129, 150
Trd, 2591313.279, 150
Trd, 2591313.379, 150
Trd, 2591313.646, 150
Trd, 2591314.196, 150
Trd, 2591314.329, 149
Trd, 2591314.913, 150
Trd, 2591314.929, 150
Trd, 2591315.046, 149
Trd, 2591316.563, 150
Trd, 2591316.963, 150
Trd, 2591317.329, 150
Trd, 2591317.563, 136
Trd, 2591318.346, 150
Trd, 2591318.863, 150
Trd, 2591319.296, 150
Trd, 2591319.596, 150
Trd, 2591319.663, 150
Trd, 2591319.979, 150
Trd, 2591320.013, 146
Trd, 2591320.529, 127
Trd, 2591320.629, 122
Trd, 2591321.279, 149
Trd, 2591322.029, 147
Trd, 2591322.496, 119
Trd, 2591322.679, 149
Trd, 2591322.729, 109
Trd, 2591323.129, 149
Trd, 2591324.079, 149
Trd, 2591324.229, 150
Trd, 2591324.496, 137
Trd, 2591325.246, 148
Trd, 2591326.429, 141
Trd, 2591326.563, 140
Trd, 2591326.613, 147
Trd, 2591326.746, 149
Trd, 2591326.779, 139
Trd, 2591327.479, 137
Trd, 2591327.729, 123
Trd, 2591327.979, 118
Trd, 2591329.196, 147
Trd, 2591329.696, 140
Trd, 2591329.746, 148
Trd, 2591329.863, 140
Trd, 2591330.079, 139
Trd, 2591330.796, 150
Trd, 2591331.129, 150
Trd, 2591331.879, 150
Trd, 2591332.429, 149
Trd, 2591333.263, 150
Trd, 2591333.979, 150
Trd, 2591334.229, 150
Trd, 2591334.279, 150
Trd, 2591334.463, 150
Trd, 2591334.729, 150
Trd, 2591335.279, 150
Trd, 2591335.513, 150
Trd, 2591335.563, 131
Trd, 2591335.963, 126
Trd, 2591336.563, 146
Trd, 2591336.996, 110
Trd, 2591337.063, 107
Trd, 2591337.196, 110
Trd, 2591337.279, 106
Trd, 2591337.829, 103
Trd, 2591338.213, 107
Trd, 2591338.796, 100
Trd, 2591338.913, 100
Trd, 2591339.946, 100
Trd, 2591340.729, 100
Trd, 2591340.796, 100
Trd, 2591340.946, 100
Trd, 2591341.629, 100
Trd, 2591341.963, 100
Trd, 2591342.613, 100
Trd, 2591342.646, 105
Trd, 2591343.896, 101
Trd, 2591343.996, 102
Trd, 2591344.013, 100
Trd, 2591344.529, 101
Trd, 2591345.163, 107
Trd, 2591345.563, 111
Trd, 2591346.413, 145
Trd, 2591346.429, 121
Trd, 2591346.713, 146
Trd, 2591347.079, 123
Trd, 2591347.446, 120
Trd, 2591348.079, 150
Trd, 2591348.663, 150
Trd, 2591349.079, 150
Trd, 2591349.196, 150
Trd, 2591350.013, 150
Trd, 2591350.263, 150
Trd, 2591350.896, 150
Trd, 2591351.746, 150
Trd, 2591351.813, 150
Trd, 2591351.829, 150
Trd, 2591352.013, 149
Trd, 2591352.046, 150
Trd, 2591352.163, 148
Trd, 2591353.479, 149
Trd, 2591353.513, 147
Trd, 2591354.013, 148
Trd, 2591354.229, 147
Trd, 2591354.613, 148
Trd, 2591354.929, 150
Trd, 2591355.163, 149
Trd, 2591356.179, 150
Trd, 2591356.696, 143
Trd, 2591356.763, 128
Trd, 2591356.913, 127
Trd, 2591357.896, 149
Trd, 2591358.096, 128
Trd, 2591358.113, 114
Trd, 2591358.629, 150
Trd, 2591358.929, 149
Trd, 2591359.629, 149
Trd, 2591360.946, 146
Trd, 2591361.096, 124
Trd, 2591361.246, 140
Trd, 2591361.429, 123
Trd, 2591361.663, 122
Trd, 2591362.113, 138
Trd, 2591362.429, 121
Trd, 2591362.863, 120
Trd, 2591362.879, 138
Trd, 2591363.513, 103
Trd, 2591363.929, 106
Trd, 2591364.029, 147
Trd, 2591364.446, 137
Trd, 2591364.963, 150
Trd, 2591366.079, 150
Trd, 2591366.096, 150
Trd, 2591366.346, 150
Trd, 2591366.413, 150
Trd, 2591366.529, 150
Trd, 2591366.713, 150
Trd, 2591366.879, 150
Trd, 2591367.163, 150
Trd, 2591367.779, 149
Trd, 2591367.929, 149
Trd, 2591368.579, 147
Trd, 2591368.929, 128
Trd, 2591369.046, 133
Trd, 2591369.863, 113
Trd, 2591371.596, 143
Trd, 2591371.613, 144
Trd, 2591371.946, 142
Trd, 2591372.113, 145
Trd, 2591372.129, 140
Trd, 2591372.296, 121
Trd, 2591372.696, 115
Trd, 2591372.963, 132
Trd, 2591372.979, 117
Trd, 2591373.179, 136
Trd, 2591374.196, 117
Trd, 2591374.296, 116
Trd, 2591375.613, 110
Trd, 2591375.629, 111
Trd, 2591375.746, 130
Trd, 2591375.979, 132
Trd, 2591378.013, 102
Trd, 2591378.679, 100
Trd, 2591379.546, 105
Trd, 2591380.096, 150
Trd, 2591380.829, 150
Trd, 2591380.946, 149
Trd, 2591381.046, 127
Trd, 2591381.129, 150
Trd, 2591381.179, 150
Trd, 2591381.413, 150
Trd, 2591381.479, 150
Trd, 2591381.729, 150
Trd, 2591381.779, 150
Trd, 2591381.796, 150
Trd, 2591381.863, 150
Trd, 2591382.313, 138
Trd, 2591382.696, 148
Trd, 2591383.563, 138
Trd, 2591383.596, 137
Trd, 2591383.796, 137
Trd, 2591383.979, 126
Trd, 2591384.546, 123
Trd, 2591384.763, 121
Trd, 2591384.963, 138
Trd, 2591385.846, 135
Trd, 2591386.246, 140
Trd, 2591386.279, 142
Trd, 2591387.296, 100
Trd, 2591387.496, 100
Trd, 2591387.729, 101
Trd, 2591387.979, 101
Trd, 2591388.113, 101
Trd, 2591388.913, 100
Trd, 2591389.479, 100
Trd, 2591389.579, 101
Trd, 2591390.146, 102
Trd, 2591390.196, 102
Trd, 2591390.463, 103
Trd, 2591390.496, 108
Trd, 2591390.663, 110
Trd, 2591391.279, 150
Trd, 2591393.446, 150
Trd, 2591394.546, 150
Trd, 2591394.779, 150
Trd, 2591394.796, 150
Trd, 2591395.129, 150
Trd, 2591398.113, 150
Trd, 2591398.196, 150
Trd, 2591398.429, 150
Trd, 2591398.613, 150
Trd, 2591399.563, 150
Trd, 2591399.579, 150
Trd, 2591399.779, 149
Trd, 2591399.863, 149
Trd, 2591399.896, 149
Trd, 2591400.063, 150
Trd, 2591400.196, 150
Trd, 2591400.246, 149
Trd, 2591400.279, 150
Trd, 2591400.429, 143
Trd, 2591400.463, 142
Trd, 2591400.929, 128
Trd, 2591401.296, 129
Trd, 2591401.413, 128
Trd, 2591401.663, 126
Trd, 2591401.896, 148
Trd, 2591401.929, 111
Trd, 2591401.979, 108
Trd, 2591402.179, 105
Trd, 2591402.346, 149
Trd, 2591402.579, 104
Trd, 2591403.296, 143
Trd, 2591403.863, 149
Trd, 2591405.446, 150
Trd, 2591406.646, 150
Trd, 2591407.079, 150
Trd, 2591407.146, 150
Trd, 2591407.179, 150
Trd, 2591407.996, 150
Trd, 2591408.163, 150
Trd, 2591408.346, 150
Trd, 2591408.363, 150
Trd, 2591408.529, 150
Trd, 2591408.613, 150
Trd, 2591409.096, 150
Trd, 2591409.296, 150
Trd, 2591409.746, 150
Trd, 2591409.779, 149
Trd, 2591410.013, 150
Trd, 2591410.463, 149
Trd, 2591410.646, 134
Trd, 2591410.829, 126
Trd, 2591411.429, 149
Trd, 2591412.179, 145
Trd, 2591412.263, 144
Trd, 2591412.296, 125
Trd, 2591412.463, 125
Trd, 2591412.913, 145
Trd, 2591413.446, 108
Trd, 2591414.529, 115
Trd, 2591414.829, 115
Trd, 2591415.396, 122
Trd, 2591415.513, 121
Trd, 2591416.096, 117
Trd, 2591416.263, 116
Trd, 2591416.546, 117
Trd, 2591416.696, 117
Trd, 2591416.763, 118
Trd, 2591417.379, 117
Trd, 2591417.396, 118
Trd, 2591417.529, 117
Trd, 2591417.929, 120
Trd, 2591419.113, 150
Trd, 2591419.263, 150
Trd, 2591419.379, 150
Trd, 2591420.079, 143
Trd, 2591422.879, 150
Trd, 2591423.196, 150
Trd, 2591423.346, 150
Trd, 2591423.363, 150
Trd, 2591423.646, 150
Trd, 2591424.179, 149
Trd, 2591424.863, 150
Trd, 2591424.946, 150
Trd, 2591425.346, 150
Trd, 2591425.696, 150
Trd, 2591426.013, 150
Trd, 2591426.446, 150
Trd, 2591426.813, 150
Trd, 2591426.946, 150
Trd, 2591427.213, 146
Trd, 2591428.529, 150
Trd, 2591429.046, 150
Trd, 2591429.729, 150
Trd, 2591431.229, 150
Trd, 2591431.646, 150
Trd, 2591431.779, 150
Trd, 2591432.046, 150
Trd, 2591432.196, 150
Trd, 2591432.213, 150
Trd, 2591432.279, 150
Trd, 2591432.296, 150
Trd, 2591432.479, 149
Trd, 2591432.979, 150
Trd, 2591433.796, 150
Trd, 2591433.829, 150
Trd, 2591434.196, 150
Trd, 2591434.679, 150
Trd, 2591435.029, 150
Trd, 2591435.796, 150
Trd, 2591436.246, 150
Trd, 2591437.196, 150
Trd, 2591437.646, 150
Trd, 2591437.763, 150
Trd, 2591439.213, 150
Trd, 2591440.113, 150
Trd, 2591440.296, 150
Trd, 2591440.546, 150
Trd, 2591440.696, 150
Trd, 2591440.879, 150
Trd, 2591441.229, 150
Trd, 2591441.329, 150
Trd, 2591441.863, 137
Trd, 2591442.113, 138
Trd, 2591442.896, 140
Trd, 2591443.046, 140
Trd, 2591443.496, 125
Trd, 2591443.996, 136
Trd, 2591444.129, 135
Trd, 2591444.396, 117
Trd, 2591444.613, 134
Trd, 2591444.813, 106
Trd, 2591444.846, 134
Trd, 2591445.629, 123
Trd, 2591446.313, 132
Trd, 2591446.379, 127
Trd, 2591446.513, 126
Trd, 2591447.029, 122
Trd, 2591447.379, 133
Trd, 2591447.829, 111
Trd, 2591448.096, 149
Trd, 2591448.146, 127
Trd, 2591448.679, 103
Trd, 2591449.463, 105
Trd, 2591449.629, 103
Trd, 2591449.663, 140
Trd, 2591451.163, 150
Trd, 2591451.829, 150
Trd, 2591452.396, 150
Trd, 2591452.479, 150
Trd, 2591452.596, 150
Trd, 2591452.629, 150
Trd, 2591452.696, 150
Trd, 2591452.829, 150
Trd, 2591453.779, 150
Trd, 2591454.513, 150
Trd, 2591454.646, 150
Trd, 2591455.063, 148
Trd, 2591455.529, 135
Trd, 2591456.213, 137
Trd, 2591456.563, 149
Trd, 2591456.613, 150
Trd, 2591456.846, 138
Trd, 2591457.379, 145
Trd, 2591457.796, 140
Trd, 2591458.613, 141
Trd, 2591458.963, 141
Trd, 2591459.113, 142
Trd, 2591459.513, 141
Trd, 2591459.529, 142
Trd, 2591459.913, 123
Trd, 2591460.346, 141
Trd, 2591460.463, 118
Trd, 2591460.913, 116
Trd, 2591461.229, 143
Trd, 2591461.796, 116
Trd, 2591462.129, 122
Trd, 2591462.146, 121
Trd, 2591462.196, 143
Trd, 2591462.746, 116
Trd, 2591462.879, 115
Trd, 2591463.846, 149
Trd, 2591464.129, 148
Trd, 2591464.146, 145
Trd, 2591464.579, 132
Trd, 2591465.679, 134
Trd, 2591466.179, 123
Trd, 2591466.646, 149
Trd, 2591467.113, 132
Trd, 2591467.396, 126
Trd, 2591468.829, 126
Trd, 2591469.496, 135
Trd, 2591469.913, 133
Trd, 2591469.963, 134
Trd, 2591470.313, 136
Trd, 2591470.429, 136
Trd, 2591470.546, 137
Trd, 2591471.029, 138
Trd, 2591471.063, 139
Trd, 2591471.079, 138
Trd, 2591471.146, 141
Trd, 2591471.413, 137
Trd, 2591471.813, 150
Trd, 2591471.863, 149
Trd, 2591472.163, 139
Trd, 2591472.446, 150
Trd, 2591472.629, 149
Trd, 2591472.696, 137
Trd, 2591472.913, 149
Trd, 2591473.546, 127
Trd, 2591473.779, 147
Trd, 2591473.979, 120
Trd, 2591474.129, 120
Trd, 2591475.163, 119
Trd, 2591475.879, 141
Trd, 2591477.146, 144
Trd, 2591478.179, 143
Trd, 2591478.379, 144
Trd, 2591478.396, 143
Trd, 2591478.563, 142
Trd, 2591479.096, 142
Trd, 2591479.113, 126
Trd, 2591479.496, 126
Trd, 2591479.746, 121
Trd, 2591480.013, 123
Trd, 2591480.363, 122
Trd, 2591480.413, 121
Trd, 2591481.429, 150
Trd, 2591482.096, 150
Trd, 2591482.913, 150
Trd, 2591482.946, 150
Trd, 2591483.163, 150
Trd, 2591483.263, 150
Trd, 2591483.479, 126
Trd, 2591483.596, 121
Trd, 2591483.896, 150
Trd, 2591484.029, 143
Trd, 2591484.446, 150
Trd, 2591484.496, 150
Trd, 2591485.729, 100
Trd, 2591485.796, 100
Trd, 2591486.179, 100
Trd, 2591486.213, 100
Trd, 2591486.946, 100
Trd, 2591487.046, 100
Trd, 2591487.329, 100
Trd, 2591487.446, 100
Trd, 2591488.079, 104
Trd, 2591488.163, 101
Trd, 2591488.229, 100
Trd, 2591488.663, 101
Trd, 2591488.929, 101
Trd, 2591489.196, 101
Trd, 2591489.396, 102
Trd, 2591490.246, 106
Trd, 2591490.363, 111
Trd, 2591491.029, 137
Trd, 2591492.929, 150
Trd, 2591493.246, 150
Trd, 2591493.396, 150
Trd, 2591493.446, 150
Trd, 2591493.763, 150
Trd, 2591493.946, 150
Trd, 2591494.146, 150
Trd, 2591494.513, 149
Trd, 2591495.179, 124
Trd, 2591495.296, 122
Trd, 2591495.579, 118
Trd, 2591495.846, 142
Trd, 2591496.063, 108
Trd, 2591496.713, 102
Trd, 2591497.113, 100
Trd, 2591499.029, 100
Trd, 2591499.346, 100
Trd, 2591500.063, 101
Trd, 2591500.196, 100
Trd, 2591500.646, 102
Trd, 2591500.713, 102
Trd, 2591501.313, 101
Trd, 2591501.663, 104
Trd, 2591501.863, 100
Trd, 2591502.096, 100
Trd, 2591502.513, 103
Trd, 2591503.163, 104
Trd, 2591503.229, 105
Trd, 2591503.246, 106
Trd, 2591503.579, 104
Trd, 2591503.663, 102
Trd, 2591504.029, 101
Trd, 2591506.013, 100
Trd, 2591506.196, 100
Trd, 2591506.546, 100
Trd, 2591506.996, 102
Trd, 2591507.146, 103
Trd, 2591507.329, 108
Trd, 2591507.779, 100
Trd, 2591508.313, 100
Trd, 2591508.363, 100
Trd, 2591508.496, 100
Trd, 2591508.529, 100
Trd, 2591508.679, 102
Trd, 2591508.746, 145
Trd, 2591510.429, 150
Trd, 2591510.846, 150
Trd, 2591511.179, 150
Trd, 2591512.146, 150
Trd, 2591512.963, 150
Trd, 2591513.246, 150
Trd, 2591514.196, 150
Trd, 2591514.413, 150
Trd, 2591514.813, 150
Trd, 2591514.863, 150
Trd, 2591515.463, 150
Trd, 2591515.479, 150
Trd, 2591515.729, 150
Trd, 2591516.496, 150
Trd, 2591516.763, 150
Trd, 2591516.813, 139
Trd, 2591517.979, 150
Trd, 2591518.113, 150
Trd, 2591519.346, 150
Trd, 2591519.363, 150
Trd, 2591519.796, 150
Trd, 2591520.413, 150
Trd, 2591520.896, 150
Trd, 2591521.979, 150
Trd, 2591522.013, 150
Trd, 2591522.563, 150
Trd, 2591522.913, 150
Trd, 2591523.046, 150
Trd, 2591523.063, 150
Trd, 2591523.079, 150
Trd, 2591523.313, 150
Trd, 2591523.513, 150
Trd, 2591523.629, 150
Trd, 2591523.829, 150
Trd, 2591523.996, 149
Trd, 2591524.379, 138
Trd, 2591525.346, 126
Trd, 2591525.829, 122
Trd, 2591525.896, 122
Trd, 2591526.313, 139
Trd, 2591526.796, 138
Trd, 2591527.129, 136
Trd, 2591527.463, 124
Trd, 2591528.313, 126
Trd, 2591528.413, 125
Trd, 2591529.496, 150
Trd, 2591529.829, 150
Trd, 2591530.863, 150
Trd, 2591531.496, 150
Trd, 2591531.929, 150
Trd, 2591532.163, 150
Trd, 2591532.729, 150
Trd, 2591533.163, 150
Trd, 2591533.479, 150
Trd, 2591533.496, 150
Trd, 2591533.596, 149
Trd, 2591534.413, 150
Trd, 2591535.263, 150
Trd, 2591535.446, 150
Trd, 2591535.529, 150
Trd, 2591535.613, 150
Trd, 2591535.713, 148
Trd, 2591536.279, 144
Trd, 2591536.863, 143
Trd, 2591536.979, 143
Trd, 2591537.113, 146
Trd, 2591537.646, 134
Trd, 2591537.663, 133
Trd, 2591539.246, 150
Trd, 2591539.363, 150
Trd, 2591539.579, 150
Trd, 2591539.929, 150
Trd, 2591540.846, 150
Trd, 2591541.046, 150
Trd, 2591541.113, 150
Trd, 2591541.346, 150
Trd, 2591541.513, 150
Trd, 2591541.746, 150
Trd, 2591542.296, 150
Trd, 2591542.429, 149
Trd, 2591542.979, 150
Trd, 2591543.063, 147
Trd, 2591543.079, 128
Trd, 2591543.763, 150
Trd, 2591545.013, 150
Trd, 2591545.463, 150
Trd, 2591545.646, 148
Trd, 2591545.696, 147
Trd, 2591545.813, 126
Trd, 2591546.213, 150
Trd, 2591546.813, 148
Trd, 2591548.163, 142
Trd, 2591548.479, 130
Trd, 2591548.546, 143
Trd, 2591549.079, 133
Trd, 2591549.129, 132
Trd, 2591550.196, 135
Trd, 2591550.296, 134
Trd, 2591550.429, 134
Trd, 2591550.929, 135
Trd, 2591551.129, 135
Trd, 2591551.929, 133
Trd, 2591552.063, 133
Trd, 2591552.296, 134
Trd, 2591552.696, 111
Trd, 2591552.713, 132
Trd, 2591552.746, 110
Trd, 2591552.896, 105
Trd, 2591553.496, 102
Trd, 2591553.546, 104
Trd, 2591553.796, 129
Trd, 2591554.046, 133
Trd, 2591555.479, 101
Trd, 2591555.846, 100
Trd, 2591555.979, 100
Trd, 2591556.146, 102
Trd, 2591557.329, 150
Trd, 2591557.713, 135
Trd, 2591558.896, 138
Trd, 2591559.413, 137
Trd, 2591560.079, 138
Trd, 2591560.279, 136
Trd, 2591560.996, 139
Trd, 2591561.013, 138
Trd, 2591561.463, 137
Trd, 2591561.679, 136
Trd, 2591561.813, 136
Trd, 2591562.013, 135
Trd, 2591562.063, 137
Trd, 2591562.146, 139
Trd, 2591562.363, 135
Trd, 2591562.429, 134
Trd, 2591562.446, 139
Trd, 2591562.913, 139
Trd, 2591563.213, 140
Trd, 2591563.646, 131
Trd, 2591564.279, 132
Trd, 2591564.413, 131
Trd, 2591565.629, 143
Trd, 2591565.646, 147
Trd, 2591565.979, 145
Trd, 2591566.863, 150
Trd, 2591566.896, 150
Trd, 2591567.046, 149
Trd, 2591567.063, 147
Trd, 2591567.663, 131
Trd, 2591568.246, 113
Trd, 2591568.429, 145
Trd, 2591569.246, 127
Trd, 2591569.746, 135
Trd, 2591570.363, 140
Trd, 2591571.363, 134
Trd, 2591571.479, 134
Trd, 2591571.613, 134
Trd, 2591572.113, 133
Trd, 2591572.163, 132
Trd, 2591572.279, 131
Trd, 2591572.796, 131
Trd, 2591573.313, 111
Trd, 2591574.196, 125
Trd, 2591574.496, 125
Trd, 2591574.946, 108
Trd, 2591575.063, 123
Trd, 2591575.196, 107
Trd, 2591575.346, 123
Trd, 2591575.396, 108
Trd, 2591575.413, 102
Trd, 2591575.813, 102
Trd, 2591576.396, 101
Trd, 2591577.046, 100
Trd, 2591577.096, 100
Trd, 2591578.129, 102
Trd, 2591578.346, 102
Trd, 2591578.913, 103
Trd, 2591579.963, 116
Trd, 2591580.229, 117
Trd, 2591580.396, 105
Trd, 2591581.396, 141
Trd, 2591581.746, 143
Trd, 2591581.963, 147
Trd, 2591582.279, 144
Trd, 2591582.629, 145
Trd, 2591583.246, 148
Trd, 2591583.296, 147
Trd, 2591583.663, 149
Trd, 2591583.696, 148
Trd, 2591583.779, 150
Trd, 2591584.579, 150
Trd, 2591584.613, 150
Trd, 2591585.646, 150
Trd, 2591586.029, 150
Trd, 2591586.813, 149
Trd, 2591586.879, 147
Trd, 2591587.479, 135
Trd, 2591588.013, 130
Trd, 2591588.063, 128
Trd, 2591588.529, 135
Trd, 2591588.779, 136
Trd, 2591589.129, 136
Trd, 2591589.379, 122
Trd, 2591590.029, 126
Trd, 2591590.963, 125
Trd, 2591591.046, 125
Trd, 2591591.329, 125
Trd, 2591591.396, 124
Trd, 2591591.446, 123
Trd, 2591591.596, 121
Trd, 2591591.913, 115
Trd, 2591592.029, 114
Trd, 2591592.129, 104
Trd, 2591592.913, 100
Trd, 2591593.063, 100
Trd, 2591593.146, 100
Trd, 2591593.513, 102
Trd, 2591593.613, 103
Trd, 2591595.079, 100
Trd, 2591595.863, 103
Trd, 2591596.113, 102
Trd, 2591596.413, 103
Trd, 2591596.496, 102
Trd, 2591596.929, 102
Trd, 2591596.963, 102
Trd, 2591597.129, 109
Trd, 2591597.263, 102
Trd, 2591597.463, 101
Trd, 2591599.029, 101
Trd, 2591599.179, 100
Trd, 2591599.446, 103
Trd, 2591600.296, 111
Trd, 2591600.796, 131
Trd, 2591600.896, 116
Trd, 2591600.929, 143
Trd, 2591601.529, 123
Trd, 2591601.579, 134
Trd, 2591602.429, 117
Trd, 2591603.196, 129
Trd, 2591603.413, 130
Trd, 2591603.629, 130
Trd, 2591603.863, 130
Trd, 2591603.913, 131
Trd, 2591604.079, 131
Trd, 2591604.263, 131
Trd, 2591604.679, 149
Trd, 2591605.363, 147
Trd, 2591605.929, 149
Trd, 2591606.296, 138
Trd, 2591607.013, 150
Trd, 2591607.029, 148
Trd, 2591608.829, 150
Trd, 2591608.879, 149
Trd, 2591609.513, 142
Trd, 2591609.613, 141
Trd, 2591609.896, 142
Trd, 2591610.063, 143
Trd, 2591611.029, 128
Trd, 2591611.229, 127
Trd, 2591611.513, 126
Trd, 2591611.579, 123
Trd, 2591612.179, 137
Trd, 2591612.213, 126
Trd, 2591612.279, 138
Trd, 2591612.496, 136
Trd, 2591613.529, 119
Trd, 2591613.579, 116
Trd, 2591613.946, 127
Trd, 2591614.063, 109
Trd, 2591615.496, 106
Trd, 2591615.529, 122
Trd, 2591615.713, 122
Trd, 2591615.813, 123
Trd, 2591615.979, 105
Trd, 2591617.696, 100
Trd, 2591618.029, 100
Trd, 2591618.213, 100
Trd, 2591618.763, 110
Trd, 2591618.879, 111
Trd, 2591619.046, 101
Trd, 2591619.146, 102
Trd, 2591619.346, 101
Trd, 2591620.096, 150
Trd, 2591621.179, 150
Trd, 2591621.696, 150
Trd, 2591621.929, 150
Trd, 2591622.296, 150
Trd, 2591622.596, 150
Trd, 2591623.146, 150
Trd, 2591623.529, 150
Trd, 2591624.129, 149
Trd, 2591624.396, 141
Trd, 2591624.513, 140
Trd, 2591624.579, 149
Trd, 2591625.263, 148
Trd, 2591625.563, 146
Trd, 2591625.813, 145
Trd, 2591626.029, 144
Trd, 2591627.079, 147
Trd, 2591627.296, 150
Trd, 2591627.329, 145
Trd, 2591627.396, 144
Trd, 2591628.563, 136
Trd, 2591628.729, 128
Trd, 2591628.846, 148
Trd, 2591629.929, 148
Trd, 2591630.346, 146
Trd, 2591631.113, 127
Trd, 2591631.613, 127
Trd, 2591631.963, 147
Trd, 2591632.296, 147
Trd, 2591632.396, 146
Trd, 2591632.646, 148
Trd, 2591632.946, 148
Trd, 2591633.096, 148
Trd, 2591633.179, 146
Trd, 2591633.279, 145
Trd, 2591633.396, 130
Trd, 2591633.413, 124
Trd, 2591633.613, 121
Trd, 2591633.896, 117
Trd, 2591634.846, 109
Trd, 2591635.563, 143
Trd, 2591635.713, 144
Trd, 2591636.713, 142
Trd, 2591637.029, 145
Trd, 2591637.179, 139
Trd, 2591638.563, 150
Trd, 2591639.563, 150
Trd, 2591639.929, 150
Trd, 2591640.263, 150
Trd, 2591640.829, 150
Trd, 2591642.363, 150
Trd, 2591642.529, 150
Trd, 2591642.563, 150
Trd, 2591642.579, 150
Trd, 2591642.713, 150
Trd, 2591642.979, 150
Trd, 2591643.163, 150
Trd, 2591643.179, 150
Trd, 2591643.213, 150
Trd, 2591643.229, 150
Trd, 2591643.246, 138
Trd, 2591643.379, 140
Trd, 2591643.429, 136
Trd, 2591643.463, 116
Trd, 2591645.713, 128
Trd, 2591645.913, 134
Trd, 2591645.929, 118
Trd, 2591646.179, 133
Trd, 2591646.196, 134
Trd, 2591646.213, 136
Trd, 2591646.763, 113
Trd, 2591646.896, 112
Trd, 2591647.329, 121
Trd, 2591647.529, 122
Trd, 2591647.846, 106
Trd, 2591648.579, 100
Trd, 2591648.613, 100
Trd, 2591649.879, 100
Trd, 2591650.663, 101
Trd, 2591651.546, 100
Trd, 2591651.863, 102
Trd, 2591652.196, 137
Trd, 2591652.629, 114
Trd, 2591652.729, 115
Trd, 2591652.796, 148
Trd, 2591653.613, 119
Trd, 2591653.896, 136
Trd, 2591653.929, 121
Trd, 2591654.113, 120
Trd, 2591654.646, 122
Trd, 2591655.129, 125
Trd, 2591655.363, 126
Trd, 2591655.779, 145
Trd, 2591655.813, 128
Trd, 2591656.813, 130
Trd, 2591656.863, 128
Trd, 2591657.179, 116
Trd, 2591657.613, 111
Trd, 2591658.213, 100
Trd, 2591658.296, 100
Trd, 2591658.663, 101
Trd, 2591659.629, 100
Trd, 2591660.396, 100
Trd, 2591660.613, 100
Trd, 2591661.346, 100
Trd, 2591662.479, 100
Trd, 2591662.679, 100
Trd, 2591662.763, 100
Trd, 2591662.779, 100
Trd, 2591662.946, 100
Trd, 2591663.229, 101
Trd, 2591663.363, 101
Trd, 2591663.413, 102
Trd, 2591663.646, 106
Trd, 2591663.679, 102
Trd, 2591663.763, 101
Trd, 2591664.396, 103
Trd, 2591664.413, 101
Trd, 2591665.013, 102
Trd, 2591665.063, 103
Trd, 2591665.779, 103
Trd, 2591666.929, 100
Trd, 2591667.229, 100
Trd, 2591667.613, 101
Trd, 2591667.629, 106
Trd, 2591667.863, 125
Trd, 2591668.296, 141
Trd, 2591668.546, 142
Trd, 2591669.313, 114
Trd, 2591669.363, 113
Trd, 2591669.479, 136
Trd, 2591669.946, 115
Trd, 2591670.013, 114
Trd, 2591671.179, 121
Trd, 2591671.296, 135
Trd, 2591672.579, 132
Trd, 2591672.679, 132
Trd, 2591672.846, 130
Trd, 2591673.046, 129
Trd, 2591673.263, 129
Trd, 2591673.396, 130
Trd, 2591673.763, 131
Trd, 2591673.863, 132
Trd, 2591673.929, 132
Trd, 2591674.679, 137
Trd, 2591674.896, 136
Trd, 2591674.929, 135
Trd, 2591675.279, 136
Trd, 2591675.313, 125
Trd, 2591675.729, 150
Trd, 2591675.829, 150
Trd, 2591676.546, 148
Trd, 2591677.279, 116
Trd, 2591678.229, 116
Trd, 2591678.479, 116
Trd, 2591678.613, 146
Trd, 2591678.763, 114
Trd, 2591679.446, 138
Trd, 2591679.479, 113
Trd, 2591679.846, 109
Trd, 2591680.713, 135
Trd, 2591680.996, 134
Trd, 2591681.129, 115
Trd, 2591681.979, 133
Trd, 2591682.013, 118
Trd, 2591682.313, 131
Trd, 2591683.029, 131
Trd, 2591683.279, 130
Trd, 2591683.379, 120
Trd, 2591683.496, 132
Trd, 2591683.579, 150
Trd, 2591683.979, 100
Trd, 2591684.713, 100
Trd, 2591684.879, 101
Trd, 2591685.063, 106
Trd, 2591685.263, 102
Trd, 2591685.579, 150
Trd, 2591686.063, 147
Trd, 2591687.096, 143
Trd, 2591687.713, 111
Trd, 2591687.896, 112
Trd, 2591688.163, 111
Trd, 2591689.063, 113
Trd, 2591689.213, 134
Trd, 2591689.713, 114
Trd, 2591690.213, 131
Trd, 2591690.513, 130
Trd, 2591690.629, 120
Trd, 2591691.079, 129
Trd, 2591691.446, 131
Trd, 2591691.629, 132
Trd, 2591691.946, 124
Trd, 2591692.329, 125
Trd, 2591693.379, 150
Trd, 2591695.679, 150
Trd, 2591695.846, 150
Trd, 2591696.063, 149
Trd, 2591696.929, 150
Trd, 2591697.529, 150
Trd, 2591697.613, 150
Trd, 2591697.646, 150
Trd, 2591697.696, 150
Trd, 2591698.063, 150
Trd, 2591698.763, 146
Trd, 2591699.113, 144
Trd, 2591699.329, 129
Trd, 2591699.729, 144
Trd, 2591699.763, 127
Trd, 2591700.513, 140
Trd, 2591700.663, 126
Trd, 2591701.096, 142
Trd, 2591701.663, 117
Trd, 2591702.646, 138
Trd, 2591702.863, 128
Trd, 2591702.996, 127
Trd, 2591703.113, 141
Trd, 2591703.229, 126
Trd, 2591703.779, 132
Trd, 2591705.279, 150
Trd, 2591705.596, 150
Trd, 2591705.729, 149
Trd, 2591706.629, 150
Trd, 2591706.713, 150
Trd, 2591707.613, 150
Trd, 2591707.629, 150
Trd, 2591708.063, 150
Trd, 2591708.279, 150
Trd, 2591708.913, 150
Trd, 2591708.963, 150
Trd, 2591709.879, 143
Trd, 2591710.063, 127
Trd, 2591710.113, 126
Trd, 2591710.163, 146
Trd, 2591711.163, 133
Trd, 2591711.263, 131
Trd, 2591711.463, 139
Trd, 2591711.479, 148
Trd, 2591711.846, 130
Trd, 2591711.863, 149
Trd, 2591713.063, 146
Trd, 2591713.079, 113
Trd, 2591713.213, 113
Trd, 2591713.463, 145
Trd, 2591713.596, 132
Trd, 2591714.813, 119
Trd, 2591714.979, 119
Trd, 2591714.996, 118
Trd, 2591715.179, 120
Trd, 2591715.479, 139
Trd, 2591715.679, 120
Trd, 2591716.996, 118
Trd, 2591717.846, 102
Trd, 2591718.013, 103
Trd, 2591718.563, 100
Trd, 2591718.796, 100
Trd, 2591718.879, 101
Trd, 2591718.979, 101
Trd, 2591719.363, 100
Trd, 2591719.796, 100
Trd, 2591720.029, 101
Trd, 2591720.096, 100
Trd, 2591720.163, 101
Trd, 2591720.179, 102
Trd, 2591720.296, 102
Trd, 2591721.029, 101
Trd, 2591721.579, 101
Trd, 2591722.196, 106
Trd, 2591722.546, 104
Trd, 2591722.579, 136
Trd, 2591723.179, 138
Trd, 2591723.963, 150
Trd, 2591724.096, 150
Trd, 2591724.196, 148
Trd, 2591724.729, 140
Trd, 2591724.846, 150
Trd, 2591725.413, 150
Trd, 2591725.713, 150
Trd, 2591725.879, 150
Trd, 2591726.263, 149
Trd, 2591726.579, 149
Trd, 2591726.729, 148
Trd, 2591727.163, 138
Trd, 2591727.263, 118
Trd, 2591727.513, 142
Trd, 2591727.646, 115
Trd, 2591727.696, 143
Trd, 2591729.363, 111
Trd, 2591730.079, 134
Trd, 2591730.363, 111
Trd, 2591730.563, 139
Trd, 2591731.096, 115
Trd, 2591731.279, 133
Trd, 2591732.096, 127
Trd, 2591732.113, 132
Trd, 2591733.163, 131
Trd, 2591733.679, 142
Trd, 2591733.796, 132
Trd, 2591734.063, 133
Trd, 2591734.546, 132
Trd, 2591735.113, 132
Trd, 2591735.163, 131
Trd, 2591735.613, 128
Trd, 2591736.246, 131
Trd, 2591736.396, 130
Trd, 2591737.229, 116
Trd, 2591738.246, 125
Trd, 2591738.696, 124
Trd, 2591738.729, 126
Trd, 2591738.846, 130
Trd, 2591738.996, 131
Trd, 2591740.396, 150
Trd, 2591740.896, 150
Trd, 2591740.946, 150
Trd, 2591741.213, 150
Trd, 2591742.396, 150
Trd, 2591742.429, 150
Trd, 2591742.496, 150
Trd, 2591743.146, 150
Trd, 2591743.546, 150
Trd, 2591743.696, 150
Trd, 2591743.879, 150
Trd, 2591743.946, 150
Trd, 2591744.296, 150
Trd, 2591744.529, 150
Trd, 2591744.546, 149
Trd, 2591745.029, 149
Trd, 2591745.729, 136
Trd, 2591745.829, 118
Trd, 2591746.996, 123
Trd, 2591747.113, 123
Trd, 2591747.179, 127
Trd, 2591747.196, 122
Trd, 2591748.046, 150
Trd, 2591748.246, 132
Trd, 2591748.496, 150
Trd, 2591748.596, 149
Trd, 2591748.629, 149
Trd, 2591748.796, 128
Trd, 2591749.246, 132
Trd, 2591749.279, 150
Trd, 2591750.346, 145
Trd, 2591750.479, 144
Trd, 2591750.929, 146
Trd, 2591751.096, 147
Trd, 2591751.463, 147
Trd, 2591751.813, 113
Trd, 2591752.229, 112
Trd, 2591752.646, 148
Trd, 2591752.663, 130
Trd, 2591752.796, 129
Trd, 2591752.813, 114
Trd, 2591753.629, 149
Trd, 2591754.629, 100
Trd, 2591754.663, 100
Trd, 2591754.779, 100
Trd, 2591755.313, 105
Trd, 2591755.696, 110
Trd, 2591755.946, 111
Trd, 2591755.996, 104
Trd, 2591757.413, 100
Trd, 2591757.646, 100
Trd, 2591757.679, 101
Trd, 2591757.813, 105
Trd, 2591758.613, 107
Trd, 2591758.996, 111
Trd, 2591759.396, 106
Trd, 2591759.846, 109
Trd, 2591760.046, 109
Trd, 2591760.413, 109
Trd, 2591760.463, 110
Trd, 2591760.513, 108
Trd, 2591761.146, 121
Trd, 2591761.479, 122
Trd, 2591761.946, 140
Trd, 2591762.529, 115
Trd, 2591762.863, 115
Trd, 2591763.429, 122
Trd, 2591763.646, 121
Trd, 2591763.963, 122
Trd, 2591765.129, 120
Trd, 2591766.696, 141
Trd, 2591766.746, 143
Trd, 2591766.863, 121
Trd, 2591767.146, 142
Trd, 2591767.963, 140
Trd, 2591768.996, 136
Trd, 2591769.263, 136
Trd, 2591769.413, 137
Trd, 2591769.579, 138
Trd, 2591770.479, 140
Trd, 2591770.846, 143
Trd, 2591771.796, 150
Trd, 2591772.029, 150
Trd, 2591772.196, 150
Trd, 2591772.379, 150
Trd, 2591772.496, 150
Trd, 2591772.729, 150
Trd, 2591772.796, 150
Trd, 2591773.779, 150
Trd, 2591774.196, 150
Trd, 2591776.196, 150
Trd, 2591776.363, 150
Trd, 2591776.913, 150
Trd, 2591777.063, 150
Trd, 2591777.079, 150
Trd, 2591777.129, 150
Trd, 2591777.296, 150
Trd, 2591777.313, 150
Trd, 2591777.696, 149
Trd, 2591778.179, 148
Trd, 2591778.829, 149
Trd, 2591779.113, 150
Trd, 2591779.729, 150
Trd, 2591780.313, 150
Trd, 2591780.329, 150
Trd, 2591780.696, 149
Trd, 2591782.013, 150
Trd, 2591782.029, 148
Trd, 2591782.179, 146
Trd, 2591782.313, 138
Trd, 2591782.529, 132
Trd, 2591783.546, 133
Trd, 2591783.863, 132
Trd, 2591783.913, 138
Trd, 2591784.579, 130
Trd, 2591784.796, 122
Trd, 2591786.013, 127
Trd, 2591786.329, 126
Trd, 2591786.529, 125
Trd, 2591786.563, 124
Trd, 2591786.979, 126
Trd, 2591787.896, 125
Trd, 2591788.346, 125
Trd, 2591788.846, 125
Trd, 2591789.413, 125
Trd, 2591789.463, 124
Trd, 2591789.613, 125
Trd, 2591789.896, 150
Trd, 2591789.929, 150
Trd, 2591790.346, 150
Trd, 2591790.996, 150
Trd, 2591791.079, 150
Trd, 2591791.429, 150
Trd, 2591791.779, 150
Trd, 2591792.379, 150
Trd, 2591792.946, 150
Trd, 2591793.646, 150
Trd, 2591793.679, 150
Trd, 2591793.713, 150
Trd, 2591793.729, 150
Trd, 2591794.363, 150
Trd, 2591794.479, 150
Trd, 2591794.696, 146
Trd, 2591795.379, 144
Trd, 2591795.879, 147
Trd, 2591796.563, 127
Trd, 2591796.913, 127
Trd, 2591797.179, 122
Trd, 2591797.363, 116
Trd, 2591797.579, 138
Trd, 2591797.946, 138
Trd, 2591798.513, 108
Trd, 2591798.579, 125
Trd, 2591798.846, 106
Trd, 2591798.879, 105
Trd, 2591799.379, 106
Trd, 2591799.513, 105
Trd, 2591799.596, 136
Trd, 2591799.613, 104
Trd, 2591801.279, 100
Trd, 2591801.379, 105
Trd, 2591801.496, 123
Trd, 2591802.146, 150
Trd, 2591803.046, 102
Trd, 2591803.796, 115
Trd, 2591804.563, 104
Trd, 2591805.396, 101
Trd, 2591805.663, 102
Trd, 2591805.879, 103
Trd, 2591805.963, 103
Trd, 2591806.029, 108
Trd, 2591806.446, 107
Trd, 2591807.196, 111
Trd, 2591807.396, 112
Trd, 2591807.813, 112
Trd, 2591807.896, 111
Trd, 2591807.913, 119
Trd, 2591807.996, 110
Trd, 2591808.329, 150
Trd, 2591808.629, 110
Trd, 2591808.763, 110
Trd, 2591809.229, 103
Trd, 2591809.963, 110
Trd, 2591810.946, 100
Trd, 2591811.446, 150
Trd, 2591811.713, 103
Trd, 2591812.129, 102
Trd, 2591812.463, 118
Trd, 2591812.863, 108
Trd, 2591813.729, 115
Trd, 2591813.779, 116
Trd, 2591813.829, 105
Trd, 2591814.546, 118
Trd, 2591815.079, 119
Trd, 2591815.229, 118
Trd, 2591815.446, 143
Trd, 2591816.129, 148
Trd, 2591816.529, 150
Trd, 2591816.746, 150
Trd, 2591816.779, 150
Trd, 2591819.263, 150
Trd, 2591819.646, 150
Trd, 2591820.379, 150
Trd, 2591820.646, 150
Trd, 2591821.263, 150
Trd, 2591821.513, 150
Trd, 2591821.713, 150
Trd, 2591822.029, 150
Trd, 2591822.063, 150
Trd, 2591822.263, 150
Trd, 2591822.346, 150
Trd, 2591822.579, 150
Trd, 2591822.613, 150
Trd, 2591822.996, 150
Trd, 2591823.096, 150
Trd, 2591823.146, 150
Trd, 2591823.329, 150
Trd, 2591823.463, 150
Trd, 2591824.513, 137
Trd, 2591824.613, 136
Trd, 2591824.946, 121
Trd, 2591825.529, 149
Trd, 2591825.696, 150
Trd, 2591826.163, 149
Trd, 2591826.179, 150
Trd, 2591826.296, 149
Trd, 2591827.963, 150
Trd, 2591828.863, 150
Trd, 2591829.346, 150
Trd, 2591829.679, 150
Trd, 2591830.613, 150
Trd, 2591831.163, 150
Trd, 2591832.063, 150
Trd, 2591832.379, 150
Trd, 2591832.396, 150
Trd, 2591832.429, 150
Trd, 2591832.613, 150
Trd, 2591832.679, 150
Trd, 2591832.996, 150
Trd, 2591833.096, 126
Trd, 2591833.263, 150
Trd, 2591834.213, 125
Trd, 2591835.263, 143
Trd, 2591835.663, 147
Trd, 2591835.929, 146
Trd, 2591836.179, 146
Trd, 2591836.513, 150
Trd, 2591836.913, 147
Trd, 2591837.396, 147
Trd, 2591837.463, 146
Trd, 2591837.979, 150
Trd, 2591838.413, 150
Trd, 2591838.679, 150
Trd, 2591838.946, 150
Trd, 2591839.446, 150
Trd, 2591839.513, 149
Trd, 2591840.063, 149
Trd, 2591840.413, 147
Trd, 2591840.446, 148
Trd, 2591840.529, 150
Trd, 2591841.763, 147
Trd, 2591842.046, 146
Trd, 2591842.179, 146
Trd, 2591842.313, 141
Trd, 2591842.379, 135
Trd, 2591842.396, 147
Trd, 2591844.113, 116
Trd, 2591844.263, 113
Trd, 2591845.363, 100
Trd, 2591845.463, 101
Trd, 2591845.529, 104
Trd, 2591845.646, 105
Trd, 2591845.763, 106
Trd, 2591846.379, 107
Trd, 2591846.746, 116
Trd, 2591846.896, 113
Trd, 2591847.063, 139
Trd, 2591847.363, 141
Trd, 2591847.913, 126
Trd, 2591848.513, 125
Trd, 2591848.763, 126
Trd, 2591848.896, 125
Trd, 2591849.346, 127
Trd, 2591849.463, 125
Trd, 2591849.529, 124
Trd, 2591850.579, 125
Trd, 2591851.046, 126
Trd, 2591852.096, 150
Trd, 2591852.479, 128
Trd, 2591852.746, 127
Trd, 2591853.479, 149
Trd, 2591853.613, 145
Trd, 2591854.013, 134
Trd, 2591854.113, 136
Trd, 2591854.229, 133
Trd, 2591854.579, 129
Trd, 2591855.363, 123
Trd, 2591855.396, 124
Trd, 2591855.613, 122
Trd, 2591856.279, 125
Trd, 2591856.346, 123
Trd, 2591856.696, 119
Trd, 2591856.863, 124
Trd, 2591856.929, 112
Trd, 2591857.113, 127
Trd, 2591857.379, 100
Trd, 2591859.763, 150
Trd, 2591860.179, 150
Trd, 2591861.396, 150
Trd, 2591861.429, 150
Trd, 2591861.646, 150
Trd, 2591862.463, 150
Trd, 2591862.613, 150
Trd, 2591863.346, 150
Trd, 2591863.513, 150
Trd, 2591863.579, 150
Trd, 2591863.746, 150
Trd, 2591863.779, 150
Trd, 2591864.029, 150
Trd, 2591864.296, 150
Trd, 2591864.463, 150
Trd, 2591864.596, 150
Trd, 2591865.529, 150
Trd, 2591865.796, 150
Trd, 2591866.263, 150
Trd, 2591866.696, 149
Trd, 2591866.779, 150
Trd, 2591867.113, 149
Trd, 2591867.179, 149
Trd, 2591867.313, 150
Trd, 2591867.579, 123
Trd, 2591868.529, 123
Trd, 2591869.179, 146
Trd, 2591869.479, 148
Trd, 2591869.829, 116
Trd, 2591870.346, 118
Trd, 2591870.713, 116
Trd, 2591870.996, 147
Trd, 2591871.096, 126
Trd, 2591871.263, 112
Trd, 2591872.146, 100
Trd, 2591872.313, 148
Trd, 2591872.613, 149
Trd, 2591872.729, 118
Trd, 2591875.313, 150
Trd, 2591875.413, 150
Trd, 2591875.596, 148
Trd, 2591875.679, 149
Trd, 2591876.046, 150
Trd, 2591876.763, 150
Trd, 2591877.096, 150
Trd, 2591877.863, 150
Trd, 2591878.363, 150
Trd, 2591879.629, 150
Trd, 2591879.846, 150
Trd, 2591879.979, 150
Trd, 2591880.029, 150
Trd, 2591880.446, 150
Trd, 2591880.496, 150
Trd, 2591880.546, 150
Trd, 2591880.613, 150
Trd, 2591880.813, 150
Trd, 2591881.379, 149
Trd, 2591881.513, 131
Trd, 2591882.379, 127
Trd, 2591882.546, 126
Trd, 2591882.813, 145
Trd, 2591883.213, 145
Trd, 2591884.213, 127
Trd, 2591884.746, 125
Trd, 2591884.846, 124
Trd, 2591885.229, 137
Trd, 2591885.379, 118
Trd, 2591885.696, 114
Trd, 2591885.996, 137
Trd, 2591886.396, 138
Trd, 2591887.313, 150
Trd, 2591888.579, 150
Trd, 2591888.996, 150
Trd, 2591890.029, 150
Trd, 2591890.196, 150
Trd, 2591890.713, 150
Trd, 2591890.996, 150
Trd, 2591891.863, 150
Trd, 2591891.929, 150
Trd, 2591891.996, 150
Trd, 2591892.079, 150
Trd, 2591892.113, 150
Trd, 2591892.163, 150
Trd, 2591893.046, 150
Trd, 2591893.463, 148
Trd, 2591893.579, 150
Trd, 2591893.796, 147
Trd, 2591894.046, 134
Trd, 2591895.146, 150
Trd, 2591895.879, 150
Trd, 2591896.029, 150
Trd, 2591896.563, 150
Trd, 2591896.629, 150
Trd, 2591896.979, 150
Trd, 2591897.063, 135
Trd, 2591897.313, 132
Trd, 2591897.679, 131
Trd, 2591898.146, 124
Trd, 2591898.863, 141
Trd, 2591899.179, 141
Trd, 2591899.413, 141
Trd, 2591900.046, 143
Trd, 2591900.479, 137
Trd, 2591900.646, 139
Trd, 2591900.663, 138
Trd, 2591901.079, 141
Trd, 2591901.296, 140
Trd, 2591901.679, 139
Trd, 2591901.796, 149
Trd, 2591902.596, 149
Trd, 2591904.729, 150
Trd, 2591905.463, 150
Trd, 2591906.196, 150
Trd, 2591906.379, 150
Trd, 2591906.579, 150
Trd, 2591907.096, 150
Trd, 2591907.329, 150
Trd, 2591907.479, 150
Trd, 2591908.079, 150
Trd, 2591908.446, 150
Trd, 2591909.746, 150
Trd, 2591910.346, 150
Trd, 2591910.496, 150
Trd, 2591910.579, 150
Trd, 2591910.996, 150
Trd, 2591911.246, 150
Trd, 2591912.263, 150
Trd, 2591912.629, 150
Trd, 2591913.296, 150
Trd, 2591913.746, 150
Trd, 2591913.796, 150
Trd, 2591913.879, 150
Trd, 2591914.113, 150
Trd, 2591914.229, 150
Trd, 2591914.363, 150
Trd, 2591914.563, 150
Trd, 2591914.729, 149
Trd, 2591915.179, 148
Trd, 2591916.113, 145
Trd, 2591916.613, 144
Trd, 2591916.746, 142
Trd, 2591916.763, 127
Trd, 2591916.846, 121
Trd, 2591917.563, 102
Trd, 2591917.946, 118
Trd, 2591917.996, 134
Trd, 2591918.129, 102
Trd, 2591918.513, 107
Trd, 2591918.646, 107
Trd, 2591919.013, 102
Trd, 2591919.346, 100
Trd, 2591919.429, 100
Trd, 2591920.113, 100
Trd, 2591920.713, 100
Trd, 2591922.213, 100
Trd, 2591922.263, 100
Trd, 2591922.463, 100
Trd, 2591922.663, 101
Trd, 2591922.863, 102
Trd, 2591923.063, 102
Trd, 2591923.146, 104
Trd, 2591923.563, 105
Trd, 2591924.329, 150
Trd, 2591925.196, 150
Trd, 2591925.729, 150
Trd, 2591926.029, 150
Trd, 2591926.563, 150
Trd, 2591926.596, 150
Trd, 2591926.796, 149
Trd, 2591927.963, 150
Trd, 2591928.029, 148
Trd, 2591929.179, 128
Trd, 2591929.463, 147
Trd, 2591929.696, 112
Trd, 2591930.313, 149
Trd, 2591930.446, 148
Trd, 2591930.896, 128
Trd, 2591931.146, 129
Trd, 2591932.996, 146
Trd, 2591933.196, 146
Trd, 2591933.896, 150
Trd, 2591934.263, 150
Trd, 2591934.446, 150
Trd, 2591934.596, 150
Trd, 2591934.696, 150
Trd, 2591936.213, 150
Trd, 2591936.346, 150
Trd, 2591936.379, 150
Trd, 2591936.613, 150
Trd, 2591937.663, 150
Trd, 2591937.729, 150
Trd, 2591937.763, 150
Trd, 2591937.796, 150
Trd, 2591937.946, 150
Trd, 2591938.179, 150
Trd, 2591938.246, 149
Trd, 2591938.413, 148
Trd, 2591938.629, 144
Trd, 2591938.796, 150
Trd, 2591938.963, 150
Trd, 2591939.846, 150
Trd, 2591940.079, 150
Trd, 2591940.163, 149
Trd, 2591940.296, 126
Trd, 2591942.129, 145
Trd, 2591942.363, 129
Trd, 2591942.379, 128
Trd, 2591942.763, 134
Trd, 2591942.846, 142
Trd, 2591943.229, 128
Trd, 2591944.463, 135
Trd, 2591944.546, 130
Trd, 2591944.596, 135
Trd, 2591944.863, 130
Trd, 2591945.079, 134
Trd, 2591945.346, 130
Trd, 2591945.679, 129
Trd, 2591945.829, 140
Trd, 2591946.163, 109
Trd, 2591946.346, 111
Trd, 2591947.229, 139
Trd, 2591947.879, 130
Trd, 2591948.013, 133
Trd, 2591948.729, 141
Trd, 2591949.646, 146
Trd, 2591950.146, 128
Trd, 2591950.246, 128
Trd, 2591950.263, 127
Trd, 2591950.729, 127
Trd, 2591951.096, 145
Trd, 2591952.829, 139
Trd, 2591953.363, 135
Trd, 2591953.446, 132
Trd, 2591953.646, 133
Trd, 2591953.829, 132
Trd, 2591953.879, 130
Trd, 2591953.913, 133
Trd, 2591954.496, 130
Trd, 2591954.529, 135
Trd, 2591955.396, 131
Trd, 2591956.146, 132
Trd, 2591956.163, 134
Trd, 2591957.013, 134
Trd, 2591957.196, 134
Trd, 2591957.246, 133
Trd, 2591957.479, 132
Trd, 2591957.529, 133
Trd, 2591957.679, 135
Trd, 2591957.846, 132
Trd, 2591958.496, 115
Trd, 2591959.029, 116
Trd, 2591960.563, 103
Trd, 2591960.629, 104
Trd, 2591960.646, 106
Trd, 2591960.779, 102
Trd, 2591960.929, 100
Trd, 2591961.479, 150
Trd, 2591962.096, 147
Trd, 2591963.079, 150
Trd, 2591963.563, 150
Trd, 2591963.746, 150
Trd, 2591964.079, 150
Trd, 2591964.329, 150
Trd, 2591964.846, 150
Trd, 2591965.046, 150
Trd, 2591965.279, 150
Trd, 2591965.313, 150
Trd, 2591965.413, 150
Trd, 2591965.879, 148
Trd, 2591965.963, 150
Trd, 2591966.063, 148
Trd, 2591967.146, 129
Trd, 2591967.296, 149
Trd, 2591967.746, 150
Trd, 2591967.813, 129
Trd, 2591968.229, 128
Trd, 2591968.346, 128
Trd, 2591968.746, 150
Trd, 2591969.313, 143
Trd, 2591969.513, 143
Trd, 2591970.313, 150
Trd, 2591970.446, 143
Trd, 2591971.313, 150
Trd, 2591971.596, 150
Trd, 2591972.979, 150
Trd, 2591973.113, 150
Trd, 2591973.263, 150
Trd, 2591974.463, 150
Trd, 2591974.929, 150
Trd, 2591975.313, 150
Trd, 2591975.446, 150
Trd, 2591975.913, 149
Trd, 2591976.363, 148
Trd, 2591976.446, 143
Trd, 2591976.779, 129
Trd, 2591976.813, 127
Trd, 2591976.879, 145
Trd, 2591976.929, 126
Trd, 2591977.163, 126
Trd, 2591977.179, 147
Trd, 2591977.396, 149
Trd, 2591977.946, 150
Trd, 2591978.079, 147
Trd, 2591979.796, 141
Trd, 2591979.863, 141
Trd, 2591980.013, 150
Trd, 2591980.046, 140
Trd, 2591980.196, 139
Trd, 2591980.346, 137
Trd, 2591981.113, 135
Trd, 2591981.729, 146
Trd, 2591981.929, 120
Trd, 2591981.946, 121
Trd, 2591983.146, 139
Trd, 2591983.196, 126
Trd, 2591983.579, 141
Trd, 2591984.379, 138
Trd, 2591984.613, 134
Trd, 2591984.679, 135
Trd, 2591984.829, 134
Trd, 2591985.163, 135
Trd, 2591985.346, 137
Trd, 2591985.396, 137
Trd, 2591985.496, 139
Trd, 2591986.696, 150
Trd, 2591986.763, 142
Trd, 2591988.413, 150
Trd, 2591988.579, 150
Trd, 2591988.979, 150
Trd, 2591991.146, 150
Trd, 2591991.213, 150
Trd, 2591991.479, 150
Trd, 2591991.779, 150
Trd, 2591991.913, 150
Trd, 2591992.079, 150
Trd, 2591992.213, 150
Trd, 2591992.579, 150
Trd, 2591992.979, 150
Trd, 2591993.346, 149
Trd, 2591993.779, 148
Trd, 2591994.229, 147
Trd, 2591994.529, 147
Trd, 2591994.579, 136
Trd, 2591994.629, 135
Trd, 2591995.296, 134
Trd, 2591995.713, 146
Trd, 2591995.829, 129
Trd, 2591996.696, 133
Trd, 2591997.079, 135
Trd, 2591997.313, 134
Trd, 2591997.379, 127
Trd, 2591997.663, 141
Trd, 2591997.996, 141
Trd, 2591998.046, 142
Trd, 2591999.563, 144
Trd, 2591999.913, 142
Trd, 2591999.979, 129
