Trd, 2590832.713, 104
Trd, 2590833.146, 148
Trd, 2590833.663, 119
Trd, 2590834.163, 119
Trd, 2590834.213, 117
Trd, 2590834.779, 108
Trd, 2590834.963, 114
Trd, 2590835.996, 150
Trd, 2590836.446, 150
Trd, 2590838.079, 150
Trd, 2590838.329, 150
Trd, 2590838.396, 150
Trd, 2590838.779, 150
Trd, 2590839.013, 150
Trd, 2590840.796, 150
Trd, 2590840.929, 150
Trd, 2590841.146, 150
Trd, 2590841.279, 150
Trd, 2590841.479, 150
Trd, 2590841.629, 150
Trd, 2590841.646, 149
Trd, 2590841.696, 150
Trd, 2590841.713, 147
Trd, 2590842.113, 145
Trd, 2590842.246, 145
Trd, 2590842.529, 143
Trd, 2590842.629, 119
Trd, 2590843.279, 108
Trd, 2590843.529, 108
Trd, 2590843.963, 107
Trd, 2590843.979, 142
Trd, 2590844.146, 141
Trd, 2590844.346, 141
Trd, 2590844.629, 143
Trd, 2590844.696, 145
Trd, 2590845.079, 150
Trd, 2590845.263, 144
Trd, 2590845.363, 122
Trd, 2590846.313, 149
Trd, 2590847.229, 150
Trd, 2590847.363, 149
Trd, 2590847.946, 149
Trd, 2590848.246, 150
Trd, 2590848.596, 105
Trd, 2590849.213, 150
Trd, 2590850.096, 149
Trd, 2590850.779, 150
Trd, 2590850.913, 149
Trd, 2590850.963, 149
Trd, 2590853.679, 150
Trd, 2590853.796, 150
Trd, 2590853.963, 149
Trd, 2590854.079, 148
Trd, 2590854.263, 147
Trd, 2590854.546, 137
Trd, 2590855.413, 133
Trd, 2590855.496, 141
Trd, 2590855.513, 142
Trd, 2590855.963, 147
Trd, 2590855.996, 132
Trd, 2590856.846, 148
Trd, 2590857.113, 145
Trd, 2590857.796, 100
Trd, 2590857.996, 101
Trd, 2590858.063, 102
Trd, 2590858.446, 102
Trd, 2590858.813, 100
Trd, 2590859.279, 149
Trd, 2590860.629, 101
Trd, 2590860.729, 104
Trd, 2590861.229, 100
Trd, 2590861.346, 100
Trd, 2590861.379, 100
Trd, 2590861.496, 100
Trd, 2590861.929, 104
Trd, 2590862.096, 103
Trd, 2590862.146, 102
Trd, 2590862.263, 104
Trd, 2590862.613, 109
Trd, 2590863.679, 150
Trd, 2590865.779, 150
Trd, 2590866.529, 150
Trd, 2590867.013, 150
Trd, 2590867.296, 150
Trd, 2590867.679, 150
Trd, 2590867.713, 150
Trd, 2590868.029, 150
Trd, 2590868.479, 149
Trd, 2590868.496, 149
Trd, 2590868.579, 150
Trd, 2590869.329, 150
Trd, 2590869.446, 150
Trd, 2590870.179, 150
Trd, 2590870.196, 150
Trd, 2590870.446, 150
Trd, 2590870.563, 149
Trd, 2590870.946, 150
Trd, 2590872.179, 148
Trd, 2590872.696, 147
Trd, 2590873.713, 150
Trd, 2590873.929, 150
Trd, 2590874.363, 150
Trd, 2590874.696, 150
Trd, 2590875.946, 148
Trd, 2590876.029, 142
Trd, 2590876.446, 145
Trd, 2590877.196, 145
Trd, 2590877.313, 146
Trd, 2590877.996, 150
Trd, 2590878.046, 149
Trd, 2590878.113, 144
Trd, 2590878.529, 144
Trd, 2590879.029, 145
Trd, 2590879.063, 141
Trd, 2590879.229, 124
Trd, 2590879.296, 146
Trd, 2590879.596, 143
Trd, 2590879.629, 142
Trd, 2590879.829, 113
Trd, 2590880.196, 144
Trd, 2590880.263, 137
Trd, 2590880.446, 110
Trd, 2590882.146, 100
Trd, 2590882.246, 100
Trd, 2590882.263, 100
Trd, 2590882.396, 101
Trd, 2590882.513, 103
Trd, 2590882.846, 101
Trd, 2590883.196, 101
Trd, 2590883.213, 103
Trd, 2590883.529, 103
Trd, 2590883.813, 150
Trd, 2590884.563, 148
Trd, 2590884.979, 149
Trd, 2590885.363, 131
Trd, 2590887.113, 150
Trd, 2590887.663, 150
Trd, 2590888.313, 150
Trd, 2590888.329, 150
Trd, 2590888.496, 150
Trd, 2590888.513, 148
Trd, 2590888.729, 146
Trd, 2590888.846, 150
Trd, 2590888.863, 134
Trd, 2590889.746, 150
Trd, 2590890.313, 148
Trd, 2590890.479, 149
Trd, 2590890.796, 140
Trd, 2590890.963, 139
Trd, 2590890.979, 138
Trd, 2590891.346, 124
Trd, 2590891.579, 116
Trd, 2590892.363, 116
Trd, 2590892.596, 149
Trd, 2590892.696, 114
Trd, 2590892.913, 100
Trd, 2590893.613, 131
Trd, 2590893.829, 132
Trd, 2590893.979, 148
Trd, 2590894.113, 121
Trd, 2590894.446, 115
Trd, 2590894.646, 145
Trd, 2590894.913, 115
Trd, 2590894.946, 147
Trd, 2590895.029, 114
Trd, 2590896.329, 147
Trd, 2590897.246, 147
Trd, 2590897.796, 150
Trd, 2590897.863, 145
Trd, 2590898.529, 145
Trd, 2590898.546, 144
Trd, 2590899.496, 149
Trd, 2590899.979, 148
Trd, 2590900.046, 149
Trd, 2590900.513, 150
Trd, 2590900.629, 149
Trd, 2590900.879, 148
Trd, 2590901.613, 142
Trd, 2590901.946, 143
Trd, 2590902.896, 142
Trd, 2590903.163, 140
Trd, 2590903.613, 136
Trd, 2590903.696, 135
Trd, 2590904.146, 138
Trd, 2590904.179, 135
Trd, 2590904.229, 128
Trd, 2590904.313, 115
Trd, 2590904.479, 127
Trd, 2590904.613, 108
Trd, 2590905.046, 136
Trd, 2590905.379, 121
Trd, 2590906.129, 100
Trd, 2590906.729, 100
Trd, 2590906.746, 104
Trd, 2590907.179, 102
Trd, 2590908.063, 100
Trd, 2590909.746, 100
Trd, 2590909.996, 100
Trd, 2590910.046, 100
Trd, 2590910.146, 101
Trd, 2590910.513, 100
Trd, 2590910.563, 100
Trd, 2590910.646, 105
Trd, 2590910.879, 106
Trd, 2590910.946, 144
Trd, 2590911.163, 144
Trd, 2590911.346, 145
Trd, 2590911.813, 130
Trd, 2590912.046, 130
Trd, 2590912.363, 130
Trd, 2590912.513, 146
Trd, 2590912.613, 132
Trd, 2590912.663, 131
Trd, 2590912.996, 134
Trd, 2590913.596, 145
Trd, 2590913.696, 130
Trd, 2590914.113, 100
Trd, 2590914.363, 145
Trd, 2590916.496, 100
Trd, 2590916.563, 100
Trd, 2590917.346, 105
Trd, 2590917.479, 100
Trd, 2590917.613, 150
Trd, 2590918.513, 150
Trd, 2590918.596, 150
Trd, 2590918.613, 150
Trd, 2590918.829, 150
Trd, 2590919.813, 150
Trd, 2590920.629, 150
Trd, 2590920.679, 150
Trd, 2590922.429, 150
Trd, 2590923.296, 150
Trd, 2590923.313, 150
Trd, 2590923.413, 150
Trd, 2590923.529, 150
Trd, 2590923.563, 150
Trd, 2590923.696, 149
Trd, 2590924.179, 150
Trd, 2590924.796, 149
Trd, 2590924.879, 144
Trd, 2590925.246, 115
Trd, 2590926.113, 150
Trd, 2590926.513, 149
Trd, 2590926.813, 150
Trd, 2590926.879, 139
Trd, 2590927.129, 149
Trd, 2590927.746, 149
Trd, 2590928.013, 136
Trd, 2590928.796, 146
Trd, 2590928.979, 145
Trd, 2590929.013, 146
Trd, 2590929.229, 147
Trd, 2590929.363, 146
Trd, 2590929.513, 147
Trd, 2590929.963, 150
Trd, 2590930.279, 149
Trd, 2590930.513, 122
Trd, 2590931.263, 108
Trd, 2590931.413, 102
Trd, 2590931.496, 107
Trd, 2590931.863, 100
Trd, 2590932.429, 100
Trd, 2590932.796, 100
Trd, 2590932.896, 101
Trd, 2590933.163, 133
Trd, 2590933.946, 129
Trd, 2590935.196, 146
Trd, 2590935.579, 144
Trd, 2590936.013, 150
Trd, 2590936.279, 150
Trd, 2590937.429, 150
Trd, 2590938.079, 150
Trd, 2590938.563, 150
Trd, 2590939.746, 150
Trd, 2590939.763, 150
Trd, 2590939.963, 150
Trd, 2590940.313, 150
Trd, 2590941.013, 150
Trd, 2590941.279, 150
Trd, 2590941.646, 150
Trd, 2590942.113, 150
Trd, 2590943.579, 150
Trd, 2590943.629, 150
Trd, 2590943.863, 150
Trd, 2590944.029, 149
Trd, 2590944.079, 148
Trd, 2590944.179, 149
Trd, 2590944.196, 147
Trd, 2590944.396, 150
Trd, 2590945.229, 150
Trd, 2590945.446, 147
Trd, 2590945.596, 149
Trd, 2590946.496, 150
Trd, 2590947.129, 149
Trd, 2590947.463, 148
Trd, 2590947.796, 149
Trd, 2590948.013, 150
Trd, 2590948.113, 149
Trd, 2590948.229, 150
Trd, 2590948.413, 143
Trd, 2590948.446, 142
Trd, 2590949.079, 147
Trd, 2590949.113, 124
Trd, 2590950.029, 146
Trd, 2590950.213, 132
Trd, 2590950.496, 130
Trd, 2590950.846, 120
Trd, 2590951.729, 136
Trd, 2590952.196, 110
Trd, 2590952.979, 107
Trd, 2590953.213, 100
Trd, 2590953.696, 100
Trd, 2590953.913, 100
Trd, 2590954.363, 100
Trd, 2590954.579, 100
Trd, 2590954.646, 100
Trd, 2590954.763, 100
Trd, 2590955.979, 100
Trd, 2590956.413, 100
Trd, 2590956.463, 100
Trd, 2590956.929, 103
Trd, 2590956.963, 104
Trd, 2590957.329, 108
Trd, 2590958.229, 103
Trd, 2590958.746, 103
Trd, 2590959.563, 103
Trd, 2590959.596, 108
Trd, 2590959.813, 117
Trd, 2590960.346, 101
Trd, 2590960.463, 101
Trd, 2590960.646, 102
Trd, 2590960.963, 101
Trd, 2590961.013, 103
Trd, 2590961.463, 100
Trd, 2590962.413, 102
Trd, 2590962.996, 106
Trd, 2590963.813, 149
Trd, 2590964.613, 150
Trd, 2590965.179, 150
Trd, 2590965.696, 150
Trd, 2590965.746, 150
Trd, 2590966.329, 150
Trd, 2590966.446, 150
Trd, 2590966.563, 150
Trd, 2590966.629, 150
Trd, 2590966.913, 150
Trd, 2590967.096, 149
Trd, 2590967.496, 150
Trd, 2590968.163, 150
Trd, 2590968.529, 150
Trd, 2590968.663, 150
Trd, 2590968.863, 149
Trd, 2590968.963, 150
Trd, 2590969.346, 149
Trd, 2590969.579, 149
Trd, 2590970.213, 150
Trd, 2590971.013, 150
Trd, 2590971.079, 144
Trd, 2590971.879, 102
Trd, 2590972.479, 100
Trd, 2590972.813, 100
Trd, 2590972.946, 101
Trd, 2590973.713, 102
Trd, 2590973.879, 107
Trd, 2590973.896, 101
Trd, 2590973.946, 113
Trd, 2590974.329, 108
Trd, 2590975.413, 149
Trd, 2590976.079, 150
Trd, 2590976.463, 150
Trd, 2590976.513, 150
Trd, 2590977.646, 150
Trd, 2590978.713, 150
Trd, 2590979.329, 150
Trd, 2590979.463, 150
Trd, 2590979.529, 150
Trd, 2590979.846, 150
Trd, 2590980.079, 150
Trd, 2590980.113, 150
Trd, 2590980.529, 150
Trd, 2590981.196, 150
Trd, 2590981.263, 150
Trd, 2590981.713, 150
Trd, 2590982.629, 150
Trd, 2590982.663, 149
Trd, 2590982.879, 150
Trd, 2590982.946, 149
Trd, 2590983.313, 149
Trd, 2590983.429, 150
Trd, 2590984.079, 150
Trd, 2590984.513, 150
Trd, 2590984.646, 149
Trd, 2590985.096, 150
Trd, 2590986.129, 150
Trd, 2590986.363, 150
Trd, 2590986.546, 150
Trd, 2590986.879, 150
Trd, 2590986.896, 150
Trd, 2590987.763, 147
Trd, 2590988.113, 148
Trd, 2590988.346, 128
Trd, 2590989.146, 150
Trd, 2590989.829, 150
Trd, 2590989.996, 139
Trd, 2590990.246, 126
Trd, 2590990.613, 150
Trd, 2590990.696, 150
Trd, 2590991.379, 150
Trd, 2590991.629, 150
Trd, 2590991.746, 150
Trd, 2590992.496, 149
Trd, 2590992.779, 135
Trd, 2590993.229, 150
Trd, 2590993.879, 150
Trd, 2590994.329, 150
Trd, 2590994.896, 148
Trd, 2590995.379, 150
Trd, 2590995.713, 149
Trd, 2590995.879, 135
Trd, 2590995.896, 134
Trd, 2590996.246, 148
Trd, 2590996.713, 143
Trd, 2590997.079, 143
Trd, 2590997.113, 131
Trd, 2590997.146, 130
Trd, 2590997.329, 144
Trd, 2590997.763, 119
Trd, 2590998.179, 146
Trd, 2590998.796, 146
Trd, 2590999.796, 139
Trd, 2590999.996, 141
Trd, 2591000.279, 142
Trd, 2591000.346, 144
Trd, 2591000.363, 146
Trd, 2591001.563, 150
Trd, 2591001.696, 150
Trd, 2591002.096, 139
Trd, 2591002.779, 150
Trd, 2591002.929, 150
Trd, 2591003.246, 145
Trd, 2591003.313, 140
Trd, 2591003.596, 146
Trd, 2591004.413, 150
Trd, 2591004.563, 149
Trd, 2591005.029, 147
Trd, 2591005.129, 146
Trd, 2591005.863, 147
Trd, 2591006.013, 146
Trd, 2591006.296, 149
Trd, 2591006.446, 149
Trd, 2591007.513, 147
Trd, 2591008.229, 132
Trd, 2591008.479, 120
Trd, 2591008.696, 129
Trd, 2591009.213, 128
Trd, 2591009.629, 126
Trd, 2591010.296, 126
Trd, 2591010.913, 119
Trd, 2591010.929, 118
Trd, 2591011.229, 115
Trd, 2591011.579, 123
Trd, 2591011.679, 125
Trd, 2591015.163, 100
Trd, 2591015.413, 100
Trd, 2591015.479, 100
Trd, 2591015.529, 100
Trd, 2591015.763, 102
Trd, 2591016.179, 102
Trd, 2591016.479, 102
Trd, 2591016.613, 101
Trd, 2591017.079, 101
Trd, 2591017.113, 102
Trd, 2591017.379, 105
Trd, 2591017.446, 106
Trd, 2591017.546, 102
Trd, 2591017.779, 103
Trd, 2591017.863, 121
Trd, 2591018.179, 150
Trd, 2591019.629, 142
Trd, 2591019.846, 143
Trd, 2591019.863, 144
Trd, 2591020.179, 146
Trd, 2591020.463, 148
Trd, 2591020.679, 148
Trd, 2591020.913, 150
Trd, 2591021.096, 149
Trd, 2591022.013, 150
Trd, 2591022.646, 150
Trd, 2591023.079, 150
Trd, 2591023.179, 150
Trd, 2591023.746, 150
Trd, 2591023.913, 150
Trd, 2591024.896, 150
Trd, 2591025.246, 150
Trd, 2591025.363, 150
Trd, 2591025.446, 150
Trd, 2591025.629, 150
Trd, 2591026.063, 150
Trd, 2591026.379, 150
Trd, 2591026.563, 131
Trd, 2591026.696, 127
Trd, 2591027.163, 108
Trd, 2591027.563, 100
Trd, 2591027.846, 107
Trd, 2591028.013, 108
Trd, 2591029.196, 149
Trd, 2591029.229, 148
Trd, 2591029.913, 150
Trd, 2591030.113, 150
Trd, 2591030.163, 149
Trd, 2591030.596, 146
Trd, 2591031.246, 150
Trd, 2591031.696, 150
Trd, 2591031.779, 150
Trd, 2591031.946, 147
Trd, 2591032.729, 147
Trd, 2591033.163, 150
Trd, 2591034.279, 150
Trd, 2591034.813, 150
Trd, 2591034.979, 150
Trd, 2591034.996, 149
Trd, 2591035.196, 145
Trd, 2591035.429, 150
Trd, 2591035.779, 146
Trd, 2591036.013, 145
Trd, 2591036.196, 145
Trd, 2591036.679, 141
Trd, 2591036.763, 139
Trd, 2591037.113, 128
Trd, 2591037.696, 131
Trd, 2591037.813, 135
Trd, 2591038.446, 132
Trd, 2591038.579, 127
Trd, 2591038.646, 134
Trd, 2591039.896, 128
Trd, 2591041.113, 123
Trd, 2591041.196, 110
Trd, 2591041.629, 104
Trd, 2591041.663, 123
Trd, 2591041.729, 124
Trd, 2591042.163, 101
Trd, 2591042.329, 108
Trd, 2591042.813, 103
Trd, 2591042.996, 124
Trd, 2591044.196, 137
Trd, 2591044.646, 102
Trd, 2591044.913, 123
Trd, 2591045.246, 103
Trd, 2591046.296, 149
Trd, 2591046.329, 147
Trd, 2591046.729, 135
Trd, 2591047.096, 114
Trd, 2591047.313, 113
Trd, 2591047.513, 138
Trd, 2591048.563, 131
Trd, 2591049.063, 113
Trd, 2591049.313, 129
Trd, 2591049.363, 129
Trd, 2591049.763, 129
Trd, 2591050.063, 116
Trd, 2591050.129, 128
Trd, 2591050.363, 128
Trd, 2591050.579, 129
Trd, 2591050.696, 148
Trd, 2591051.013, 122
Trd, 2591051.079, 121
Trd, 2591052.663, 150
Trd, 2591053.096, 150
Trd, 2591053.346, 150
Trd, 2591053.629, 150
Trd, 2591053.729, 150
Trd, 2591054.396, 150
Trd, 2591054.963, 150
Trd, 2591055.513, 148
Trd, 2591056.246, 149
Trd, 2591056.779, 150
Trd, 2591056.796, 144
Trd, 2591057.096, 149
Trd, 2591057.379, 148
Trd, 2591057.579, 143
Trd, 2591057.696, 104
Trd, 2591057.946, 104
Trd, 2591058.313, 100
Trd, 2591058.829, 101
Trd, 2591059.063, 100
Trd, 2591059.363, 100
Trd, 2591059.613, 147
Trd, 2591060.046, 105
Trd, 2591060.246, 106
Trd, 2591060.663, 148
Trd, 2591060.679, 106
Trd, 2591060.946, 126
Trd, 2591061.863, 106
Trd, 2591062.179, 112
Trd, 2591062.979, 101
Trd, 2591063.596, 104
Trd, 2591064.029, 102
Trd, 2591064.063, 100
Trd, 2591064.663, 100
Trd, 2591065.246, 102
Trd, 2591065.496, 103
Trd, 2591066.063, 100
Trd, 2591066.413, 105
Trd, 2591066.446, 106
Trd, 2591066.879, 108
Trd, 2591068.313, 100
Trd, 2591068.379, 100
Trd, 2591069.479, 100
Trd, 2591069.913, 100
Trd, 2591070.113, 100
Trd, 2591070.446, 100
Trd, 2591070.463, 101
Trd, 2591070.813, 107
Trd, 2591070.963, 103
Trd, 2591071.196, 104
Trd, 2591071.246, 105
Trd, 2591071.379, 103
Trd, 2591072.046, 148
Trd, 2591072.063, 129
Trd, 2591072.329, 106
Trd, 2591072.563, 104
Trd, 2591072.796, 101
Trd, 2591073.396, 101
Trd, 2591073.963, 100
Trd, 2591074.179, 107
Trd, 2591074.696, 101
Trd, 2591074.796, 113
Trd, 2591075.596, 135
Trd, 2591077.229, 106
Trd, 2591077.429, 114
Trd, 2591077.613, 106
Trd, 2591077.863, 114
Trd, 2591077.996, 115
Trd, 2591078.346, 110
Trd, 2591078.829, 109
Trd, 2591079.063, 109
Trd, 2591079.196, 110
Trd, 2591079.663, 111
Trd, 2591079.763, 110
Trd, 2591080.213, 111
Trd, 2591080.446, 115
Trd, 2591080.846, 149
Trd, 2591081.729, 148
Trd, 2591082.213, 146
Trd, 2591083.596, 150
Trd, 2591084.163, 150
Trd, 2591084.529, 150
Trd, 2591084.763, 150
Trd, 2591084.829, 150
Trd, 2591085.346, 150
Trd, 2591086.196, 147
Trd, 2591086.646, 150
Trd, 2591086.779, 149
Trd, 2591087.113, 149
Trd, 2591087.213, 149
Trd, 2591087.246, 147
Trd, 2591087.596, 147
Trd, 2591087.613, 145
Trd, 2591089.596, 150
Trd, 2591089.763, 150
Trd, 2591089.963, 150
Trd, 2591089.996, 149
Trd, 2591090.246, 148
Trd, 2591090.629, 147
Trd, 2591090.979, 147
Trd, 2591091.679, 138
Trd, 2591092.246, 150
Trd, 2591093.946, 150
Trd, 2591094.279, 150
Trd, 2591094.296, 148
Trd, 2591094.563, 149
Trd, 2591094.596, 140
Trd, 2591094.779, 113
Trd, 2591096.163, 133
Trd, 2591096.196, 133
Trd, 2591096.213, 129
Trd, 2591096.263, 134
Trd, 2591096.746, 117
Trd, 2591097.213, 136
Trd, 2591097.229, 140
Trd, 2591097.613, 118
Trd, 2591097.629, 117
Trd, 2591097.763, 114
Trd, 2591097.813, 111
Trd, 2591099.179, 150
Trd, 2591099.379, 150
Trd, 2591100.196, 150
Trd, 2591100.446, 150
Trd, 2591101.146, 150
Trd, 2591101.263, 150
Trd, 2591101.429, 149
Trd, 2591101.563, 150
Trd, 2591102.696, 150
Trd, 2591103.046, 150
Trd, 2591103.113, 150
Trd, 2591103.846, 150
Trd, 2591104.596, 150
Trd, 2591105.763, 150
Trd, 2591105.929, 150
Trd, 2591106.446, 150
Trd, 2591106.996, 150
Trd, 2591107.579, 150
Trd, 2591107.729, 150
Trd, 2591107.879, 150
Trd, 2591108.396, 149
Trd, 2591108.513, 150
Trd, 2591108.563, 147
Trd, 2591108.579, 144
Trd, 2591109.096, 149
Trd, 2591109.646, 100
Trd, 2591109.663, 101
Trd, 2591110.296, 138
Trd, 2591110.346, 139
Trd, 2591110.363, 129
Trd, 2591111.013, 149
Trd, 2591111.979, 150
Trd, 2591112.013, 149
Trd, 2591112.096, 148
Trd, 2591112.229, 146
Trd, 2591112.429, 133
Trd, 2591112.463, 132
Trd, 2591113.296, 150
Trd, 2591114.179, 150
Trd, 2591114.296, 150
Trd, 2591114.729, 150
Trd, 2591115.379, 150
Trd, 2591115.863, 150
Trd, 2591116.113, 150
Trd, 2591117.463, 150
Trd, 2591117.563, 150
Trd, 2591117.863, 150
Trd, 2591118.063, 150
Trd, 2591118.096, 149
Trd, 2591118.196, 149
Trd, 2591118.446, 146
Trd, 2591119.229, 119
Trd, 2591119.396, 104
Trd, 2591119.713, 147
Trd, 2591122.363, 118
Trd, 2591122.579, 110
Trd, 2591122.679, 131
Trd, 2591122.763, 133
Trd, 2591123.163, 131
Trd, 2591123.213, 132
Trd, 2591123.229, 133
Trd, 2591123.796, 129
Trd, 2591124.063, 128
Trd, 2591124.296, 149
Trd, 2591124.646, 104
Trd, 2591125.479, 102
Trd, 2591125.979, 103
Trd, 2591126.146, 104
Trd, 2591126.429, 105
Trd, 2591126.879, 150
Trd, 2591127.079, 104
Trd, 2591127.179, 150
Trd, 2591127.763, 102
Trd, 2591127.813, 104
Trd, 2591127.863, 105
Trd, 2591128.363, 128
Trd, 2591129.229, 100
Trd, 2591129.529, 100
Trd, 2591129.746, 100
Trd, 2591130.529, 101
Trd, 2591130.546, 102
Trd, 2591130.813, 102
Trd, 2591131.146, 110
Trd, 2591131.296, 103
Trd, 2591131.829, 146
Trd, 2591133.179, 149
Trd, 2591133.296, 150
Trd, 2591133.379, 106
Trd, 2591133.863, 147
Trd, 2591134.029, 146
Trd, 2591134.096, 147
Trd, 2591135.013, 108
Trd, 2591135.263, 126
Trd, 2591135.529, 105
Trd, 2591135.813, 114
Trd, 2591136.229, 123
Trd, 2591136.313, 124
Trd, 2591136.996, 110
Trd, 2591137.163, 122
Trd, 2591137.179, 123
Trd, 2591137.629, 145
Trd, 2591138.279, 108
Trd, 2591138.396, 105
Trd, 2591140.146, 150
Trd, 2591141.063, 150
Trd, 2591141.379, 150
Trd, 2591142.013, 150
Trd, 2591142.829, 150
Trd, 2591143.246, 150
Trd, 2591143.363, 150
Trd, 2591143.496, 150
Trd, 2591143.679, 150
Trd, 2591143.946, 150
Trd, 2591144.063, 150
Trd, 2591144.296, 149
Trd, 2591144.463, 149
Trd, 2591144.946, 150
Trd, 2591145.063, 149
Trd, 2591146.213, 147
Trd, 2591146.313, 150
Trd, 2591146.679, 148
Trd, 2591146.896, 142
Trd, 2591146.963, 140
Trd, 2591147.029, 116
Trd, 2591147.246, 113
Trd, 2591147.713, 143
Trd, 2591148.063, 115
Trd, 2591148.229, 144
Trd, 2591148.313, 112
Trd, 2591148.963, 115
Trd, 2591149.396, 124
Trd, 2591150.879, 150
Trd, 2591151.429, 150
Trd, 2591151.896, 150
Trd, 2591151.963, 150
Trd, 2591152.129, 150
Trd, 2591152.729, 150
Trd, 2591153.463, 150
Trd, 2591153.513, 150
Trd, 2591153.629, 139
Trd, 2591154.196, 140
Trd, 2591154.913, 149
Trd, 2591155.029, 149
Trd, 2591156.046, 149
Trd, 2591156.496, 148
Trd, 2591156.879, 145
Trd, 2591157.279, 143
Trd, 2591158.429, 150
Trd, 2591158.996, 149
Trd, 2591159.963, 150
Trd, 2591160.429, 150
Trd, 2591160.913, 150
Trd, 2591161.013, 150
Trd, 2591161.146, 150
Trd, 2591161.379, 150
Trd, 2591161.579, 150
Trd, 2591161.713, 150
Trd, 2591161.963, 150
Trd, 2591162.129, 150
Trd, 2591162.396, 149
Trd, 2591162.446, 148
Trd, 2591163.113, 143
Trd, 2591163.163, 147
Trd, 2591163.696, 138
Trd, 2591163.713, 145
Trd, 2591163.913, 150
Trd, 2591164.263, 119
Trd, 2591164.996, 150
Trd, 2591165.979, 150
Trd, 2591165.996, 150
Trd, 2591166.163, 150
Trd, 2591167.463, 150
Trd, 2591167.546, 150
Trd, 2591167.729, 150
Trd, 2591168.396, 106
Trd, 2591168.513, 110
Trd, 2591168.646, 150
Trd, 2591169.429, 150
Trd, 2591170.813, 150
Trd, 2591171.829, 150
Trd, 2591171.863, 150
Trd, 2591171.913, 150
Trd, 2591171.946, 150
Trd, 2591171.996, 149
Trd, 2591172.063, 150
Trd, 2591172.146, 149
Trd, 2591174.146, 150
Trd, 2591174.413, 150
Trd, 2591174.579, 150
Trd, 2591174.846, 150
Trd, 2591175.113, 150
Trd, 2591175.196, 150
Trd, 2591175.913, 150
Trd, 2591176.063, 148
Trd, 2591176.179, 144
Trd, 2591176.313, 150
Trd, 2591176.479, 139
Trd, 2591176.496, 122
Trd, 2591177.479, 102
Trd, 2591177.779, 100
Trd, 2591177.963, 101
Trd, 2591178.329, 104
Trd, 2591178.696, 101
Trd, 2591178.746, 104
Trd, 2591180.179, 100
Trd, 2591180.246, 100
Trd, 2591180.496, 100
Trd, 2591181.229, 100
Trd, 2591181.313, 100
Trd, 2591181.429, 100
Trd, 2591181.613, 100
Trd, 2591181.979, 100
Trd, 2591182.279, 100
Trd, 2591182.413, 100
Trd, 2591182.546, 101
Trd, 2591182.813, 101
Trd, 2591183.029, 102
Trd, 2591184.829, 102
Trd, 2591184.946, 104
Trd, 2591185.529, 103
Trd, 2591186.046, 101
Trd, 2591186.246, 103
Trd, 2591186.529, 101
Trd, 2591186.946, 104
Trd, 2591187.413, 103
Trd, 2591187.713, 102
Trd, 2591189.063, 100
Trd, 2591189.663, 100
Trd, 2591189.829, 100
Trd, 2591189.963, 100
Trd, 2591190.463, 100
Trd, 2591190.529, 101
Trd, 2591190.679, 103
Trd, 2591191.013, 104
Trd, 2591191.329, 119
Trd, 2591191.379, 132
Trd, 2591192.279, 107
Trd, 2591192.296, 134
Trd, 2591192.563, 110
Trd, 2591192.696, 135
Trd, 2591193.129, 110
Trd, 2591194.546, 122
Trd, 2591194.596, 113
Trd, 2591194.613, 122
Trd, 2591194.813, 114
Trd, 2591194.879, 123
Trd, 2591195.179, 125
Trd, 2591195.746, 150
Trd, 2591196.063, 150
Trd, 2591196.329, 150
Trd, 2591196.663, 139
Trd, 2591196.729, 113
Trd, 2591196.879, 150
Trd, 2591198.946, 100
Trd, 2591199.163, 100
Trd, 2591199.379, 100
Trd, 2591199.629, 100
Trd, 2591199.896, 100
Trd, 2591199.979, 100
Trd, 2591200.463, 100
Trd, 2591200.679, 100
Trd, 2591201.129, 107
Trd, 2591201.746, 135
Trd, 2591202.263, 150
Trd, 2591202.329, 150
Trd, 2591203.063, 150
Trd, 2591203.846, 150
Trd, 2591204.063, 150
Trd, 2591204.096, 150
Trd, 2591204.896, 150
Trd, 2591205.229, 150
Trd, 2591206.579, 150
Trd, 2591207.413, 150
Trd, 2591207.513, 150
Trd, 2591208.129, 150
Trd, 2591208.663, 150
Trd, 2591208.779, 150
Trd, 2591209.146, 150
Trd, 2591209.479, 150
Trd, 2591209.613, 150
Trd, 2591209.896, 149
Trd, 2591209.913, 148
Trd, 2591210.163, 148
Trd, 2591210.229, 146
Trd, 2591210.863, 149
Trd, 2591211.379, 150
Trd, 2591211.396, 150
Trd, 2591211.896, 148
Trd, 2591212.179, 144
Trd, 2591212.213, 128
Trd, 2591212.596, 144
Trd, 2591213.196, 139
Trd, 2591213.346, 138
Trd, 2591213.479, 139
Trd, 2591213.713, 138
Trd, 2591213.863, 140
Trd, 2591214.029, 142
Trd, 2591214.346, 144
Trd, 2591214.363, 132
Trd, 2591214.613, 113
Trd, 2591217.496, 150
Trd, 2591217.646, 150
Trd, 2591217.813, 150
Trd, 2591217.979, 150
Trd, 2591218.146, 150
Trd, 2591219.579, 150
Trd, 2591219.629, 150
Trd, 2591219.713, 150
Trd, 2591219.796, 150
Trd, 2591219.946, 150
Trd, 2591221.129, 150
Trd, 2591221.196, 150
Trd, 2591221.429, 149
Trd, 2591221.513, 148
Trd, 2591221.846, 147
Trd, 2591221.963, 148
Trd, 2591222.179, 144
Trd, 2591222.663, 108
Trd, 2591223.596, 100
Trd, 2591224.546, 100
Trd, 2591224.596, 100
Trd, 2591224.913, 100
Trd, 2591225.046, 100
Trd, 2591225.079, 100
Trd, 2591225.179, 100
Trd, 2591225.646, 100
Trd, 2591225.746, 104
Trd, 2591226.379, 101
Trd, 2591226.646, 103
Trd, 2591226.813, 102
Trd, 2591226.963, 101
Trd, 2591227.096, 101
Trd, 2591227.796, 103
Trd, 2591228.313, 104
Trd, 2591228.929, 136
Trd, 2591229.213, 136
Trd, 2591229.346, 106
Trd, 2591229.913, 107
Trd, 2591230.579, 140
Trd, 2591230.729, 141
Trd, 2591230.996, 108
Trd, 2591231.013, 106
Trd, 2591232.346, 139
Trd, 2591232.513, 150
Trd, 2591232.596, 146
Trd, 2591233.079, 139
Trd, 2591233.113, 138
Trd, 2591233.229, 134
Trd, 2591233.263, 150
Trd, 2591233.429, 150
Trd, 2591233.696, 133
Trd, 2591234.296, 102
Trd, 2591234.379, 103
Trd, 2591234.763, 102
Trd, 2591234.896, 100
Trd, 2591235.529, 100
Trd, 2591235.613, 100
Trd, 2591236.163, 100
Trd, 2591236.446, 100
Trd, 2591236.679, 101
Trd, 2591237.729, 107
Trd, 2591238.563, 108
Trd, 2591239.529, 109
Trd, 2591239.646, 108
Trd, 2591239.913, 117
Trd, 2591240.079, 118
Trd, 2591241.213, 111
Trd, 2591241.329, 105
Trd, 2591241.346, 105
Trd, 2591242.229, 121
Trd, 2591242.496, 121
Trd, 2591242.629, 104
Trd, 2591242.729, 121
Trd, 2591242.879, 102
Trd, 2591243.513, 100
Trd, 2591243.563, 103
Trd, 2591243.779, 105
Trd, 2591243.929, 100
Trd, 2591244.113, 108
Trd, 2591244.729, 149
Trd, 2591244.946, 149
Trd, 2591245.129, 150
Trd, 2591245.363, 148
Trd, 2591245.763, 137
Trd, 2591246.313, 147
Trd, 2591246.579, 150
Trd, 2591247.863, 150
Trd, 2591247.929, 150
Trd, 2591248.129, 150
Trd, 2591248.896, 150
Trd, 2591250.146, 150
Trd, 2591250.329, 150
Trd, 2591250.496, 150
Trd, 2591250.713, 150
Trd, 2591250.729, 150
Trd, 2591251.246, 148
Trd, 2591251.529, 148
Trd, 2591251.663, 144
Trd, 2591251.696, 107
Trd, 2591252.546, 140
Trd, 2591252.646, 145
Trd, 2591252.979, 139
Trd, 2591253.613, 142
Trd, 2591254.263, 142
Trd, 2591254.763, 140
Trd, 2591255.063, 138
Trd, 2591255.746, 131
Trd, 2591255.813, 132
Trd, 2591256.413, 135
Trd, 2591256.463, 142
Trd, 2591256.529, 150
Trd, 2591257.079, 150
Trd, 2591258.213, 150
Trd, 2591259.929, 150
Trd, 2591260.013, 150
Trd, 2591260.896, 150
Trd, 2591261.279, 150
Trd, 2591262.296, 150
Trd, 2591262.679, 150
Trd, 2591262.713, 150
Trd, 2591263.446, 150
Trd, 2591263.846, 150
Trd, 2591264.046, 150
Trd, 2591264.096, 150
Trd, 2591264.179, 150
Trd, 2591264.296, 150
Trd, 2591264.429, 150
Trd, 2591264.796, 150
Trd, 2591264.896, 150
Trd, 2591264.913, 150
Trd, 2591266.063, 149
Trd, 2591266.113, 149
Trd, 2591266.146, 143
Trd, 2591266.246, 126
Trd, 2591266.313, 122
Trd, 2591266.879, 144
Trd, 2591267.046, 113
Trd, 2591267.946, 142
Trd, 2591268.446, 141
Trd, 2591268.496, 135
Trd, 2591268.679, 122
Trd, 2591269.446, 100
Trd, 2591269.729, 139
Trd, 2591270.846, 100
Trd, 2591270.913, 100
Trd, 2591270.946, 100
Trd, 2591271.296, 100
Trd, 2591271.929, 100
Trd, 2591272.663, 100
Trd, 2591274.213, 100
Trd, 2591274.313, 100
Trd, 2591274.413, 101
Trd, 2591274.579, 104
Trd, 2591274.613, 105
Trd, 2591274.913, 102
Trd, 2591275.246, 102
Trd, 2591275.446, 103
Trd, 2591275.696, 100
Trd, 2591275.863, 101
Trd, 2591276.129, 117
Trd, 2591277.613, 112
Trd, 2591277.963, 111
Trd, 2591278.763, 114
Trd, 2591278.779, 115
Trd, 2591278.846, 145
Trd, 2591279.413, 144
Trd, 2591279.529, 146
Trd, 2591280.613, 128
Trd, 2591280.696, 127
Trd, 2591280.979, 149
Trd, 2591281.196, 149
Trd, 2591282.213, 150
Trd, 2591282.763, 150
Trd, 2591282.913, 150
Trd, 2591283.129, 150
Trd, 2591283.413, 150
Trd, 2591283.779, 149
Trd, 2591284.346, 148
Trd, 2591284.513, 148
Trd, 2591284.829, 145
Trd, 2591284.879, 144
Trd, 2591285.496, 145
Trd, 2591285.679, 144
Trd, 2591285.779, 143
Trd, 2591285.929, 147
Trd, 2591285.979, 148
Trd, 2591286.079, 135
Trd, 2591286.429, 134
Trd, 2591286.846, 149
Trd, 2591287.629, 101
Trd, 2591287.696, 104
Trd, 2591287.946, 150
Trd, 2591288.079, 150
Trd, 2591288.479, 150
Trd, 2591288.896, 150
Trd, 2591289.296, 150
Trd, 2591289.546, 148
Trd, 2591291.063, 150
Trd, 2591291.146, 150
Trd, 2591292.246, 150
Trd, 2591292.879, 150
Trd, 2591293.029, 150
Trd, 2591293.129, 150
Trd, 2591294.329, 150
Trd, 2591294.496, 150
Trd, 2591294.529, 150
Trd, 2591294.846, 150
Trd, 2591294.913, 150
Trd, 2591295.013, 150
Trd, 2591295.229, 149
Trd, 2591295.296, 150
Trd, 2591295.763, 149
Trd, 2591296.263, 148
Trd, 2591297.013, 149
Trd, 2591297.029, 150
Trd, 2591297.563, 148
Trd, 2591297.646, 148
Trd, 2591298.713, 150
Trd, 2591299.213, 150
Trd, 2591299.363, 150
Trd, 2591300.446, 147
Trd, 2591300.629, 150
Trd, 2591300.846, 150
Trd, 2591300.929, 145
Trd, 2591301.263, 123
Trd, 2591302.279, 150
Trd, 2591303.179, 150
Trd, 2591303.429, 150
Trd, 2591304.263, 150
Trd, 2591304.596, 150
Trd, 2591304.629, 150
Trd, 2591304.979, 150
Trd, 2591305.063, 150
Trd, 2591305.313, 146
Trd, 2591305.646, 144
Trd, 2591306.329, 147
Trd, 2591306.613, 148
Trd, 2591306.913, 136
Trd, 2591307.029, 135
Trd, 2591307.479, 148
Trd, 2591307.746, 150
Trd, 2591307.896, 129
Trd, 2591309.546, 147
Trd, 2591310.396, 137
Trd, 2591310.546, 137
Trd, 2591312.163, 150
Trd, 2591312.279, 150
Trd, 2591313.179, 150
Trd, 2591313.313, 149
Trd, 2591313.596, 150
Trd, 2591313.913, 149
Trd, 2591314.496, 149
Trd, 2591314.563, 148
Trd, 2591314.896, 148
Trd, 2591315.046, 146
Trd, 2591315.163, 147
Trd, 2591315.213, 145
Trd, 2591315.613, 144
Trd, 2591315.779, 142
Trd, 2591315.846, 139
Trd, 2591316.096, 121
Trd, 2591316.529, 144
Trd, 2591316.646, 120
Trd, 2591317.763, 103
Trd, 2591318.029, 104
Trd, 2591318.513, 105
Trd, 2591318.546, 106
Trd, 2591319.446, 115
Trd, 2591319.613, 114
Trd, 2591319.813, 118
Trd, 2591320.296, 112
Trd, 2591320.996, 113
Trd, 2591321.046, 113
Trd, 2591321.063, 115
Trd, 2591321.296, 115
Trd, 2591321.629, 115
Trd, 2591321.879, 116
Trd, 2591323.063, 138
Trd, 2591323.429, 139
Trd, 2591323.596, 149
Trd, 2591323.729, 150
Trd, 2591323.846, 150
Trd, 2591324.013, 150
Trd, 2591324.029, 150
Trd, 2591324.563, 148
Trd, 2591325.446, 143
Trd, 2591326.196, 122
Trd, 2591326.863, 122
Trd, 2591326.896, 104
Trd, 2591327.379, 100
Trd, 2591327.713, 100
Trd, 2591328.346, 100
Trd, 2591329.563, 100
Trd, 2591329.679, 101
Trd, 2591329.713, 101
Trd, 2591330.329, 100
Trd, 2591330.746, 100
Trd, 2591330.829, 100
Trd, 2591330.846, 101
Trd, 2591330.963, 101
Trd, 2591331.413, 104
Trd, 2591332.079, 101
Trd, 2591332.279, 101
Trd, 2591332.779, 100
Trd, 2591332.813, 103
Trd, 2591333.513, 103
Trd, 2591333.629, 104
Trd, 2591333.863, 112
Trd, 2591334.163, 123
Trd, 2591334.413, 113
Trd, 2591334.529, 113
Trd, 2591334.779, 112
Trd, 2591335.046, 128
Trd, 2591335.329, 149
Trd, 2591335.463, 149
Trd, 2591336.179, 148
Trd, 2591336.796, 104
Trd, 2591337.046, 112
Trd, 2591338.163, 144
Trd, 2591339.046, 150
Trd, 2591339.813, 150
Trd, 2591340.113, 150
Trd, 2591340.329, 150
Trd, 2591340.429, 150
Trd, 2591340.879, 150
Trd, 2591341.079, 150
Trd, 2591341.279, 147
Trd, 2591341.296, 144
Trd, 2591341.913, 147
Trd, 2591342.179, 130
Trd, 2591342.729, 148
Trd, 2591343.229, 147
Trd, 2591343.679, 148
Trd, 2591344.529, 150
Trd, 2591344.746, 150
Trd, 2591344.846, 132
Trd, 2591345.563, 150
Trd, 2591345.613, 148
Trd, 2591345.779, 126
Trd, 2591346.763, 110
Trd, 2591347.079, 134
Trd, 2591347.213, 110
Trd, 2591348.013, 101
Trd, 2591348.346, 100
Trd, 2591348.529, 100
Trd, 2591349.279, 100
Trd, 2591349.413, 100
Trd, 2591349.446, 100
Trd, 2591349.679, 103
Trd, 2591349.946, 112
Trd, 2591350.179, 100
Trd, 2591350.196, 104
Trd, 2591350.413, 117
Trd, 2591350.629, 144
Trd, 2591351.313, 114
Trd, 2591353.713, 150
Trd, 2591353.929, 150
Trd, 2591355.063, 150
Trd, 2591355.379, 150
Trd, 2591356.379, 150
Trd, 2591356.746, 150
Trd, 2591356.913, 150
Trd, 2591357.096, 150
Trd, 2591357.163, 150
Trd, 2591357.363, 150
Trd, 2591357.529, 150
Trd, 2591357.746, 148
Trd, 2591357.929, 147
Trd, 2591357.996, 146
Trd, 2591358.179, 139
Trd, 2591358.463, 146
Trd, 2591359.346, 112
Trd, 2591359.513, 146
Trd, 2591359.796, 144
Trd, 2591360.446, 123
Trd, 2591360.779, 122
Trd, 2591360.846, 124
Trd, 2591361.229, 122
Trd, 2591361.729, 140
Trd, 2591361.746, 121
Trd, 2591361.846, 141
Trd, 2591361.996, 119
Trd, 2591362.696, 118
Trd, 2591363.413, 121
Trd, 2591364.096, 119
Trd, 2591364.429, 105
Trd, 2591365.263, 105
Trd, 2591365.363, 116
Trd, 2591365.913, 105
Trd, 2591366.546, 113
Trd, 2591366.746, 112
Trd, 2591367.746, 110
Trd, 2591367.863, 111
Trd, 2591367.979, 107
Trd, 2591368.246, 113
Trd, 2591368.729, 108
Trd, 2591369.213, 140
Trd, 2591369.296, 108
Trd, 2591369.346, 104
Trd, 2591369.429, 138
Trd, 2591369.596, 111
Trd, 2591369.963, 139
Trd, 2591370.146, 110
Trd, 2591370.346, 150
Trd, 2591370.546, 150
Trd, 2591370.846, 110
Trd, 2591371.113, 112
Trd, 2591371.946, 150
Trd, 2591372.863, 150
Trd, 2591373.179, 148
Trd, 2591373.346, 143
Trd, 2591373.529, 142
Trd, 2591374.263, 140
Trd, 2591374.879, 139
Trd, 2591376.229, 138
Trd, 2591376.296, 147
Trd, 2591376.363, 148
Trd, 2591376.696, 145
Trd, 2591377.496, 147
Trd, 2591377.546, 142
Trd, 2591377.713, 149
Trd, 2591377.879, 137
Trd, 2591378.746, 148
Trd, 2591379.196, 149
Trd, 2591379.479, 149
Trd, 2591379.513, 148
Trd, 2591379.846, 148
Trd, 2591380.513, 149
Trd, 2591380.763, 148
Trd, 2591381.296, 150
Trd, 2591381.946, 150
Trd, 2591383.279, 150
Trd, 2591383.596, 150
Trd, 2591383.679, 150
Trd, 2591383.729, 148
Trd, 2591383.913, 145
Trd, 2591384.046, 147
Trd, 2591384.513, 123
Trd, 2591384.813, 123
Trd, 2591385.346, 126
Trd, 2591385.513, 133
Trd, 2591385.679, 125
Trd, 2591385.746, 132
Trd, 2591385.813, 122
Trd, 2591385.846, 133
Trd, 2591385.929, 133
Trd, 2591386.329, 133
Trd, 2591386.713, 133
Trd, 2591386.796, 133
Trd, 2591387.096, 134
Trd, 2591387.446, 134
Trd, 2591387.696, 132
Trd, 2591387.863, 114
Trd, 2591388.963, 131
Trd, 2591391.196, 150
Trd, 2591391.513, 150
Trd, 2591391.663, 150
Trd, 2591391.813, 150
Trd, 2591392.013, 150
Trd, 2591392.713, 148
Trd, 2591392.763, 148
Trd, 2591393.046, 147
Trd, 2591393.313, 144
Trd, 2591394.213, 150
Trd, 2591394.963, 150
Trd, 2591395.379, 150
Trd, 2591395.813, 150
Trd, 2591395.879, 150
Trd, 2591395.913, 150
Trd, 2591396.529, 148
Trd, 2591396.896, 148
Trd, 2591397.096, 149
Trd, 2591397.129, 147
Trd, 2591397.196, 147
Trd, 2591397.629, 147
Trd, 2591398.496, 148
Trd, 2591398.513, 129
Trd, 2591400.279, 150
Trd, 2591400.596, 150
Trd, 2591401.113, 149
Trd, 2591401.363, 149
Trd, 2591401.579, 144
Trd, 2591401.813, 138
Trd, 2591402.113, 128
Trd, 2591402.396, 142
Trd, 2591402.413, 143
Trd, 2591402.529, 143
Trd, 2591403.046, 144
Trd, 2591403.063, 143
Trd, 2591404.129, 127
Trd, 2591404.279, 137
Trd, 2591404.329, 126
Trd, 2591404.529, 108
Trd, 2591405.063, 109
Trd, 2591405.179, 109
Trd, 2591405.963, 100
Trd, 2591406.163, 101
Trd, 2591407.779, 100
Trd, 2591407.929, 100
Trd, 2591408.413, 101
Trd, 2591408.863, 100
Trd, 2591409.029, 100
Trd, 2591409.529, 101
Trd, 2591409.696, 100
Trd, 2591410.146, 101
Trd, 2591410.513, 103
Trd, 2591410.629, 105
Trd, 2591410.713, 106
Trd, 2591411.229, 102
Trd, 2591411.429, 101
Trd, 2591412.279, 100
Trd, 2591412.313, 106
Trd, 2591413.596, 150
Trd, 2591414.029, 150
Trd, 2591414.563, 150
Trd, 2591414.663, 150
Trd, 2591415.413, 150
Trd, 2591415.579, 150
Trd, 2591415.879, 150
Trd, 2591416.313, 150
Trd, 2591416.329, 150
Trd, 2591416.429, 150
Trd, 2591416.513, 150
Trd, 2591416.646, 150
Trd, 2591416.946, 150
Trd, 2591417.279, 150
Trd, 2591417.779, 148
Trd, 2591418.013, 149
Trd, 2591418.546, 146
Trd, 2591418.596, 145
Trd, 2591419.513, 141
Trd, 2591419.813, 140
Trd, 2591419.863, 138
Trd, 2591420.129, 115
Trd, 2591421.063, 105
Trd, 2591421.113, 116
Trd, 2591421.413, 117
Trd, 2591421.529, 104
Trd, 2591422.046, 125
Trd, 2591422.329, 127
Trd, 2591422.896, 124
Trd, 2591423.513, 124
Trd, 2591423.646, 125
Trd, 2591423.746, 127
Trd, 2591424.896, 102
Trd, 2591425.346, 102
Trd, 2591425.696, 103
Trd, 2591425.929, 105
Trd, 2591426.546, 108
Trd, 2591426.713, 116
Trd, 2591427.013, 113
Trd, 2591427.613, 109
Trd, 2591427.946, 115
Trd, 2591428.163, 116
Trd, 2591428.279, 110
Trd, 2591428.679, 113
Trd, 2591429.213, 147
Trd, 2591429.763, 116
Trd, 2591429.846, 115
Trd, 2591430.079, 146
Trd, 2591430.096, 115
Trd, 2591430.263, 146
Trd, 2591430.429, 147
Trd, 2591431.279, 145
Trd, 2591431.979, 109
Trd, 2591432.229, 114
Trd, 2591432.246, 147
Trd, 2591432.863, 149
Trd, 2591432.963, 113
Trd, 2591433.179, 148
Trd, 2591433.279, 112
Trd, 2591433.479, 108
Trd, 2591434.463, 140
Trd, 2591435.379, 101
Trd, 2591435.463, 103
Trd, 2591435.563, 104
Trd, 2591435.913, 102
Trd, 2591436.096, 104
Trd, 2591436.563, 100
Trd, 2591436.763, 101
Trd, 2591436.896, 104
Trd, 2591437.146, 106
Trd, 2591438.379, 100
Trd, 2591438.413, 100
Trd, 2591438.513, 101
Trd, 2591438.579, 100
Trd, 2591438.813, 102
Trd, 2591438.913, 105
Trd, 2591439.046, 108
Trd, 2591439.396, 102
Trd, 2591441.663, 150
Trd, 2591442.513, 150
Trd, 2591442.596, 150
Trd, 2591443.929, 150
Trd, 2591443.996, 150
Trd, 2591444.663, 150
Trd, 2591445.296, 150
Trd, 2591445.846, 150
Trd, 2591446.013, 150
Trd, 2591446.746, 149
Trd, 2591446.796, 149
Trd, 2591446.963, 148
Trd, 2591447.129, 148
Trd, 2591447.196, 148
Trd, 2591447.713, 149
Trd, 2591447.829, 148
Trd, 2591448.396, 144
Trd, 2591448.429, 139
Trd, 2591448.946, 123
Trd, 2591449.596, 150
Trd, 2591450.129, 150
Trd, 2591450.296, 150
Trd, 2591450.496, 149
Trd, 2591450.746, 146
Trd, 2591450.796, 141
Trd, 2591451.529, 147
Trd, 2591451.646, 145
Trd, 2591451.913, 145
Trd, 2591452.296, 138
Trd, 2591453.029, 135
Trd, 2591453.413, 141
Trd, 2591453.479, 136
Trd, 2591454.446, 135
Trd, 2591454.496, 131
Trd, 2591454.979, 136
Trd, 2591455.179, 136
Trd, 2591455.696, 127
Trd, 2591456.113, 133
Trd, 2591456.629, 134
Trd, 2591456.779, 127
Trd, 2591457.113, 133
Trd, 2591457.513, 128
Trd, 2591457.529, 139
Trd, 2591458.463, 100
Trd, 2591459.329, 120
Trd, 2591460.113, 136
Trd, 2591460.213, 108
Trd, 2591460.563, 138
Trd, 2591460.629, 102
Trd, 2591461.163, 148
Trd, 2591461.179, 147
Trd, 2591461.263, 134
Trd, 2591462.246, 150
Trd, 2591462.279, 148
Trd, 2591462.529, 149
Trd, 2591462.763, 149
Trd, 2591463.279, 149
Trd, 2591463.579, 146
Trd, 2591463.613, 143
Trd, 2591464.696, 131
Trd, 2591466.679, 150
Trd, 2591467.163, 150
Trd, 2591467.213, 150
Trd, 2591468.296, 150
Trd, 2591468.429, 150
Trd, 2591468.746, 150
Trd, 2591468.796, 150
Trd, 2591468.863, 150
Trd, 2591469.096, 150
Trd, 2591469.146, 150
Trd, 2591470.013, 150
Trd, 2591470.329, 149
Trd, 2591470.863, 150
Trd, 2591470.913, 149
Trd, 2591471.596, 149
Trd, 2591471.713, 147
Trd, 2591472.046, 144
Trd, 2591472.229, 149
Trd, 2591472.396, 118
Trd, 2591472.929, 146
Trd, 2591473.113, 146
Trd, 2591473.179, 107
Trd, 2591473.679, 100
Trd, 2591474.679, 100
Trd, 2591474.796, 112
Trd, 2591475.813, 109
Trd, 2591476.013, 101
Trd, 2591476.213, 104
Trd, 2591476.413, 103
Trd, 2591476.563, 104
Trd, 2591476.863, 103
Trd, 2591477.629, 100
Trd, 2591477.779, 101
Trd, 2591477.829, 102
Trd, 2591478.063, 104
Trd, 2591479.113, 100
Trd, 2591479.413, 100
Trd, 2591479.446, 100
Trd, 2591479.513, 101
Trd, 2591480.813, 105
Trd, 2591481.813, 100
Trd, 2591482.196, 100
Trd, 2591482.763, 102
Trd, 2591482.879, 105
Trd, 2591482.963, 101
Trd, 2591482.996, 108
Trd, 2591483.013, 130
Trd, 2591484.096, 102
Trd, 2591484.329, 105
Trd, 2591484.713, 150
Trd, 2591485.596, 150
Trd, 2591487.363, 150
Trd, 2591488.046, 150
Trd, 2591488.196, 150
Trd, 2591489.879, 150
Trd, 2591489.929, 150
Trd, 2591490.013, 150
Trd, 2591490.279, 150
Trd, 2591490.296, 150
Trd, 2591490.329, 150
Trd, 2591490.546, 150
Trd, 2591490.679, 149
Trd, 2591490.813, 150
Trd, 2591490.829, 149
Trd, 2591491.179, 148
Trd, 2591491.229, 150
Trd, 2591491.346, 147
Trd, 2591492.263, 146
Trd, 2591492.279, 142
Trd, 2591492.779, 145
Trd, 2591492.963, 137
Trd, 2591493.046, 130
Trd, 2591493.229, 117
Trd, 2591493.329, 145
Trd, 2591493.813, 101
Trd, 2591494.479, 102
Trd, 2591494.796, 100
Trd, 2591495.129, 100
Trd, 2591495.229, 100
Trd, 2591495.313, 100
Trd, 2591495.479, 100
Trd, 2591495.629, 101
Trd, 2591495.846, 102
Trd, 2591497.229, 100
Trd, 2591497.363, 100
Trd, 2591497.463, 101
Trd, 2591499.046, 100
Trd, 2591499.246, 100
Trd, 2591499.579, 100
Trd, 2591499.829, 101
Trd, 2591500.046, 104
Trd, 2591500.463, 103
Trd, 2591500.729, 146
Trd, 2591501.179, 103
Trd, 2591501.496, 147
Trd, 2591501.513, 146
Trd, 2591502.346, 147
Trd, 2591502.913, 149
Trd, 2591503.346, 149
Trd, 2591503.513, 148
Trd, 2591504.129, 150
Trd, 2591504.146, 150
Trd, 2591504.263, 150
Trd, 2591504.946, 150
Trd, 2591504.979, 150
Trd, 2591505.396, 149
Trd, 2591505.846, 148
Trd, 2591505.896, 148
Trd, 2591506.263, 148
Trd, 2591506.563, 142
Trd, 2591506.796, 149
Trd, 2591507.046, 150
Trd, 2591507.429, 150
Trd, 2591508.579, 149
Trd, 2591508.729, 150
Trd, 2591509.079, 149
Trd, 2591509.563, 111
Trd, 2591509.929, 114
Trd, 2591510.529, 122
Trd, 2591510.613, 111
Trd, 2591510.713, 102
Trd, 2591511.246, 145
Trd, 2591512.446, 115
Trd, 2591512.546, 112
Trd, 2591512.779, 107
Trd, 2591512.963, 100
Trd, 2591513.079, 107
Trd, 2591513.096, 108
Trd, 2591513.363, 139
Trd, 2591513.746, 141
Trd, 2591514.513, 150
Trd, 2591514.963, 150
Trd, 2591515.646, 150
Trd, 2591515.796, 149
Trd, 2591515.813, 149
Trd, 2591516.429, 149
Trd, 2591516.563, 146
Trd, 2591516.613, 145
Trd, 2591516.829, 139
Trd, 2591517.146, 150
Trd, 2591517.329, 150
Trd, 2591518.396, 150
Trd, 2591519.163, 149
Trd, 2591520.779, 150
Trd, 2591521.163, 150
Trd, 2591521.179, 150
Trd, 2591521.379, 150
Trd, 2591521.513, 150
Trd, 2591522.196, 146
Trd, 2591522.329, 146
Trd, 2591522.363, 128
Trd, 2591522.446, 147
Trd, 2591522.813, 128
Trd, 2591522.846, 111
Trd, 2591523.246, 106
Trd, 2591523.379, 105
Trd, 2591524.096, 103
Trd, 2591524.196, 103
Trd, 2591525.713, 106
Trd, 2591525.946, 133
Trd, 2591526.463, 133
Trd, 2591526.729, 132
Trd, 2591526.746, 133
Trd, 2591528.013, 150
Trd, 2591528.096, 150
Trd, 2591528.179, 150
Trd, 2591528.679, 150
Trd, 2591529.079, 150
Trd, 2591529.146, 150
Trd, 2591529.646, 150
Trd, 2591529.779, 150
Trd, 2591530.046, 145
Trd, 2591530.729, 150
Trd, 2591532.229, 140
Trd, 2591532.613, 146
Trd, 2591532.646, 137
Trd, 2591532.946, 146
Trd, 2591533.463, 145
Trd, 2591533.479, 113
Trd, 2591533.596, 111
Trd, 2591533.729, 111
Trd, 2591533.979, 136
Trd, 2591535.446, 136
Trd, 2591535.579, 137
Trd, 2591535.663, 136
Trd, 2591535.763, 138
Trd, 2591536.029, 135
Trd, 2591536.529, 125
Trd, 2591536.563, 109
Trd, 2591538.013, 100
Trd, 2591538.146, 100
Trd, 2591538.379, 100
Trd, 2591538.596, 100
Trd, 2591539.229, 100
Trd, 2591539.296, 104
Trd, 2591539.713, 102
Trd, 2591540.829, 150
Trd, 2591540.946, 150
Trd, 2591541.446, 150
Trd, 2591541.563, 149
Trd, 2591541.879, 149
Trd, 2591542.046, 149
Trd, 2591543.496, 150
Trd, 2591543.646, 150
Trd, 2591543.679, 150
Trd, 2591544.496, 150
Trd, 2591545.213, 150
Trd, 2591545.329, 150
Trd, 2591546.613, 150
Trd, 2591546.746, 150
Trd, 2591547.346, 150
Trd, 2591548.163, 150
Trd, 2591548.279, 150
Trd, 2591548.379, 150
Trd, 2591549.163, 150
Trd, 2591549.179, 150
Trd, 2591549.196, 150
Trd, 2591549.246, 144
Trd, 2591550.346, 139
Trd, 2591550.513, 121
Trd, 2591550.829, 141
Trd, 2591550.929, 142
Trd, 2591551.029, 144
Trd, 2591551.246, 145
Trd, 2591551.279, 147
Trd, 2591551.829, 147
Trd, 2591552.029, 120
Trd, 2591552.729, 146
Trd, 2591552.779, 120
Trd, 2591552.796, 119
Trd, 2591553.363, 145
Trd, 2591553.463, 117
Trd, 2591554.013, 107
Trd, 2591555.196, 146
Trd, 2591555.396, 127
Trd, 2591555.446, 127
Trd, 2591555.913, 137
Trd, 2591556.113, 148
Trd, 2591556.796, 149
Trd, 2591557.229, 149
Trd, 2591557.596, 139
Trd, 2591557.679, 149
Trd, 2591558.713, 138
Trd, 2591559.813, 148
Trd, 2591560.229, 141
Trd, 2591560.496, 148
Trd, 2591560.663, 149
Trd, 2591561.396, 150
Trd, 2591561.563, 150
Trd, 2591562.146, 150
Trd, 2591562.496, 150
Trd, 2591562.529, 150
Trd, 2591562.713, 148
Trd, 2591563.163, 146
Trd, 2591565.063, 150
Trd, 2591565.563, 149
Trd, 2591565.913, 150
Trd, 2591566.263, 149
Trd, 2591566.346, 148
Trd, 2591566.363, 148
Trd, 2591566.396, 144
Trd, 2591566.546, 149
Trd, 2591567.346, 142
Trd, 2591567.729, 145
Trd, 2591567.746, 146
Trd, 2591567.929, 142
Trd, 2591568.446, 150
Trd, 2591568.579, 150
Trd, 2591570.079, 150
Trd, 2591571.796, 150
Trd, 2591571.913, 150
Trd, 2591572.346, 150
Trd, 2591572.396, 150
Trd, 2591572.513, 150
Trd, 2591572.596, 149
Trd, 2591572.746, 150
Trd, 2591572.879, 149
Trd, 2591572.929, 114
Trd, 2591572.996, 150
Trd, 2591573.246, 149
Trd, 2591573.863, 149
Trd, 2591574.063, 148
Trd, 2591574.096, 143
Trd, 2591574.313, 150
Trd, 2591575.546, 143
Trd, 2591575.629, 145
Trd, 2591576.513, 139
Trd, 2591577.029, 131
Trd, 2591577.346, 138
Trd, 2591577.796, 142
Trd, 2591578.129, 137
Trd, 2591579.179, 141
Trd, 2591579.796, 139
Trd, 2591580.246, 139
Trd, 2591580.296, 136
Trd, 2591580.513, 134
Trd, 2591580.946, 108
Trd, 2591581.229, 100
Trd, 2591581.363, 105
Trd, 2591581.496, 106
Trd, 2591581.879, 109
Trd, 2591582.296, 110
Trd, 2591582.313, 108
Trd, 2591582.613, 109
Trd, 2591583.129, 101
Trd, 2591583.179, 102
Trd, 2591583.663, 102
Trd, 2591583.979, 103
Trd, 2591584.696, 100
Trd, 2591584.846, 100
Trd, 2591585.563, 101
Trd, 2591585.929, 103
Trd, 2591586.213, 100
Trd, 2591586.513, 105
Trd, 2591586.596, 107
Trd, 2591586.846, 133
Trd, 2591587.663, 101
Trd, 2591588.746, 101
Trd, 2591589.813, 100
Trd, 2591590.179, 100
Trd, 2591590.879, 100
Trd, 2591591.229, 100
Trd, 2591591.729, 100
Trd, 2591592.079, 101
Trd, 2591592.929, 101
Trd, 2591593.029, 102
Trd, 2591593.113, 101
Trd, 2591593.246, 102
Trd, 2591593.496, 103
Trd, 2591593.513, 109
Trd, 2591593.696, 123
Trd, 2591594.296, 145
Trd, 2591594.463, 110
Trd, 2591594.979, 150
Trd, 2591594.996, 150
Trd, 2591595.413, 150
Trd, 2591595.829, 150
Trd, 2591595.913, 150
Trd, 2591596.929, 150
Trd, 2591597.046, 150
Trd, 2591597.296, 150
Trd, 2591597.429, 150
Trd, 2591597.913, 150
Trd, 2591598.913, 150
Trd, 2591598.996, 149
Trd, 2591599.529, 150
Trd, 2591599.563, 149
Trd, 2591599.713, 149
Trd, 2591599.763, 148
Trd, 2591600.063, 150
Trd, 2591600.313, 150
Trd, 2591600.679, 149
Trd, 2591600.879, 148
Trd, 2591601.146, 143
Trd, 2591601.413, 103
Trd, 2591601.729, 113
Trd, 2591602.113, 108
Trd, 2591602.513, 109
Trd, 2591602.763, 148
Trd, 2591602.879, 105
Trd, 2591604.546, 100
Trd, 2591605.263, 100
Trd, 2591605.413, 100
Trd, 2591605.429, 100
Trd, 2591606.313, 100
Trd, 2591606.879, 100
Trd, 2591608.379, 100
Trd, 2591608.413, 100
Trd, 2591608.529, 100
Trd, 2591608.563, 100
Trd, 2591609.046, 100
Trd, 2591609.246, 100
Trd, 2591609.413, 100
Trd, 2591609.879, 100
Trd, 2591610.263, 100
Trd, 2591610.929, 100
Trd, 2591612.129, 100
Trd, 2591612.229, 100
Trd, 2591612.296, 100
Trd, 2591612.596, 101
Trd, 2591612.796, 101
Trd, 2591612.829, 102
Trd, 2591612.846, 102
Trd, 2591613.796, 100
Trd, 2591614.313, 101
Trd, 2591614.579, 101
Trd, 2591614.813, 103
Trd, 2591615.329, 100
Trd, 2591615.446, 101
Trd, 2591615.563, 106
Trd, 2591616.063, 100
Trd, 2591617.013, 100
Trd, 2591617.246, 100
Trd, 2591617.779, 100
Trd, 2591618.146, 101
Trd, 2591618.413, 108
Trd, 2591619.079, 150
Trd, 2591619.429, 150
Trd, 2591619.446, 150
Trd, 2591620.013, 150
Trd, 2591620.896, 150
Trd, 2591621.379, 150
Trd, 2591621.846, 150
Trd, 2591622.196, 150
Trd, 2591622.629, 150
Trd, 2591622.763, 148
Trd, 2591622.863, 144
Trd, 2591623.229, 148
Trd, 2591623.679, 143
Trd, 2591624.079, 150
Trd, 2591624.413, 150
Trd, 2591625.113, 150
Trd, 2591625.413, 150
Trd, 2591625.563, 144
Trd, 2591626.363, 130
Trd, 2591626.796, 110
Trd, 2591627.146, 149
Trd, 2591627.496, 101
Trd, 2591627.746, 101
Trd, 2591627.896, 102
Trd, 2591628.146, 103
Trd, 2591628.363, 104
Trd, 2591629.729, 100
Trd, 2591630.046, 100
Trd, 2591630.063, 100
Trd, 2591630.163, 102
Trd, 2591630.679, 100
Trd, 2591630.896, 101
Trd, 2591630.946, 101
Trd, 2591631.263, 103
Trd, 2591631.996, 101
Trd, 2591632.446, 100
Trd, 2591632.746, 100
Trd, 2591632.929, 101
Trd, 2591633.179, 150
Trd, 2591633.229, 150
Trd, 2591633.446, 144
Trd, 2591633.846, 150
Trd, 2591633.863, 143
Trd, 2591634.146, 143
Trd, 2591635.063, 141
Trd, 2591635.579, 149
Trd, 2591636.146, 146
Trd, 2591636.263, 145
Trd, 2591636.829, 146
Trd, 2591637.663, 129
Trd, 2591637.879, 128
Trd, 2591638.046, 136
Trd, 2591638.296, 124
Trd, 2591639.129, 105
Trd, 2591640.079, 101
Trd, 2591640.346, 105
Trd, 2591640.813, 100
Trd, 2591640.846, 100
Trd, 2591641.079, 100
Trd, 2591641.096, 100
Trd, 2591641.313, 100
Trd, 2591641.663, 105
Trd, 2591642.029, 106
Trd, 2591642.196, 102
Trd, 2591643.113, 103
Trd, 2591643.246, 148
Trd, 2591643.563, 122
Trd, 2591644.163, 123
Trd, 2591644.263, 122
Trd, 2591644.529, 121
Trd, 2591645.029, 150
Trd, 2591645.296, 141
Trd, 2591647.029, 150
Trd, 2591647.379, 150
Trd, 2591648.346, 150
Trd, 2591648.379, 150
Trd, 2591648.413, 150
Trd, 2591648.663, 149
Trd, 2591648.913, 150
Trd, 2591649.479, 145
Trd, 2591649.563, 147
Trd, 2591650.846, 100
Trd, 2591651.013, 103
Trd, 2591651.079, 106
Trd, 2591651.679, 102
Trd, 2591651.929, 130
Trd, 2591652.696, 128
Trd, 2591652.746, 129
Trd, 2591652.979, 130
Trd, 2591653.079, 123
Trd, 2591653.296, 132
Trd, 2591653.446, 123
Trd, 2591653.479, 120
Trd, 2591653.929, 120
Trd, 2591655.179, 135
Trd, 2591655.346, 150
Trd, 2591655.379, 150
Trd, 2591655.796, 134
Trd, 2591656.479, 120
Trd, 2591656.913, 120
Trd, 2591657.713, 146
Trd, 2591658.079, 150
Trd, 2591658.613, 150
Trd, 2591659.179, 150
Trd, 2591659.396, 150
Trd, 2591660.263, 150
Trd, 2591660.596, 149
Trd, 2591660.613, 144
Trd, 2591661.479, 150
Trd, 2591661.596, 150
Trd, 2591661.613, 150
Trd, 2591661.729, 139
Trd, 2591661.879, 148
Trd, 2591662.463, 146
Trd, 2591662.529, 115
Trd, 2591662.696, 147
Trd, 2591663.163, 127
Trd, 2591663.479, 104
Trd, 2591663.896, 102
Trd, 2591664.063, 104
Trd, 2591664.096, 105
Trd, 2591665.246, 126
Trd, 2591665.529, 150
Trd, 2591665.863, 149
Trd, 2591666.863, 150
Trd, 2591667.146, 150
Trd, 2591668.563, 150
Trd, 2591668.613, 150
Trd, 2591668.663, 150
Trd, 2591668.796, 150
Trd, 2591669.463, 150
Trd, 2591669.479, 150
Trd, 2591669.763, 149
Trd, 2591670.013, 148
Trd, 2591670.096, 144
Trd, 2591670.379, 128
Trd, 2591670.396, 123
Trd, 2591671.146, 101
Trd, 2591673.029, 100
Trd, 2591673.313, 100
Trd, 2591674.213, 100
Trd, 2591675.296, 100
Trd, 2591675.446, 100
Trd, 2591675.546, 100
Trd, 2591675.613, 100
Trd, 2591675.679, 100
Trd, 2591675.879, 100
Trd, 2591676.446, 100
Trd, 2591676.513, 100
Trd, 2591676.579, 100
Trd, 2591676.913, 100
Trd, 2591677.363, 100
Trd, 2591678.796, 100
Trd, 2591679.979, 100
Trd, 2591680.429, 100
Trd, 2591680.546, 100
Trd, 2591680.846, 100
Trd, 2591681.013, 100
Trd, 2591681.029, 101
Trd, 2591681.129, 103
Trd, 2591681.463, 102
Trd, 2591681.746, 100
Trd, 2591681.813, 103
Trd, 2591681.963, 111
Trd, 2591682.096, 111
Trd, 2591682.413, 103
Trd, 2591682.646, 134
Trd, 2591683.046, 120
Trd, 2591685.096, 150
Trd, 2591685.446, 150
Trd, 2591685.663, 150
Trd, 2591685.913, 150
Trd, 2591687.213, 150
Trd, 2591687.546, 150
Trd, 2591688.146, 150
Trd, 2591688.246, 150
Trd, 2591688.413, 149
Trd, 2591688.463, 149
Trd, 2591688.813, 147
Trd, 2591689.196, 149
Trd, 2591689.629, 144
Trd, 2591689.646, 129
Trd, 2591689.696, 146
Trd, 2591689.946, 147
Trd, 2591690.396, 146
Trd, 2591690.479, 145
Trd, 2591690.629, 123
Trd, 2591690.779, 147
Trd, 2591691.696, 150
Trd, 2591691.713, 150
Trd, 2591692.213, 103
Trd, 2591692.879, 100
Trd, 2591693.479, 100
Trd, 2591693.963, 100
Trd, 2591694.346, 103
Trd, 2591694.729, 107
Trd, 2591695.246, 103
Trd, 2591695.813, 149
Trd, 2591696.313, 150
Trd, 2591696.396, 150
Trd, 2591696.529, 150
Trd, 2591696.696, 149
Trd, 2591696.779, 119
Trd, 2591696.846, 117
Trd, 2591697.096, 119
Trd, 2591697.979, 146
Trd, 2591699.963, 150
Trd, 2591700.213, 150
Trd, 2591700.329, 150
Trd, 2591700.663, 150
Trd, 2591700.813, 150
Trd, 2591701.179, 150
Trd, 2591701.229, 149
Trd, 2591701.313, 148
Trd, 2591701.429, 148
Trd, 2591701.646, 145
Trd, 2591701.979, 144
Trd, 2591702.613, 144
Trd, 2591702.929, 126
Trd, 2591702.996, 123
Trd, 2591703.263, 142
Trd, 2591703.796, 123
Trd, 2591703.863, 124
Trd, 2591705.013, 150
Trd, 2591705.279, 150
Trd, 2591705.313, 150
Trd, 2591705.329, 150
Trd, 2591705.346, 149
Trd, 2591706.046, 149
Trd, 2591706.329, 149
Trd, 2591706.429, 129
Trd, 2591708.229, 150
Trd, 2591708.296, 150
Trd, 2591708.913, 150
Trd, 2591708.946, 150
Trd, 2591709.029, 149
Trd, 2591709.213, 149
Trd, 2591709.596, 148
Trd, 2591709.663, 149
Trd, 2591710.079, 142
Trd, 2591710.163, 140
Trd, 2591710.529, 137
Trd, 2591710.829, 150
Trd, 2591711.229, 134
Trd, 2591711.496, 112
Trd, 2591711.946, 111
Trd, 2591712.929, 143
Trd, 2591713.113, 146
Trd, 2591713.263, 134
Trd, 2591714.229, 142
Trd, 2591714.263, 136
Trd, 2591714.463, 142
Trd, 2591714.963, 143
Trd, 2591715.813, 150
Trd, 2591716.013, 149
Trd, 2591716.163, 146
Trd, 2591716.296, 144
Trd, 2591716.346, 113
Trd, 2591717.163, 150
Trd, 2591717.379, 150
Trd, 2591717.746, 148
Trd, 2591718.529, 150
Trd, 2591718.913, 150
Trd, 2591720.063, 150
Trd, 2591720.679, 150
Trd, 2591721.679, 150
Trd, 2591721.779, 150
Trd, 2591722.913, 150
Trd, 2591723.479, 150
Trd, 2591723.779, 150
Trd, 2591723.929, 149
Trd, 2591724.063, 149
Trd, 2591724.179, 121
Trd, 2591724.529, 141
Trd, 2591725.179, 141
Trd, 2591725.979, 133
Trd, 2591726.163, 120
Trd, 2591726.563, 119
Trd, 2591727.013, 120
Trd, 2591727.129, 126
Trd, 2591727.346, 126
Trd, 2591727.963, 102
Trd, 2591728.246, 100
Trd, 2591728.713, 100
Trd, 2591728.729, 101
Trd, 2591729.079, 104
Trd, 2591729.213, 105
Trd, 2591729.329, 122
Trd, 2591730.213, 120
Trd, 2591730.279, 106
Trd, 2591730.629, 108
Trd, 2591730.729, 106
Trd, 2591730.846, 117
Trd, 2591731.279, 117
Trd, 2591731.813, 149
Trd, 2591731.929, 145
Trd, 2591732.413, 145
Trd, 2591732.679, 150
Trd, 2591733.579, 150
Trd, 2591733.879, 144
Trd, 2591734.213, 150
Trd, 2591735.246, 107
Trd, 2591735.563, 133
Trd, 2591735.846, 107
Trd, 2591736.463, 138
Trd, 2591736.763, 106
Trd, 2591736.996, 106
Trd, 2591737.213, 139
Trd, 2591737.779, 109
Trd, 2591738.446, 135
Trd, 2591738.763, 136
Trd, 2591739.096, 134
Trd, 2591739.346, 126
Trd, 2591740.229, 136
Trd, 2591740.913, 150
Trd, 2591741.613, 150
Trd, 2591741.979, 150
Trd, 2591742.046, 150
Trd, 2591742.313, 150
Trd, 2591742.963, 148
Trd, 2591743.179, 147
Trd, 2591743.463, 149
Trd, 2591743.829, 143
Trd, 2591743.946, 146
Trd, 2591744.696, 150
Trd, 2591744.813, 148
Trd, 2591746.113, 150
Trd, 2591746.279, 150
Trd, 2591746.596, 150
Trd, 2591746.663, 150
Trd, 2591746.713, 149
Trd, 2591747.029, 150
Trd, 2591747.129, 150
Trd, 2591747.563, 149
Trd, 2591749.046, 150
Trd, 2591749.196, 150
Trd, 2591750.163, 149
Trd, 2591750.613, 150
Trd, 2591750.679, 148
Trd, 2591751.246, 149
Trd, 2591751.429, 147
Trd, 2591753.346, 150
Trd, 2591754.196, 150
Trd, 2591754.296, 150
Trd, 2591754.346, 150
Trd, 2591754.546, 150
Trd, 2591754.796, 149
Trd, 2591754.979, 150
Trd, 2591755.113, 150
Trd, 2591755.163, 144
Trd, 2591755.246, 114
Trd, 2591755.813, 131
Trd, 2591755.913, 130
Trd, 2591756.313, 106
Trd, 2591757.063, 104
Trd, 2591757.146, 109
Trd, 2591757.229, 133
Trd, 2591757.246, 145
Trd, 2591757.479, 149
Trd, 2591757.813, 129
Trd, 2591758.329, 117
Trd, 2591758.929, 120
Trd, 2591759.729, 122
Trd, 2591759.829, 118
Trd, 2591760.229, 138
Trd, 2591760.679, 135
Trd, 2591761.046, 117
Trd, 2591761.063, 136
Trd, 2591761.146, 137
Trd, 2591762.446, 115
Trd, 2591762.563, 110
Trd, 2591762.863, 106
Trd, 2591763.596, 117
Trd, 2591763.663, 117
Trd, 2591763.763, 118
Trd, 2591764.163, 138
Trd, 2591764.429, 112
Trd, 2591764.829, 112
Trd, 2591765.329, 123
Trd, 2591765.396, 118
Trd, 2591766.296, 119
Trd, 2591766.363, 118
Trd, 2591766.513, 111
Trd, 2591766.829, 118
Trd, 2591766.929, 119
Trd, 2591766.979, 125
Trd, 2591767.279, 107
Trd, 2591767.963, 133
Trd, 2591768.096, 148
Trd, 2591768.846, 129
Trd, 2591769.763, 109
Trd, 2591769.796, 108
Trd, 2591771.179, 144
Trd, 2591771.646, 141
Trd, 2591771.763, 131
Trd, 2591772.113, 100
Trd, 2591773.013, 100
Trd, 2591773.463, 100
Trd, 2591773.529, 101
Trd, 2591773.563, 103
Trd, 2591774.296, 100
Trd, 2591774.863, 100
Trd, 2591775.479, 100
Trd, 2591775.696, 100
Trd, 2591775.929, 100
Trd, 2591776.179, 100
Trd, 2591776.279, 100
Trd, 2591776.329, 100
Trd, 2591776.463, 101
Trd, 2591776.879, 101
Trd, 2591777.213, 101
Trd, 2591777.846, 100
Trd, 2591778.079, 102
Trd, 2591779.496, 100
Trd, 2591779.729, 102
Trd, 2591779.779, 102
Trd, 2591781.429, 100
Trd, 2591781.779, 100
Trd, 2591782.213, 100
Trd, 2591782.296, 100
Trd, 2591782.346, 101
Trd, 2591782.813, 106
Trd, 2591783.096, 107
Trd, 2591783.163, 107
Trd, 2591783.346, 110
Trd, 2591783.563, 111
Trd, 2591783.813, 116
Trd, 2591784.329, 133
Trd, 2591784.529, 108
Trd, 2591784.629, 126
Trd, 2591785.079, 118
Trd, 2591787.313, 150
Trd, 2591787.813, 150
Trd, 2591788.029, 150
Trd, 2591788.213, 150
Trd, 2591788.246, 150
Trd, 2591788.746, 147
Trd, 2591788.963, 148
Trd, 2591789.279, 150
Trd, 2591789.296, 147
Trd, 2591789.696, 149
Trd, 2591789.746, 144
Trd, 2591790.096, 102
Trd, 2591790.129, 108
Trd, 2591791.163, 150
Trd, 2591791.263, 150
Trd, 2591791.379, 107
Trd, 2591791.829, 108
Trd, 2591792.713, 150
Trd, 2591792.779, 150
Trd, 2591792.879, 150
Trd, 2591792.913, 147
Trd, 2591793.696, 149
Trd, 2591794.029, 150
Trd, 2591794.079, 150
Trd, 2591795.063, 150
Trd, 2591795.096, 150
Trd, 2591795.146, 150
Trd, 2591795.596, 150
Trd, 2591796.079, 148
Trd, 2591796.196, 149
Trd, 2591796.579, 149
Trd, 2591797.063, 149
Trd, 2591797.679, 150
Trd, 2591798.263, 150
Trd, 2591799.746, 150
Trd, 2591800.396, 150
Trd, 2591800.779, 150
Trd, 2591800.863, 150
Trd, 2591801.296, 148
Trd, 2591801.596, 147
Trd, 2591801.863, 147
Trd, 2591802.613, 146
Trd, 2591803.213, 150
Trd, 2591803.846, 150
Trd, 2591804.279, 146
Trd, 2591804.379, 146
Trd, 2591804.646, 141
Trd, 2591804.963, 142
Trd, 2591805.079, 103
Trd, 2591805.279, 144
Trd, 2591805.429, 137
Trd, 2591805.913, 144
Trd, 2591806.246, 107
Trd, 2591806.779, 139
Trd, 2591807.579, 125
Trd, 2591807.946, 144
Trd, 2591808.013, 126
Trd, 2591808.696, 142
Trd, 2591808.796, 143
Trd, 2591810.046, 150
Trd, 2591810.913, 150
Trd, 2591811.529, 150
Trd, 2591811.579, 150
Trd, 2591811.646, 150
Trd, 2591811.996, 149
Trd, 2591812.296, 147
Trd, 2591812.446, 148
Trd, 2591812.563, 145
Trd, 2591812.846, 149
Trd, 2591813.196, 146
Trd, 2591813.379, 142
Trd, 2591813.413, 141
Trd, 2591813.879, 127
Trd, 2591813.996, 146
Trd, 2591814.013, 125
Trd, 2591814.129, 147
Trd, 2591814.563, 100
Trd, 2591814.646, 101
Trd, 2591814.896, 147
Trd, 2591815.613, 138
Trd, 2591816.579, 149
Trd, 2591816.896, 149
Trd, 2591817.063, 140
Trd, 2591817.313, 139
Trd, 2591819.813, 150
Trd, 2591819.879, 150
Trd, 2591820.146, 150
Trd, 2591820.279, 150
Trd, 2591820.896, 150
Trd, 2591821.196, 150
Trd, 2591821.846, 150
Trd, 2591821.946, 150
Trd, 2591821.979, 150
Trd, 2591822.163, 150
Trd, 2591822.479, 150
Trd, 2591822.579, 149
Trd, 2591822.763, 150
Trd, 2591822.813, 149
Trd, 2591823.179, 146
Trd, 2591823.296, 141
Trd, 2591823.879, 149
Trd, 2591823.896, 139
Trd, 2591824.379, 148
Trd, 2591825.013, 100
Trd, 2591825.079, 102
Trd, 2591825.813, 101
Trd, 2591826.513, 101
Trd, 2591826.763, 121
Trd, 2591826.796, 116
Trd, 2591827.096, 117
Trd, 2591827.513, 150
Trd, 2591827.663, 144
Trd, 2591829.379, 150
Trd, 2591829.396, 150
Trd, 2591829.663, 150
Trd, 2591829.979, 150
Trd, 2591830.096, 149
Trd, 2591830.196, 150
Trd, 2591830.813, 150
Trd, 2591831.213, 150
Trd, 2591832.729, 150
Trd, 2591832.996, 150
Trd, 2591833.063, 148
Trd, 2591833.163, 145
Trd, 2591833.179, 120
Trd, 2591833.213, 102
Trd, 2591833.379, 150
Trd, 2591833.713, 146
Trd, 2591833.946, 146
Trd, 2591834.129, 149
Trd, 2591835.079, 147
Trd, 2591835.246, 149
Trd, 2591835.463, 146
Trd, 2591835.996, 126
Trd, 2591837.396, 149
Trd, 2591837.596, 148
Trd, 2591838.429, 150
Trd, 2591838.696, 150
Trd, 2591839.413, 150
Trd, 2591840.813, 150
Trd, 2591841.029, 150
Trd, 2591841.046, 150
Trd, 2591841.063, 150
Trd, 2591841.363, 150
Trd, 2591841.379, 149
Trd, 2591841.396, 149
Trd, 2591841.913, 149
Trd, 2591841.929, 148
Trd, 2591841.946, 144
Trd, 2591843.196, 129
Trd, 2591843.263, 142
Trd, 2591844.596, 130
Trd, 2591845.063, 129
Trd, 2591845.229, 136
Trd, 2591845.663, 127
Trd, 2591846.329, 127
Trd, 2591846.613, 125
Trd, 2591847.146, 123
Trd, 2591847.163, 124
Trd, 2591847.213, 108
Trd, 2591847.713, 122
Trd, 2591847.746, 102
Trd, 2591849.063, 100
Trd, 2591849.096, 100
Trd, 2591849.263, 100
Trd, 2591849.313, 100
Trd, 2591850.379, 100
Trd, 2591850.429, 100
Trd, 2591850.679, 103
Trd, 2591851.146, 104
Trd, 2591851.379, 105
Trd, 2591851.413, 107
Trd, 2591851.779, 113
Trd, 2591852.113, 116
Trd, 2591852.679, 106
Trd, 2591852.763, 107
Trd, 2591852.846, 107
Trd, 2591853.046, 106
Trd, 2591853.146, 105
Trd, 2591853.263, 109
Trd, 2591853.463, 143
Trd, 2591853.729, 134
Trd, 2591854.029, 104
Trd, 2591854.196, 106
Trd, 2591854.896, 106
Trd, 2591857.263, 150
Trd, 2591857.429, 150
Trd, 2591857.596, 150
Trd, 2591857.713, 150
Trd, 2591857.863, 150
Trd, 2591857.913, 150
Trd, 2591859.063, 150
Trd, 2591859.079, 149
Trd, 2591860.213, 149
Trd, 2591860.246, 150
Trd, 2591860.796, 145
Trd, 2591861.946, 146
Trd, 2591862.279, 145
Trd, 2591862.396, 144
Trd, 2591862.446, 148
Trd, 2591862.929, 147
Trd, 2591863.279, 144
Trd, 2591863.296, 147
Trd, 2591863.396, 127
Trd, 2591863.596, 126
Trd, 2591863.963, 146
Trd, 2591864.063, 104
Trd, 2591864.163, 104
Trd, 2591865.129, 143
Trd, 2591865.179, 133
Trd, 2591865.213, 131
Trd, 2591865.946, 100
Trd, 2591867.763, 100
Trd, 2591868.246, 100
Trd, 2591868.363, 100
Trd, 2591868.413, 102
Trd, 2591868.646, 102
Trd, 2591869.079, 101
Trd, 2591869.279, 100
Trd, 2591869.363, 108
Trd, 2591869.846, 150
Trd, 2591870.013, 150
Trd, 2591870.063, 145
Trd, 2591871.796, 122
Trd, 2591871.929, 125
Trd, 2591872.463, 112
Trd, 2591872.513, 124
Trd, 2591872.896, 112
Trd, 2591873.213, 115
Trd, 2591873.329, 120
Trd, 2591873.663, 122
Trd, 2591873.829, 122
Trd, 2591873.929, 114
Trd, 2591875.029, 121
Trd, 2591875.096, 121
Trd, 2591875.363, 120
Trd, 2591875.846, 118
Trd, 2591876.113, 117
Trd, 2591876.396, 117
Trd, 2591876.579, 118
Trd, 2591876.846, 118
Trd, 2591877.013, 117
Trd, 2591877.079, 113
Trd, 2591877.579, 119
Trd, 2591878.179, 101
Trd, 2591878.896, 111
Trd, 2591878.963, 146
Trd, 2591879.629, 100
Trd, 2591879.813, 100
Trd, 2591880.229, 100
Trd, 2591880.346, 100
Trd, 2591880.429, 101
Trd, 2591881.046, 105
Trd, 2591881.113, 106
Trd, 2591881.163, 107
Trd, 2591881.813, 150
Trd, 2591882.679, 150
Trd, 2591883.113, 150
Trd, 2591883.213, 150
Trd, 2591883.596, 149
Trd, 2591883.696, 148
Trd, 2591884.296, 150
Trd, 2591884.396, 150
Trd, 2591885.063, 133
Trd, 2591885.246, 117
Trd, 2591885.696, 142
Trd, 2591885.896, 143
Trd, 2591886.363, 143
Trd, 2591887.046, 105
Trd, 2591887.413, 105
Trd, 2591887.429, 103
Trd, 2591887.846, 100
Trd, 2591887.979, 140
Trd, 2591888.663, 100
Trd, 2591889.096, 101
Trd, 2591890.113, 101
Trd, 2591890.163, 102
Trd, 2591890.763, 103
Trd, 2591890.896, 103
Trd, 2591891.146, 104
Trd, 2591891.279, 104
Trd, 2591891.713, 108
Trd, 2591892.046, 109
Trd, 2591892.063, 107
Trd, 2591892.663, 113
Trd, 2591893.579, 104
Trd, 2591893.863, 105
Trd, 2591893.896, 114
Trd, 2591893.996, 138
Trd, 2591894.529, 122
Trd, 2591894.579, 148
Trd, 2591894.679, 104
Trd, 2591895.196, 150
Trd, 2591896.229, 150
Trd, 2591896.863, 150
Trd, 2591896.879, 149
Trd, 2591896.963, 149
Trd, 2591897.146, 150
Trd, 2591897.296, 144
Trd, 2591897.596, 150
Trd, 2591897.763, 149
Trd, 2591897.913, 108
Trd, 2591899.279, 142
Trd, 2591899.596, 144
Trd, 2591900.296, 144
Trd, 2591900.313, 145
Trd, 2591900.629, 147
Trd, 2591901.346, 146
Trd, 2591901.546, 144
Trd, 2591902.146, 145
Trd, 2591902.229, 144
Trd, 2591902.496, 137
Trd, 2591902.546, 146
Trd, 2591903.096, 146
Trd, 2591903.846, 107
Trd, 2591904.196, 150
Trd, 2591904.896, 150
Trd, 2591905.046, 150
Trd, 2591905.679, 150
Trd, 2591907.013, 150
Trd, 2591907.113, 150
Trd, 2591907.346, 146
Trd, 2591907.563, 131
Trd, 2591907.579, 127
Trd, 2591907.913, 145
Trd, 2591908.746, 140
Trd, 2591909.263, 141
Trd, 2591909.929, 101
Trd, 2591909.996, 100
Trd, 2591910.263, 109
Trd, 2591910.313, 110
Trd, 2591910.346, 150
Trd, 2591910.913, 150
Trd, 2591911.129, 150
Trd, 2591911.229, 150
Trd, 2591911.296, 150
Trd, 2591912.129, 150
Trd, 2591912.513, 150
Trd, 2591912.629, 150
Trd, 2591913.113, 150
Trd, 2591913.663, 150
Trd, 2591914.296, 150
Trd, 2591914.696, 150
Trd, 2591915.013, 150
Trd, 2591915.213, 150
Trd, 2591915.846, 150
Trd, 2591916.163, 150
Trd, 2591916.746, 150
Trd, 2591916.963, 150
Trd, 2591917.029, 149
Trd, 2591917.296, 149
Trd, 2591917.579, 150
Trd, 2591917.796, 148
Trd, 2591918.296, 149
Trd, 2591918.563, 150
Trd, 2591919.379, 150
Trd, 2591919.629, 150
Trd, 2591920.396, 145
Trd, 2591921.063, 150
Trd, 2591921.496, 149
Trd, 2591921.779, 130
Trd, 2591921.846, 124
Trd, 2591922.829, 123
Trd, 2591922.929, 121
Trd, 2591923.163, 117
Trd, 2591923.879, 150
Trd, 2591924.196, 126
Trd, 2591924.413, 112
Trd, 2591924.979, 100
Trd, 2591925.263, 100
Trd, 2591925.863, 100
Trd, 2591925.929, 100
Trd, 2591926.079, 100
Trd, 2591926.196, 103
Trd, 2591926.563, 100
Trd, 2591927.179, 100
Trd, 2591929.079, 100
Trd, 2591929.163, 100
Trd, 2591929.196, 100
Trd, 2591929.513, 100
Trd, 2591929.729, 104
Trd, 2591929.813, 101
Trd, 2591930.146, 101
Trd, 2591931.279, 103
Trd, 2591931.979, 100
Trd, 2591932.063, 104
Trd, 2591932.179, 105
Trd, 2591932.596, 105
Trd, 2591933.029, 108
Trd, 2591933.196, 110
Trd, 2591933.313, 110
Trd, 2591933.413, 133
Trd, 2591933.613, 121
Trd, 2591934.263, 144
Trd, 2591934.696, 149
Trd, 2591934.913, 148
Trd, 2591935.246, 150
Trd, 2591935.613, 150
Trd, 2591935.679, 147
Trd, 2591935.896, 138
Trd, 2591936.679, 150
Trd, 2591940.113, 150
Trd, 2591940.129, 150
Trd, 2591940.163, 150
Trd, 2591941.379, 150
Trd, 2591942.179, 150
Trd, 2591942.446, 150
Trd, 2591942.579, 150
Trd, 2591942.996, 150
Trd, 2591943.146, 150
Trd, 2591943.446, 150
Trd, 2591943.613, 150
Trd, 2591943.829, 149
Trd, 2591943.846, 149
Trd, 2591943.946, 150
Trd, 2591944.179, 149
Trd, 2591944.346, 149
Trd, 2591944.813, 150
Trd, 2591945.196, 144
Trd, 2591945.663, 150
Trd, 2591945.763, 137
Trd, 2591945.946, 136
Trd, 2591946.496, 142
Trd, 2591947.029, 147
Trd, 2591947.129, 112
Trd, 2591947.413, 149
Trd, 2591948.029, 150
Trd, 2591948.946, 149
Trd, 2591948.963, 148
Trd, 2591950.029, 150
Trd, 2591950.329, 146
Trd, 2591950.429, 144
Trd, 2591950.529, 117
Trd, 2591950.896, 126
Trd, 2591951.263, 148
Trd, 2591951.646, 149
Trd, 2591952.663, 143
Trd, 2591952.779, 145
Trd, 2591953.146, 148
Trd, 2591953.196, 120
Trd, 2591953.263, 119
Trd, 2591953.579, 119
Trd, 2591953.963, 120
Trd, 2591954.713, 137
Trd, 2591954.763, 141
Trd, 2591954.813, 145
Trd, 2591955.363, 143
Trd, 2591955.379, 138
Trd, 2591955.929, 146
Trd, 2591955.979, 121
Trd, 2591956.679, 145
Trd, 2591956.763, 145
Trd, 2591956.963, 146
Trd, 2591957.329, 139
Trd, 2591957.929, 122
Trd, 2591957.979, 144
Trd, 2591958.313, 145
Trd, 2591958.629, 121
Trd, 2591958.829, 103
Trd, 2591958.846, 106
Trd, 2591960.629, 100
Trd, 2591960.796, 101
Trd, 2591960.963, 101
Trd, 2591961.413, 100
Trd, 2591962.579, 100
Trd, 2591962.896, 100
Trd, 2591962.996, 100
Trd, 2591963.079, 100
Trd, 2591963.396, 103
Trd, 2591964.713, 100
Trd, 2591964.929, 100
Trd, 2591965.013, 100
Trd, 2591965.129, 100
Trd, 2591965.329, 104
Trd, 2591965.463, 102
Trd, 2591965.796, 104
Trd, 2591965.996, 148
Trd, 2591966.179, 149
Trd, 2591966.263, 103
Trd, 2591967.546, 149
Trd, 2591967.963, 150
Trd, 2591968.463, 150
Trd, 2591968.496, 150
Trd, 2591968.746, 139
Trd, 2591968.979, 116
Trd, 2591969.679, 124
Trd, 2591970.213, 132
Trd, 2591970.596, 124
Trd, 2591970.863, 130
Trd, 2591971.413, 127
Trd, 2591972.063, 125
Trd, 2591972.246, 123
Trd, 2591972.613, 114
Trd, 2591972.796, 125
Trd, 2591973.229, 125
Trd, 2591973.396, 123
Trd, 2591973.513, 131
Trd, 2591973.779, 100
Trd, 2591974.596, 150
Trd, 2591975.846, 103
Trd, 2591975.863, 116
Trd, 2591976.063, 116
Trd, 2591976.096, 113
Trd, 2591976.413, 100
Trd, 2591976.879, 114
Trd, 2591977.196, 114
Trd, 2591977.696, 101
Trd, 2591977.713, 114
Trd, 2591978.029, 114
Trd, 2591978.396, 101
Trd, 2591978.796, 116
Trd, 2591978.896, 103
Trd, 2591978.929, 100
Trd, 2591979.729, 147
Trd, 2591980.246, 150
Trd, 2591980.879, 150
Trd, 2591981.413, 150
Trd, 2591981.979, 149
Trd, 2591982.029, 148
Trd, 2591982.413, 122
Trd, 2591982.713, 145
Trd, 2591982.913, 120
Trd, 2591983.063, 113
Trd, 2591983.413, 136
Trd, 2591984.079, 128
Trd, 2591984.479, 112
Trd, 2591987.279, 100
Trd, 2591987.563, 100
Trd, 2591988.763, 100
Trd, 2591989.346, 100
Trd, 2591989.729, 100
Trd, 2591989.879, 100
Trd, 2591989.929, 100
Trd, 2591990.163, 100
Trd, 2591990.296, 100
Trd, 2591990.496, 100
Trd, 2591990.529, 100
Trd, 2591990.613, 100
Trd, 2591990.796, 101
Trd, 2591991.863, 105
Trd, 2591991.963, 104
Trd, 2591992.196, 104
Trd, 2591992.296, 103
Trd, 2591992.346, 105
Trd, 2591992.479, 103
Trd, 2591992.829, 103
Trd, 2591992.846, 112
Trd, 2591992.896, 123
Trd, 2591994.429, 150
Trd, 2591994.496, 150
Trd, 2591994.696, 150
Trd, 2591994.846, 150
Trd, 2591996.279, 150
Trd, 2591998.296, 150
Trd, 2591998.463, 150
Trd, 2591998.546, 150
Trd, 2591998.596, 150
Trd, 2591999.146, 150
Trd, 2591999.196, 150
Trd, 2591999.329, 150
Trd, 2591999.563, 150
Trd, 2591999.829, 150
