Trd, 2590840.929, 129
Trd, 2590841.129, 124
Trd, 2590841.379, 150
Trd, 2590841.396, 116
Trd, 2590841.463, 150
Trd, 2590841.546, 114
Trd, 2590841.646, 150
Trd, 2590842.396, 115
Trd, 2590842.429, 144
Trd, 2590843.613, 100
Trd, 2590844.096, 100
Trd, 2590844.229, 100
Trd, 2590845.013, 119
Trd, 2590845.229, 103
Trd, 2590845.513, 118
Trd, 2590845.579, 106
Trd, 2590846.146, 121
Trd, 2590846.429, 122
Trd, 2590847.063, 114
Trd, 2590847.246, 114
Trd, 2590847.413, 139
Trd, 2590847.829, 131
Trd, 2590848.046, 137
Trd, 2590848.379, 149
Trd, 2590850.513, 135
Trd, 2590850.646, 135
Trd, 2590850.763, 139
Trd, 2590851.063, 134
Trd, 2590851.663, 132
Trd, 2590851.746, 134
Trd, 2590852.029, 133
Trd, 2590852.763, 115
Trd, 2590853.046, 115
Trd, 2590854.029, 122
Trd, 2590855.263, 118
Trd, 2590855.579, 103
Trd, 2590855.979, 115
Trd, 2590856.563, 116
Trd, 2590856.813, 109
Trd, 2590856.929, 109
Trd, 2590857.079, 119
Trd, 2590857.229, 110
Trd, 2590857.263, 109
Trd, 2590857.613, 111
Trd, 2590858.063, 114
Trd, 2590858.246, 109
Trd, 2590858.763, 103
Trd, 2590858.896, 102
Trd, 2590858.946, 111
Trd, 2590859.663, 100
Trd, 2590859.879, 100
Trd, 2590860.096, 100
Trd, 2590860.446, 100
Trd, 2590861.113, 102
Trd, 2590861.213, 102
Trd, 2590861.963, 149
Trd, 2590861.979, 149
Trd, 2590862.013, 150
Trd, 2590862.279, 103
Trd, 2590862.946, 150
Trd, 2590863.129, 150
Trd, 2590863.146, 148
Trd, 2590863.346, 135
Trd, 2590863.546, 135
Trd, 2590863.796, 122
Trd, 2590863.863, 121
Trd, 2590864.079, 121
Trd, 2590864.246, 113
Trd, 2590866.363, 150
Trd, 2590867.029, 150
Trd, 2590867.479, 150
Trd, 2590868.379, 150
Trd, 2590868.829, 150
Trd, 2590868.896, 149
Trd, 2590869.029, 148
Trd, 2590869.146, 148
Trd, 2590869.546, 122
Trd, 2590869.813, 142
Trd, 2590870.146, 139
Trd, 2590870.196, 139
Trd, 2590870.329, 122
Trd, 2590871.129, 100
Trd, 2590872.029, 100
Trd, 2590872.379, 100
Trd, 2590872.463, 101
Trd, 2590872.679, 100
Trd, 2590872.946, 101
Trd, 2590873.963, 133
Trd, 2590873.996, 132
Trd, 2590874.396, 120
Trd, 2590874.413, 117
Trd, 2590874.713, 142
Trd, 2590875.029, 144
Trd, 2590875.629, 150
Trd, 2590877.779, 150
Trd, 2590877.813, 150
Trd, 2590877.929, 150
Trd, 2590878.196, 149
Trd, 2590878.279, 150
Trd, 2590878.563, 149
Trd, 2590878.696, 148
Trd, 2590878.779, 149
Trd, 2590879.329, 147
Trd, 2590879.513, 149
Trd, 2590879.696, 131
Trd, 2590880.146, 146
Trd, 2590880.346, 107
Trd, 2590881.646, 100
Trd, 2590881.713, 100
Trd, 2590881.796, 105
Trd, 2590882.229, 106
Trd, 2590882.296, 125
Trd, 2590882.696, 102
Trd, 2590882.996, 107
Trd, 2590883.213, 103
Trd, 2590883.429, 146
Trd, 2590884.063, 104
Trd, 2590884.079, 146
Trd, 2590884.446, 114
Trd, 2590885.063, 144
Trd, 2590885.429, 113
Trd, 2590888.113, 101
Trd, 2590888.563, 101
Trd, 2590888.979, 100
Trd, 2590889.129, 100
Trd, 2590889.213, 101
Trd, 2590889.496, 100
Trd, 2590889.779, 100
Trd, 2590890.096, 100
Trd, 2590890.196, 101
Trd, 2590890.913, 100
Trd, 2590891.163, 103
Trd, 2590891.279, 102
Trd, 2590891.346, 102
Trd, 2590891.396, 103
Trd, 2590891.429, 101
Trd, 2590891.679, 102
Trd, 2590891.763, 103
Trd, 2590892.596, 104
Trd, 2590892.713, 105
Trd, 2590894.113, 109
Trd, 2590894.263, 109
Trd, 2590894.363, 108
Trd, 2590894.496, 107
Trd, 2590894.613, 111
Trd, 2590894.713, 106
Trd, 2590894.979, 103
Trd, 2590895.546, 104
Trd, 2590896.979, 100
Trd, 2590897.646, 100
Trd, 2590897.813, 100
Trd, 2590898.163, 100
Trd, 2590898.429, 100
Trd, 2590899.046, 105
Trd, 2590899.246, 104
Trd, 2590899.363, 102
Trd, 2590899.529, 106
Trd, 2590899.613, 109
Trd, 2590899.996, 102
Trd, 2590900.446, 101
Trd, 2590900.513, 105
Trd, 2590900.629, 107
Trd, 2590900.963, 103
Trd, 2590900.979, 102
Trd, 2590901.063, 114
Trd, 2590901.079, 110
Trd, 2590901.813, 102
Trd, 2590902.079, 104
Trd, 2590902.313, 105
Trd, 2590902.379, 105
Trd, 2590902.546, 104
Trd, 2590903.113, 104
Trd, 2590903.429, 105
Trd, 2590904.163, 101
Trd, 2590905.179, 122
Trd, 2590905.213, 123
Trd, 2590905.596, 107
Trd, 2590906.096, 106
Trd, 2590906.179, 105
Trd, 2590907.113, 105
Trd, 2590907.746, 100
Trd, 2590907.813, 100
Trd, 2590908.429, 110
Trd, 2590908.563, 109
Trd, 2590909.846, 100
Trd, 2590910.129, 100
Trd, 2590910.279, 104
Trd, 2590910.546, 100
Trd, 2590910.629, 105
Trd, 2590910.663, 106
Trd, 2590911.113, 138
Trd, 2590911.329, 102
Trd, 2590911.629, 103
Trd, 2590911.779, 103
Trd, 2590911.879, 103
Trd, 2590911.913, 102
Trd, 2590912.163, 102
Trd, 2590912.729, 100
Trd, 2590914.196, 100
Trd, 2590914.413, 100
Trd, 2590914.679, 102
Trd, 2590915.113, 101
Trd, 2590915.163, 104
Trd, 2590915.746, 100
Trd, 2590916.196, 100
Trd, 2590916.413, 101
Trd, 2590916.513, 100
Trd, 2590916.696, 102
Trd, 2590916.863, 102
Trd, 2590917.313, 100
Trd, 2590918.113, 103
Trd, 2590918.163, 101
Trd, 2590918.263, 102
Trd, 2590918.613, 102
Trd, 2590918.979, 101
Trd, 2590919.829, 101
Trd, 2590920.029, 103
Trd, 2590920.646, 130
Trd, 2590921.913, 150
Trd, 2590923.046, 150
Trd, 2590924.046, 150
Trd, 2590924.479, 150
Trd, 2590924.896, 150
Trd, 2590925.229, 150
Trd, 2590926.163, 150
Trd, 2590926.313, 150
Trd, 2590927.529, 150
Trd, 2590927.579, 150
Trd, 2590928.079, 150
Trd, 2590928.179, 150
Trd, 2590928.279, 150
Trd, 2590928.329, 150
Trd, 2590928.363, 148
Trd, 2590928.463, 148
Trd, 2590928.613, 148
Trd, 2590928.863, 135
Trd, 2590929.279, 143
Trd, 2590929.779, 144
Trd, 2590929.863, 144
Trd, 2590930.046, 144
Trd, 2590930.363, 141
Trd, 2590930.413, 128
Trd, 2590931.013, 124
Trd, 2590931.413, 128
Trd, 2590931.663, 142
Trd, 2590932.213, 124
Trd, 2590932.563, 100
Trd, 2590932.596, 101
Trd, 2590932.763, 100
Trd, 2590933.213, 100
Trd, 2590933.446, 101
Trd, 2590934.296, 106
Trd, 2590934.546, 105
Trd, 2590934.646, 108
Trd, 2590935.179, 105
Trd, 2590936.496, 150
Trd, 2590936.696, 150
Trd, 2590937.196, 150
Trd, 2590937.479, 150
Trd, 2590937.729, 150
Trd, 2590937.779, 150
Trd, 2590938.113, 133
Trd, 2590938.246, 132
Trd, 2590938.563, 150
Trd, 2590939.563, 150
Trd, 2590940.279, 150
Trd, 2590940.429, 150
Trd, 2590940.646, 150
Trd, 2590940.846, 150
Trd, 2590940.879, 150
Trd, 2590942.329, 150
Trd, 2590942.746, 150
Trd, 2590944.229, 149
Trd, 2590944.513, 150
Trd, 2590944.913, 150
Trd, 2590945.229, 148
Trd, 2590945.563, 148
Trd, 2590945.579, 131
Trd, 2590945.829, 132
Trd, 2590946.513, 143
Trd, 2590946.696, 141
Trd, 2590947.179, 138
Trd, 2590947.396, 138
Trd, 2590947.479, 142
Trd, 2590948.029, 139
Trd, 2590948.246, 138
Trd, 2590948.279, 140
Trd, 2590948.513, 132
Trd, 2590949.146, 135
Trd, 2590949.329, 136
Trd, 2590949.813, 131
Trd, 2590949.896, 125
Trd, 2590949.996, 119
Trd, 2590950.563, 134
Trd, 2590950.646, 119
Trd, 2590951.146, 134
Trd, 2590951.163, 111
Trd, 2590951.846, 101
Trd, 2590952.163, 104
Trd, 2590952.463, 102
Trd, 2590952.479, 105
Trd, 2590952.713, 100
Trd, 2590952.913, 100
Trd, 2590954.429, 100
Trd, 2590954.746, 100
Trd, 2590955.246, 100
Trd, 2590955.313, 103
Trd, 2590956.079, 104
Trd, 2590956.279, 104
Trd, 2590956.429, 103
Trd, 2590956.746, 101
Trd, 2590957.179, 100
Trd, 2590957.629, 100
Trd, 2590957.713, 100
Trd, 2590957.829, 101
Trd, 2590958.229, 100
Trd, 2590958.529, 100
Trd, 2590958.879, 106
Trd, 2590959.063, 110
Trd, 2590959.163, 101
Trd, 2590959.729, 130
Trd, 2590960.546, 113
Trd, 2590960.679, 114
Trd, 2590961.146, 139
Trd, 2590961.496, 140
Trd, 2590962.329, 128
Trd, 2590962.546, 136
Trd, 2590963.546, 133
Trd, 2590963.563, 138
Trd, 2590964.313, 150
Trd, 2590964.329, 150
Trd, 2590965.379, 150
Trd, 2590965.829, 150
Trd, 2590966.279, 150
Trd, 2590966.313, 150
Trd, 2590966.429, 150
Trd, 2590966.546, 150
Trd, 2590966.596, 150
Trd, 2590967.546, 150
Trd, 2590967.679, 150
Trd, 2590968.179, 150
Trd, 2590968.346, 150
Trd, 2590968.946, 150
Trd, 2590969.029, 148
Trd, 2590969.046, 143
Trd, 2590969.263, 127
Trd, 2590969.846, 122
Trd, 2590970.429, 121
Trd, 2590970.796, 114
Trd, 2590970.929, 107
Trd, 2590971.529, 100
Trd, 2590971.896, 116
Trd, 2590972.913, 148
Trd, 2590973.596, 107
Trd, 2590974.296, 106
Trd, 2590974.429, 107
Trd, 2590974.829, 107
Trd, 2590975.479, 103
Trd, 2590975.496, 104
Trd, 2590975.679, 107
Trd, 2590976.229, 101
Trd, 2590976.363, 102
Trd, 2590976.779, 101
Trd, 2590976.929, 102
Trd, 2590977.113, 103
Trd, 2590977.513, 108
Trd, 2590977.679, 109
Trd, 2590978.946, 150
Trd, 2590979.179, 150
Trd, 2590979.963, 150
Trd, 2590980.029, 150
Trd, 2590980.446, 150
Trd, 2590980.696, 150
Trd, 2590982.463, 150
Trd, 2590982.979, 150
Trd, 2590983.646, 150
Trd, 2590984.979, 150
Trd, 2590985.179, 150
Trd, 2590985.313, 150
Trd, 2590985.663, 150
Trd, 2590985.779, 150
Trd, 2590986.079, 150
Trd, 2590986.329, 148
Trd, 2590986.396, 149
Trd, 2590986.546, 144
Trd, 2590986.713, 133
Trd, 2590987.096, 115
Trd, 2590987.679, 116
Trd, 2590988.046, 113
Trd, 2590988.313, 113
Trd, 2590988.529, 113
Trd, 2590988.863, 112
Trd, 2590989.046, 113
Trd, 2590989.963, 101
Trd, 2590990.413, 111
Trd, 2590990.846, 108
Trd, 2590991.013, 109
Trd, 2590991.179, 110
Trd, 2590991.196, 111
Trd, 2590991.313, 104
Trd, 2590991.413, 104
Trd, 2590991.463, 103
Trd, 2590991.863, 131
Trd, 2590992.179, 150
Trd, 2590992.579, 150
Trd, 2590992.713, 150
Trd, 2590992.846, 150
Trd, 2590993.163, 150
Trd, 2590993.546, 149
Trd, 2590993.846, 150
Trd, 2590995.096, 150
Trd, 2590995.679, 150
Trd, 2590995.896, 135
Trd, 2590996.479, 140
Trd, 2590997.079, 147
Trd, 2590997.346, 134
Trd, 2590998.229, 113
Trd, 2590998.629, 100
Trd, 2590999.296, 100
Trd, 2590999.829, 100
Trd, 2591000.396, 100
Trd, 2591000.963, 100
Trd, 2591001.229, 100
Trd, 2591001.946, 100
Trd, 2591001.996, 100
Trd, 2591002.046, 100
Trd, 2591002.146, 101
Trd, 2591002.296, 101
Trd, 2591002.446, 100
Trd, 2591002.679, 101
Trd, 2591002.929, 101
Trd, 2591004.096, 101
Trd, 2591004.229, 100
Trd, 2591004.296, 101
Trd, 2591004.363, 101
Trd, 2591005.046, 100
Trd, 2591005.913, 101
Trd, 2591006.263, 102
Trd, 2591006.329, 101
Trd, 2591006.463, 100
Trd, 2591006.479, 103
Trd, 2591007.446, 101
Trd, 2591007.596, 100
Trd, 2591007.863, 101
Trd, 2591007.963, 101
Trd, 2591008.063, 102
Trd, 2591008.829, 104
Trd, 2591009.063, 103
Trd, 2591009.196, 104
Trd, 2591009.246, 102
Trd, 2591009.396, 105
Trd, 2591009.796, 106
Trd, 2591010.079, 101
Trd, 2591011.346, 102
Trd, 2591011.529, 102
Trd, 2591011.629, 104
Trd, 2591011.929, 100
Trd, 2591011.979, 105
Trd, 2591012.079, 127
Trd, 2591012.829, 101
Trd, 2591013.513, 115
Trd, 2591013.696, 117
Trd, 2591013.846, 102
Trd, 2591014.046, 148
Trd, 2591014.529, 115
Trd, 2591014.663, 113
Trd, 2591017.829, 146
Trd, 2591018.296, 144
Trd, 2591018.663, 148
Trd, 2591018.963, 149
Trd, 2591019.029, 148
Trd, 2591019.563, 148
Trd, 2591019.929, 150
Trd, 2591020.013, 150
Trd, 2591020.046, 149
Trd, 2591020.063, 148
Trd, 2591020.363, 145
Trd, 2591020.446, 145
Trd, 2591020.679, 147
Trd, 2591020.729, 148
Trd, 2591020.963, 144
Trd, 2591020.979, 129
Trd, 2591021.329, 116
Trd, 2591022.096, 120
Trd, 2591022.146, 114
Trd, 2591022.396, 103
Trd, 2591023.163, 103
Trd, 2591023.713, 100
Trd, 2591023.829, 100
Trd, 2591023.879, 100
Trd, 2591024.329, 100
Trd, 2591024.446, 102
Trd, 2591024.663, 101
Trd, 2591024.979, 150
Trd, 2591025.246, 150
Trd, 2591025.629, 150
Trd, 2591025.929, 150
Trd, 2591026.063, 150
Trd, 2591026.496, 150
Trd, 2591027.446, 150
Trd, 2591027.629, 150
Trd, 2591028.279, 150
Trd, 2591028.329, 150
Trd, 2591028.646, 150
Trd, 2591028.946, 147
Trd, 2591029.296, 147
Trd, 2591030.029, 150
Trd, 2591030.229, 150
Trd, 2591030.713, 138
Trd, 2591030.746, 139
Trd, 2591031.146, 126
Trd, 2591032.313, 117
Trd, 2591032.579, 104
Trd, 2591032.963, 121
Trd, 2591033.196, 104
Trd, 2591033.396, 117
Trd, 2591033.963, 106
Trd, 2591034.179, 112
Trd, 2591034.563, 100
Trd, 2591035.963, 100
Trd, 2591036.329, 100
Trd, 2591036.379, 100
Trd, 2591036.463, 100
Trd, 2591036.646, 100
Trd, 2591036.813, 100
Trd, 2591037.113, 101
Trd, 2591037.313, 103
Trd, 2591037.713, 100
Trd, 2591038.429, 100
Trd, 2591038.529, 103
Trd, 2591038.863, 101
Trd, 2591039.113, 104
Trd, 2591040.896, 100
Trd, 2591041.013, 100
Trd, 2591041.063, 100
Trd, 2591041.263, 100
Trd, 2591041.313, 102
Trd, 2591041.729, 104
Trd, 2591041.913, 101
Trd, 2591042.146, 100
Trd, 2591042.579, 113
Trd, 2591043.263, 104
Trd, 2591043.629, 101
Trd, 2591043.779, 101
Trd, 2591044.246, 102
Trd, 2591044.429, 100
Trd, 2591044.679, 112
Trd, 2591045.313, 109
Trd, 2591045.346, 110
Trd, 2591045.513, 111
Trd, 2591048.563, 101
Trd, 2591048.996, 101
Trd, 2591049.096, 101
Trd, 2591049.396, 100
Trd, 2591050.013, 101
Trd, 2591050.379, 102
Trd, 2591050.479, 100
Trd, 2591050.779, 101
Trd, 2591051.129, 100
Trd, 2591051.529, 101
Trd, 2591051.746, 102
Trd, 2591051.913, 106
Trd, 2591051.929, 109
Trd, 2591052.096, 103
Trd, 2591052.363, 103
Trd, 2591052.629, 118
Trd, 2591052.796, 119
Trd, 2591052.846, 118
Trd, 2591053.179, 135
Trd, 2591053.629, 120
Trd, 2591054.146, 121
Trd, 2591054.596, 142
Trd, 2591054.779, 147
Trd, 2591055.696, 150
Trd, 2591055.729, 150
Trd, 2591056.029, 149
Trd, 2591056.579, 118
Trd, 2591056.713, 130
Trd, 2591058.363, 150
Trd, 2591058.546, 150
Trd, 2591058.863, 150
Trd, 2591059.146, 150
Trd, 2591059.396, 150
Trd, 2591059.513, 150
Trd, 2591060.246, 150
Trd, 2591060.446, 150
Trd, 2591060.479, 150
Trd, 2591060.813, 150
Trd, 2591062.646, 150
Trd, 2591062.879, 150
Trd, 2591063.213, 150
Trd, 2591064.379, 150
Trd, 2591064.613, 150
Trd, 2591064.629, 150
Trd, 2591065.413, 150
Trd, 2591065.446, 150
Trd, 2591066.379, 150
Trd, 2591066.563, 150
Trd, 2591066.579, 150
Trd, 2591066.596, 150
Trd, 2591066.613, 150
Trd, 2591066.763, 150
Trd, 2591066.913, 150
Trd, 2591067.013, 150
Trd, 2591067.496, 149
Trd, 2591067.846, 149
Trd, 2591067.979, 149
Trd, 2591068.013, 150
Trd, 2591068.296, 133
Trd, 2591069.363, 141
Trd, 2591070.163, 142
Trd, 2591070.196, 139
Trd, 2591070.346, 133
Trd, 2591070.929, 115
Trd, 2591071.379, 145
Trd, 2591071.496, 103
Trd, 2591071.963, 118
Trd, 2591071.996, 144
Trd, 2591072.763, 112
Trd, 2591072.896, 111
Trd, 2591073.396, 110
Trd, 2591073.796, 112
Trd, 2591074.613, 114
Trd, 2591074.746, 112
Trd, 2591075.229, 112
Trd, 2591075.863, 110
Trd, 2591076.196, 111
Trd, 2591076.346, 107
Trd, 2591076.646, 117
Trd, 2591076.829, 106
Trd, 2591077.479, 107
Trd, 2591077.763, 111
Trd, 2591078.663, 116
Trd, 2591078.913, 117
Trd, 2591079.546, 103
Trd, 2591079.746, 101
Trd, 2591080.363, 103
Trd, 2591080.613, 103
Trd, 2591080.663, 104
Trd, 2591080.796, 107
Trd, 2591081.163, 106
Trd, 2591081.513, 141
Trd, 2591081.713, 139
Trd, 2591081.796, 141
Trd, 2591082.479, 108
Trd, 2591082.613, 108
Trd, 2591082.663, 107
Trd, 2591082.879, 108
Trd, 2591083.596, 106
Trd, 2591084.046, 106
Trd, 2591084.296, 100
Trd, 2591084.479, 100
Trd, 2591084.846, 100
Trd, 2591085.079, 100
Trd, 2591085.496, 100
Trd, 2591085.863, 100
Trd, 2591086.429, 100
Trd, 2591086.513, 104
Trd, 2591087.413, 101
Trd, 2591087.813, 100
Trd, 2591087.846, 102
Trd, 2591088.379, 103
Trd, 2591088.929, 102
Trd, 2591089.313, 114
Trd, 2591089.513, 121
Trd, 2591089.613, 122
Trd, 2591089.713, 114
Trd, 2591089.946, 125
Trd, 2591091.096, 150
Trd, 2591091.246, 150
Trd, 2591091.296, 150
Trd, 2591091.929, 148
Trd, 2591092.696, 149
Trd, 2591092.913, 149
Trd, 2591093.496, 150
Trd, 2591093.579, 124
Trd, 2591094.646, 149
Trd, 2591094.829, 149
Trd, 2591094.846, 115
Trd, 2591095.113, 111
Trd, 2591095.213, 121
Trd, 2591095.913, 107
Trd, 2591096.013, 108
Trd, 2591096.263, 116
Trd, 2591097.596, 147
Trd, 2591097.746, 145
Trd, 2591098.113, 135
Trd, 2591099.179, 121
Trd, 2591100.046, 150
Trd, 2591100.913, 150
Trd, 2591101.029, 150
Trd, 2591101.329, 150
Trd, 2591101.363, 150
Trd, 2591101.663, 150
Trd, 2591101.746, 150
Trd, 2591101.846, 150
Trd, 2591101.879, 150
Trd, 2591102.063, 150
Trd, 2591102.113, 150
Trd, 2591102.796, 149
Trd, 2591103.979, 149
Trd, 2591104.829, 146
Trd, 2591105.246, 146
Trd, 2591105.263, 145
Trd, 2591105.463, 133
Trd, 2591105.913, 141
Trd, 2591105.979, 132
Trd, 2591106.629, 126
Trd, 2591107.413, 120
Trd, 2591107.713, 118
Trd, 2591108.079, 116
Trd, 2591108.229, 117
Trd, 2591108.596, 120
Trd, 2591108.913, 111
Trd, 2591109.296, 113
Trd, 2591109.663, 150
Trd, 2591109.929, 140
Trd, 2591110.079, 113
Trd, 2591110.779, 149
Trd, 2591111.263, 149
Trd, 2591111.279, 148
Trd, 2591111.313, 131
Trd, 2591112.363, 150
Trd, 2591112.879, 150
Trd, 2591113.013, 150
Trd, 2591114.379, 150
Trd, 2591114.979, 150
Trd, 2591115.113, 150
Trd, 2591116.246, 150
Trd, 2591116.546, 150
Trd, 2591117.563, 150
Trd, 2591117.713, 150
Trd, 2591118.179, 150
Trd, 2591118.196, 150
Trd, 2591118.229, 150
Trd, 2591118.246, 150
Trd, 2591118.329, 150
Trd, 2591118.363, 149
Trd, 2591118.563, 148
Trd, 2591118.579, 148
Trd, 2591119.563, 133
Trd, 2591119.713, 141
Trd, 2591120.029, 139
Trd, 2591120.279, 133
Trd, 2591120.413, 140
Trd, 2591120.813, 138
Trd, 2591121.063, 135
Trd, 2591121.146, 135
Trd, 2591121.663, 137
Trd, 2591121.713, 138
Trd, 2591121.829, 135
Trd, 2591122.229, 128
Trd, 2591122.279, 108
Trd, 2591123.029, 100
Trd, 2591123.096, 112
Trd, 2591123.313, 108
Trd, 2591123.913, 150
Trd, 2591124.163, 142
Trd, 2591124.263, 139
Trd, 2591125.413, 103
Trd, 2591126.213, 150
Trd, 2591126.963, 150
Trd, 2591127.129, 149
Trd, 2591127.279, 148
Trd, 2591127.696, 149
Trd, 2591127.796, 150
Trd, 2591127.829, 122
Trd, 2591129.113, 145
Trd, 2591129.296, 147
Trd, 2591129.679, 127
Trd, 2591129.896, 145
Trd, 2591129.913, 146
Trd, 2591130.146, 127
Trd, 2591130.196, 122
Trd, 2591131.013, 142
Trd, 2591131.813, 143
Trd, 2591131.979, 145
Trd, 2591132.179, 142
Trd, 2591133.463, 114
Trd, 2591133.546, 127
Trd, 2591133.763, 127
Trd, 2591135.096, 100
Trd, 2591136.013, 100
Trd, 2591137.496, 100
Trd, 2591137.646, 100
Trd, 2591137.779, 100
Trd, 2591138.063, 100
Trd, 2591138.296, 100
Trd, 2591138.329, 100
Trd, 2591138.496, 100
Trd, 2591139.079, 100
Trd, 2591139.479, 102
Trd, 2591140.763, 100
Trd, 2591140.929, 101
Trd, 2591141.479, 101
Trd, 2591141.496, 102
Trd, 2591142.013, 100
Trd, 2591142.279, 100
Trd, 2591143.329, 100
Trd, 2591143.346, 100
Trd, 2591143.446, 100
Trd, 2591143.579, 100
Trd, 2591143.996, 103
Trd, 2591144.013, 102
Trd, 2591144.063, 102
Trd, 2591144.279, 106
Trd, 2591144.763, 100
Trd, 2591145.729, 100
Trd, 2591146.113, 100
Trd, 2591146.579, 100
Trd, 2591146.613, 100
Trd, 2591146.679, 100
Trd, 2591146.879, 100
Trd, 2591147.279, 101
Trd, 2591147.729, 102
Trd, 2591147.913, 109
Trd, 2591147.946, 113
Trd, 2591148.013, 102
Trd, 2591148.046, 118
Trd, 2591148.146, 128
Trd, 2591148.646, 137
Trd, 2591149.829, 106
Trd, 2591150.963, 111
Trd, 2591151.463, 111
Trd, 2591151.579, 125
Trd, 2591152.346, 106
Trd, 2591152.613, 101
Trd, 2591152.863, 100
Trd, 2591153.246, 100
Trd, 2591154.313, 100
Trd, 2591154.613, 100
Trd, 2591155.279, 100
Trd, 2591155.429, 100
Trd, 2591155.696, 104
Trd, 2591156.179, 102
Trd, 2591156.613, 102
Trd, 2591156.629, 103
Trd, 2591156.863, 102
Trd, 2591157.129, 104
Trd, 2591157.479, 105
Trd, 2591157.629, 103
Trd, 2591158.313, 106
Trd, 2591158.596, 107
Trd, 2591158.713, 150
Trd, 2591158.779, 106
Trd, 2591160.663, 150
Trd, 2591161.246, 150
Trd, 2591161.413, 150
Trd, 2591161.646, 150
Trd, 2591162.813, 150
Trd, 2591163.196, 150
Trd, 2591163.329, 150
Trd, 2591163.379, 150
Trd, 2591163.413, 150
Trd, 2591163.429, 150
Trd, 2591163.763, 150
Trd, 2591163.879, 150
Trd, 2591164.079, 130
Trd, 2591164.163, 119
Trd, 2591164.496, 150
Trd, 2591164.929, 150
Trd, 2591165.029, 150
Trd, 2591165.163, 149
Trd, 2591166.213, 150
Trd, 2591166.629, 150
Trd, 2591166.713, 150
Trd, 2591167.496, 133
Trd, 2591168.646, 135
Trd, 2591168.763, 139
Trd, 2591168.879, 133
Trd, 2591169.263, 130
Trd, 2591169.663, 104
Trd, 2591169.846, 100
Trd, 2591170.329, 101
Trd, 2591170.463, 102
Trd, 2591170.746, 104
Trd, 2591170.763, 124
Trd, 2591171.329, 139
Trd, 2591171.413, 142
Trd, 2591172.679, 150
Trd, 2591173.113, 150
Trd, 2591173.379, 150
Trd, 2591174.146, 150
Trd, 2591174.729, 150
Trd, 2591174.779, 150
Trd, 2591175.063, 150
Trd, 2591175.396, 150
Trd, 2591175.829, 150
Trd, 2591175.879, 150
Trd, 2591175.979, 148
Trd, 2591176.263, 131
Trd, 2591176.479, 147
Trd, 2591177.029, 146
Trd, 2591178.713, 148
Trd, 2591178.879, 148
Trd, 2591179.079, 149
Trd, 2591179.096, 150
Trd, 2591179.379, 146
Trd, 2591179.829, 122
Trd, 2591179.979, 148
Trd, 2591180.113, 148
Trd, 2591180.196, 120
Trd, 2591180.763, 114
Trd, 2591181.296, 129
Trd, 2591181.379, 128
Trd, 2591181.529, 127
Trd, 2591182.013, 136
Trd, 2591182.813, 133
Trd, 2591183.129, 109
Trd, 2591183.229, 134
Trd, 2591183.446, 108
Trd, 2591183.796, 109
Trd, 2591183.996, 108
Trd, 2591184.629, 100
Trd, 2591184.979, 100
Trd, 2591185.813, 100
Trd, 2591185.913, 100
Trd, 2591186.096, 100
Trd, 2591186.279, 100
Trd, 2591186.429, 100
Trd, 2591188.279, 100
Trd, 2591188.346, 100
Trd, 2591188.379, 100
Trd, 2591188.696, 100
Trd, 2591189.013, 100
Trd, 2591189.663, 100
Trd, 2591189.829, 100
Trd, 2591190.479, 100
Trd, 2591191.496, 100
Trd, 2591191.546, 103
Trd, 2591191.663, 108
Trd, 2591192.413, 101
Trd, 2591192.696, 100
Trd, 2591192.879, 101
Trd, 2591193.263, 102
Trd, 2591193.279, 101
Trd, 2591193.879, 100
Trd, 2591194.346, 102
Trd, 2591195.563, 106
Trd, 2591195.729, 105
Trd, 2591196.146, 106
Trd, 2591196.246, 104
Trd, 2591197.163, 102
Trd, 2591197.179, 103
Trd, 2591197.263, 104
Trd, 2591198.046, 103
Trd, 2591199.546, 100
Trd, 2591199.796, 100
Trd, 2591199.813, 100
Trd, 2591200.079, 100
Trd, 2591200.296, 108
Trd, 2591200.329, 108
Trd, 2591200.696, 105
Trd, 2591200.796, 104
Trd, 2591201.029, 108
Trd, 2591201.113, 104
Trd, 2591201.479, 108
Trd, 2591201.563, 108
Trd, 2591201.646, 109
Trd, 2591201.879, 107
Trd, 2591202.113, 106
Trd, 2591202.296, 109
Trd, 2591202.529, 110
Trd, 2591202.996, 116
Trd, 2591203.379, 111
Trd, 2591204.929, 117
Trd, 2591205.313, 118
Trd, 2591205.446, 145
Trd, 2591205.479, 146
Trd, 2591206.129, 123
Trd, 2591206.829, 128
Trd, 2591207.179, 138
Trd, 2591207.313, 126
Trd, 2591207.363, 140
Trd, 2591207.963, 129
Trd, 2591208.113, 129
Trd, 2591208.363, 150
Trd, 2591208.629, 149
Trd, 2591208.746, 149
Trd, 2591209.496, 124
Trd, 2591209.763, 146
Trd, 2591210.179, 107
Trd, 2591210.579, 150
Trd, 2591210.696, 149
Trd, 2591210.746, 132
Trd, 2591211.846, 149
Trd, 2591212.163, 113
Trd, 2591212.279, 113
Trd, 2591212.329, 113
Trd, 2591212.413, 114
Trd, 2591212.846, 103
Trd, 2591213.646, 101
Trd, 2591213.779, 100
Trd, 2591214.113, 100
Trd, 2591214.146, 102
Trd, 2591214.479, 105
Trd, 2591214.946, 106
Trd, 2591215.146, 106
Trd, 2591215.646, 100
Trd, 2591216.213, 101
Trd, 2591216.846, 100
Trd, 2591216.979, 100
Trd, 2591217.346, 100
Trd, 2591217.563, 102
Trd, 2591217.613, 102
Trd, 2591218.229, 103
Trd, 2591218.896, 101
Trd, 2591219.013, 102
Trd, 2591219.263, 104
Trd, 2591219.763, 103
Trd, 2591219.929, 104
Trd, 2591220.046, 103
Trd, 2591220.479, 104
Trd, 2591220.613, 105
Trd, 2591221.863, 118
Trd, 2591222.213, 118
Trd, 2591222.496, 118
Trd, 2591222.629, 119
Trd, 2591223.079, 118
Trd, 2591223.213, 117
Trd, 2591223.529, 110
Trd, 2591223.996, 107
Trd, 2591224.646, 101
Trd, 2591224.879, 102
Trd, 2591224.929, 138
Trd, 2591225.879, 136
Trd, 2591226.096, 109
Trd, 2591226.363, 138
Trd, 2591227.263, 114
Trd, 2591227.279, 111
Trd, 2591227.396, 110
Trd, 2591227.763, 140
Trd, 2591228.729, 119
Trd, 2591229.113, 133
Trd, 2591229.563, 127
Trd, 2591229.679, 126
Trd, 2591229.896, 145
Trd, 2591231.046, 150
Trd, 2591231.113, 150
Trd, 2591233.463, 150
Trd, 2591233.529, 150
Trd, 2591233.713, 149
Trd, 2591234.013, 148
Trd, 2591234.346, 147
Trd, 2591234.929, 144
Trd, 2591235.346, 136
Trd, 2591235.846, 135
Trd, 2591236.063, 143
Trd, 2591237.113, 121
Trd, 2591237.413, 121
Trd, 2591237.463, 118
Trd, 2591238.329, 102
Trd, 2591238.563, 100
Trd, 2591238.679, 101
Trd, 2591238.813, 100
Trd, 2591239.063, 102
Trd, 2591239.196, 103
Trd, 2591239.246, 104
Trd, 2591239.613, 101
Trd, 2591240.046, 102
Trd, 2591240.279, 101
Trd, 2591240.546, 102
Trd, 2591240.796, 102
Trd, 2591240.929, 102
Trd, 2591241.229, 103
Trd, 2591241.613, 105
Trd, 2591241.663, 107
Trd, 2591242.279, 102
Trd, 2591242.663, 105
Trd, 2591242.796, 104
Trd, 2591243.079, 105
Trd, 2591243.913, 107
Trd, 2591244.163, 106
Trd, 2591244.296, 104
Trd, 2591244.629, 107
Trd, 2591245.429, 119
Trd, 2591245.596, 114
Trd, 2591245.963, 112
Trd, 2591246.046, 107
Trd, 2591246.513, 106
Trd, 2591246.713, 107
Trd, 2591246.879, 108
Trd, 2591247.179, 101
Trd, 2591247.413, 101
Trd, 2591247.496, 101
Trd, 2591247.779, 102
Trd, 2591247.896, 102
Trd, 2591248.063, 120
Trd, 2591248.496, 100
Trd, 2591248.663, 101
Trd, 2591248.729, 102
Trd, 2591249.346, 127
Trd, 2591249.913, 111
Trd, 2591250.613, 149
Trd, 2591251.063, 150
Trd, 2591251.446, 150
Trd, 2591251.463, 149
Trd, 2591253.379, 150
Trd, 2591253.563, 150
Trd, 2591253.796, 150
Trd, 2591253.913, 150
Trd, 2591255.229, 150
Trd, 2591255.696, 150
Trd, 2591256.496, 150
Trd, 2591257.246, 150
Trd, 2591257.363, 150
Trd, 2591257.813, 150
Trd, 2591257.946, 150
Trd, 2591258.129, 150
Trd, 2591258.279, 150
Trd, 2591258.779, 142
Trd, 2591258.846, 141
Trd, 2591258.963, 126
Trd, 2591259.279, 140
Trd, 2591259.429, 116
Trd, 2591259.663, 139
Trd, 2591259.896, 140
Trd, 2591260.096, 106
Trd, 2591261.179, 101
Trd, 2591261.213, 104
Trd, 2591261.763, 102
Trd, 2591261.963, 103
Trd, 2591261.996, 105
Trd, 2591262.563, 101
Trd, 2591263.063, 102
Trd, 2591263.163, 100
Trd, 2591263.696, 111
Trd, 2591263.779, 112
Trd, 2591263.896, 113
Trd, 2591264.279, 103
Trd, 2591264.963, 118
Trd, 2591264.996, 116
Trd, 2591265.496, 113
Trd, 2591266.013, 104
Trd, 2591266.429, 112
Trd, 2591267.096, 104
Trd, 2591267.146, 103
Trd, 2591268.929, 100
Trd, 2591269.979, 100
Trd, 2591270.179, 100
Trd, 2591270.379, 100
Trd, 2591270.596, 100
Trd, 2591270.713, 100
Trd, 2591270.779, 100
Trd, 2591270.829, 100
Trd, 2591271.396, 105
Trd, 2591271.413, 103
Trd, 2591271.496, 102
Trd, 2591271.579, 102
Trd, 2591271.713, 105
Trd, 2591271.746, 106
Trd, 2591272.329, 150
Trd, 2591272.346, 149
Trd, 2591272.746, 139
Trd, 2591274.113, 150
Trd, 2591274.713, 150
Trd, 2591274.763, 150
Trd, 2591275.079, 148
Trd, 2591275.213, 150
Trd, 2591275.646, 150
Trd, 2591275.896, 140
Trd, 2591276.079, 117
Trd, 2591276.796, 149
Trd, 2591278.163, 150
Trd, 2591278.246, 150
Trd, 2591278.446, 150
Trd, 2591278.529, 147
Trd, 2591279.063, 129
Trd, 2591279.229, 125
Trd, 2591279.513, 144
Trd, 2591280.129, 108
Trd, 2591280.863, 134
Trd, 2591281.296, 111
Trd, 2591281.529, 112
Trd, 2591281.579, 112
Trd, 2591281.913, 111
Trd, 2591281.946, 112
Trd, 2591281.963, 110
Trd, 2591282.063, 113
Trd, 2591282.379, 109
Trd, 2591283.946, 100
Trd, 2591283.979, 100
Trd, 2591285.063, 100
Trd, 2591285.096, 100
Trd, 2591285.146, 100
Trd, 2591286.663, 100
Trd, 2591286.779, 100
Trd, 2591286.879, 100
Trd, 2591287.229, 100
Trd, 2591287.713, 100
Trd, 2591288.179, 100
Trd, 2591288.479, 100
Trd, 2591288.546, 101
Trd, 2591288.746, 101
Trd, 2591288.796, 104
Trd, 2591289.263, 100
Trd, 2591289.646, 100
Trd, 2591289.996, 100
Trd, 2591290.596, 101
Trd, 2591290.713, 101
Trd, 2591290.913, 102
Trd, 2591291.179, 104
Trd, 2591291.896, 146
Trd, 2591292.063, 109
Trd, 2591292.763, 113
Trd, 2591292.846, 112
Trd, 2591293.663, 150
Trd, 2591293.929, 150
Trd, 2591294.629, 150
Trd, 2591294.813, 150
Trd, 2591295.279, 150
Trd, 2591295.329, 150
Trd, 2591296.046, 150
Trd, 2591296.129, 150
Trd, 2591296.913, 150
Trd, 2591297.063, 149
Trd, 2591297.179, 146
Trd, 2591297.529, 138
Trd, 2591297.963, 146
Trd, 2591298.063, 116
Trd, 2591298.313, 105
Trd, 2591299.029, 104
Trd, 2591299.263, 105
Trd, 2591300.463, 100
Trd, 2591300.696, 100
Trd, 2591301.463, 100
Trd, 2591302.163, 100
Trd, 2591302.179, 100
Trd, 2591302.279, 100
Trd, 2591302.463, 100
Trd, 2591302.629, 101
Trd, 2591302.863, 100
Trd, 2591302.996, 100
Trd, 2591303.046, 101
Trd, 2591303.213, 100
Trd, 2591303.379, 100
Trd, 2591303.813, 100
Trd, 2591304.146, 100
Trd, 2591304.196, 100
Trd, 2591304.563, 100
Trd, 2591304.829, 101
Trd, 2591304.896, 102
Trd, 2591305.096, 103
Trd, 2591305.529, 104
Trd, 2591306.029, 105
Trd, 2591306.896, 103
Trd, 2591307.313, 150
Trd, 2591307.979, 150
Trd, 2591308.029, 150
Trd, 2591308.879, 150
Trd, 2591309.446, 150
Trd, 2591309.663, 150
Trd, 2591311.013, 150
Trd, 2591311.196, 150
Trd, 2591311.346, 150
Trd, 2591311.646, 150
Trd, 2591312.129, 150
Trd, 2591312.279, 150
Trd, 2591312.313, 149
Trd, 2591312.579, 139
Trd, 2591312.763, 149
Trd, 2591312.896, 150
Trd, 2591313.979, 148
Trd, 2591315.196, 115
Trd, 2591315.329, 146
Trd, 2591315.746, 100
Trd, 2591316.129, 100
Trd, 2591316.429, 100
Trd, 2591316.763, 100
Trd, 2591317.379, 102
Trd, 2591317.679, 102
Trd, 2591317.846, 103
Trd, 2591317.929, 102
Trd, 2591317.979, 111
Trd, 2591318.229, 112
Trd, 2591318.613, 150
Trd, 2591318.646, 115
Trd, 2591319.429, 111
Trd, 2591319.563, 111
Trd, 2591320.029, 119
Trd, 2591320.246, 149
Trd, 2591320.929, 149
Trd, 2591321.429, 150
Trd, 2591321.913, 149
Trd, 2591322.013, 147
Trd, 2591322.579, 149
Trd, 2591322.846, 150
Trd, 2591323.346, 142
Trd, 2591323.513, 134
Trd, 2591323.913, 125
Trd, 2591324.346, 128
Trd, 2591324.646, 125
Trd, 2591324.663, 132
Trd, 2591324.863, 109
Trd, 2591325.146, 107
Trd, 2591325.229, 101
Trd, 2591325.746, 150
Trd, 2591326.713, 148
Trd, 2591326.946, 128
Trd, 2591327.546, 149
Trd, 2591328.146, 148
Trd, 2591329.146, 150
Trd, 2591329.213, 150
Trd, 2591329.663, 150
Trd, 2591330.513, 150
Trd, 2591332.229, 150
Trd, 2591332.996, 150
Trd, 2591333.046, 150
Trd, 2591333.196, 150
Trd, 2591333.213, 150
Trd, 2591333.413, 149
Trd, 2591333.679, 147
Trd, 2591333.696, 144
Trd, 2591334.313, 127
Trd, 2591334.396, 143
Trd, 2591335.446, 140
Trd, 2591336.096, 134
Trd, 2591336.179, 116
Trd, 2591336.829, 129
Trd, 2591337.096, 127
Trd, 2591337.263, 116
Trd, 2591337.563, 115
Trd, 2591338.429, 120
Trd, 2591338.596, 120
Trd, 2591339.046, 118
Trd, 2591339.229, 118
Trd, 2591339.413, 117
Trd, 2591339.579, 118
Trd, 2591340.029, 107
Trd, 2591340.196, 112
Trd, 2591341.046, 100
Trd, 2591342.079, 103
Trd, 2591342.196, 107
Trd, 2591342.679, 106
Trd, 2591342.996, 110
Trd, 2591343.179, 106
Trd, 2591343.396, 116
Trd, 2591343.779, 138
Trd, 2591344.396, 140
Trd, 2591344.613, 140
Trd, 2591344.746, 142
Trd, 2591344.913, 138
Trd, 2591345.029, 137
Trd, 2591346.146, 134
Trd, 2591346.246, 122
Trd, 2591347.163, 106
Trd, 2591347.429, 104
Trd, 2591347.463, 135
Trd, 2591347.546, 101
Trd, 2591349.179, 100
Trd, 2591349.263, 100
Trd, 2591349.329, 100
Trd, 2591349.413, 100
Trd, 2591349.646, 100
Trd, 2591350.063, 100
Trd, 2591350.263, 100
Trd, 2591350.496, 101
Trd, 2591350.529, 103
Trd, 2591351.596, 100
Trd, 2591351.663, 100
Trd, 2591351.879, 101
Trd, 2591352.063, 100
Trd, 2591352.796, 100
Trd, 2591353.413, 100
Trd, 2591353.613, 100
Trd, 2591353.979, 100
Trd, 2591354.246, 100
Trd, 2591354.363, 100
Trd, 2591354.713, 100
Trd, 2591355.079, 100
Trd, 2591355.396, 100
Trd, 2591355.496, 101
Trd, 2591355.779, 101
Trd, 2591356.046, 107
Trd, 2591359.113, 100
Trd, 2591359.163, 100
Trd, 2591359.179, 100
Trd, 2591359.396, 100
Trd, 2591360.596, 100
Trd, 2591360.729, 100
Trd, 2591360.813, 100
Trd, 2591361.096, 100
Trd, 2591361.429, 100
Trd, 2591361.446, 100
Trd, 2591362.013, 100
Trd, 2591362.296, 100
Trd, 2591362.646, 103
Trd, 2591363.179, 103
Trd, 2591363.379, 104
Trd, 2591363.579, 108
Trd, 2591364.079, 111
Trd, 2591364.213, 150
Trd, 2591365.979, 150
Trd, 2591366.729, 150
Trd, 2591366.963, 150
Trd, 2591367.113, 150
Trd, 2591367.179, 150
Trd, 2591367.463, 150
Trd, 2591367.813, 150
Trd, 2591368.479, 150
Trd, 2591368.513, 150
Trd, 2591368.646, 150
Trd, 2591369.513, 150
Trd, 2591369.946, 150
Trd, 2591370.279, 150
Trd, 2591371.179, 141
Trd, 2591371.229, 135
Trd, 2591371.996, 136
Trd, 2591372.163, 136
Trd, 2591372.313, 135
Trd, 2591372.529, 111
Trd, 2591372.546, 134
Trd, 2591372.696, 136
Trd, 2591372.963, 136
Trd, 2591373.079, 112
Trd, 2591373.629, 133
Trd, 2591373.663, 117
Trd, 2591373.729, 115
Trd, 2591374.679, 117
Trd, 2591374.979, 130
Trd, 2591375.296, 119
Trd, 2591375.346, 130
Trd, 2591375.846, 122
Trd, 2591375.946, 124
Trd, 2591375.963, 128
Trd, 2591376.196, 124
Trd, 2591376.379, 121
Trd, 2591376.463, 117
Trd, 2591377.396, 111
Trd, 2591378.279, 114
Trd, 2591378.496, 115
Trd, 2591378.829, 116
Trd, 2591379.046, 116
Trd, 2591379.096, 117
Trd, 2591379.263, 122
Trd, 2591380.013, 124
Trd, 2591380.713, 103
Trd, 2591381.779, 101
Trd, 2591382.563, 100
Trd, 2591383.296, 100
Trd, 2591383.813, 100
Trd, 2591383.846, 101
Trd, 2591384.879, 100
Trd, 2591385.046, 100
Trd, 2591385.179, 101
Trd, 2591385.629, 101
Trd, 2591385.846, 102
Trd, 2591386.163, 102
Trd, 2591386.313, 102
Trd, 2591386.329, 101
Trd, 2591386.479, 105
Trd, 2591386.763, 101
Trd, 2591386.963, 103
Trd, 2591387.063, 113
Trd, 2591388.546, 101
Trd, 2591389.346, 109
Trd, 2591389.863, 117
Trd, 2591390.296, 113
Trd, 2591390.379, 115
Trd, 2591390.563, 114
Trd, 2591390.696, 113
Trd, 2591390.846, 115
Trd, 2591393.329, 147
Trd, 2591393.479, 141
Trd, 2591393.596, 141
Trd, 2591393.663, 140
Trd, 2591393.813, 137
Trd, 2591394.129, 145
Trd, 2591394.146, 146
Trd, 2591394.446, 150
Trd, 2591394.679, 150
Trd, 2591394.979, 138
Trd, 2591395.696, 137
Trd, 2591395.713, 137
Trd, 2591395.963, 148
Trd, 2591396.896, 150
Trd, 2591396.996, 149
Trd, 2591397.029, 148
Trd, 2591397.329, 148
Trd, 2591398.429, 141
Trd, 2591398.913, 150
Trd, 2591399.179, 150
Trd, 2591399.346, 150
Trd, 2591400.279, 150
Trd, 2591400.363, 150
Trd, 2591401.579, 150
Trd, 2591402.113, 150
Trd, 2591402.663, 150
Trd, 2591402.696, 150
Trd, 2591402.979, 149
Trd, 2591403.013, 148
Trd, 2591404.046, 132
Trd, 2591404.196, 137
Trd, 2591404.213, 138
Trd, 2591404.313, 136
Trd, 2591405.779, 123
Trd, 2591405.829, 122
Trd, 2591405.846, 121
Trd, 2591406.129, 121
Trd, 2591406.363, 122
Trd, 2591406.546, 120
Trd, 2591406.996, 113
Trd, 2591407.263, 118
Trd, 2591407.496, 103
Trd, 2591407.746, 103
Trd, 2591407.763, 100
Trd, 2591407.779, 104
Trd, 2591407.896, 104
Trd, 2591409.046, 100
Trd, 2591409.696, 100
Trd, 2591409.963, 101
Trd, 2591410.263, 103
Trd, 2591412.329, 100
Trd, 2591412.396, 100
Trd, 2591412.713, 100
Trd, 2591413.479, 100
Trd, 2591414.079, 100
Trd, 2591414.096, 100
Trd, 2591414.429, 100
Trd, 2591414.813, 100
Trd, 2591415.163, 101
Trd, 2591415.213, 100
Trd, 2591415.263, 102
Trd, 2591415.363, 104
Trd, 2591415.596, 105
Trd, 2591415.729, 104
Trd, 2591416.029, 107
Trd, 2591417.429, 102
Trd, 2591417.446, 103
Trd, 2591417.479, 104
Trd, 2591417.729, 107
Trd, 2591417.913, 104
Trd, 2591418.679, 107
Trd, 2591418.746, 139
Trd, 2591419.879, 120
Trd, 2591420.096, 120
Trd, 2591420.179, 116
Trd, 2591421.646, 143
Trd, 2591421.879, 131
Trd, 2591421.929, 130
Trd, 2591422.863, 149
Trd, 2591422.913, 148
Trd, 2591423.396, 150
Trd, 2591423.913, 149
Trd, 2591424.629, 150
Trd, 2591424.913, 150
Trd, 2591424.996, 150
Trd, 2591425.896, 147
Trd, 2591426.329, 146
Trd, 2591426.579, 145
Trd, 2591427.129, 146
Trd, 2591427.463, 146
Trd, 2591427.563, 145
Trd, 2591427.963, 145
Trd, 2591428.146, 142
Trd, 2591428.396, 141
Trd, 2591428.546, 126
Trd, 2591428.563, 122
Trd, 2591429.196, 130
Trd, 2591429.863, 106
Trd, 2591430.629, 134
Trd, 2591430.896, 132
Trd, 2591431.279, 130
Trd, 2591431.479, 131
Trd, 2591432.096, 115
Trd, 2591432.329, 115
Trd, 2591432.829, 116
Trd, 2591433.763, 109
Trd, 2591433.879, 110
Trd, 2591434.096, 110
Trd, 2591434.196, 104
Trd, 2591435.196, 106
Trd, 2591435.413, 106
Trd, 2591435.946, 104
Trd, 2591436.396, 105
Trd, 2591437.079, 104
Trd, 2591437.779, 102
Trd, 2591437.846, 101
Trd, 2591438.263, 100
Trd, 2591438.479, 100
Trd, 2591439.163, 102
Trd, 2591439.246, 106
Trd, 2591439.763, 100
Trd, 2591441.896, 100
Trd, 2591441.929, 102
Trd, 2591442.129, 101
Trd, 2591442.513, 100
Trd, 2591442.763, 100
Trd, 2591442.946, 100
Trd, 2591443.013, 100
Trd, 2591443.313, 101
Trd, 2591443.463, 101
Trd, 2591443.529, 102
Trd, 2591443.563, 103
Trd, 2591444.179, 102
Trd, 2591444.213, 100
Trd, 2591444.929, 103
Trd, 2591445.529, 105
Trd, 2591446.296, 105
Trd, 2591446.679, 121
Trd, 2591446.779, 106
Trd, 2591446.829, 105
Trd, 2591447.246, 106
Trd, 2591447.313, 105
Trd, 2591447.396, 107
Trd, 2591447.779, 116
Trd, 2591448.163, 117
Trd, 2591448.929, 104
Trd, 2591449.263, 107
Trd, 2591449.463, 102
Trd, 2591449.613, 118
Trd, 2591450.896, 150
Trd, 2591452.796, 150
Trd, 2591452.963, 150
Trd, 2591453.129, 150
Trd, 2591454.196, 150
Trd, 2591454.446, 150
Trd, 2591454.713, 150
Trd, 2591455.029, 150
Trd, 2591455.496, 150
Trd, 2591456.263, 150
Trd, 2591456.363, 150
Trd, 2591457.179, 150
Trd, 2591457.413, 150
Trd, 2591457.779, 150
Trd, 2591457.813, 150
Trd, 2591457.896, 150
Trd, 2591457.929, 150
Trd, 2591458.013, 150
Trd, 2591458.029, 150
Trd, 2591458.046, 148
Trd, 2591458.279, 149
Trd, 2591458.946, 148
Trd, 2591459.596, 146
Trd, 2591459.896, 145
Trd, 2591459.913, 122
Trd, 2591459.996, 118
Trd, 2591460.763, 145
Trd, 2591461.529, 142
Trd, 2591461.629, 141
Trd, 2591462.079, 142
Trd, 2591462.213, 143
Trd, 2591462.879, 144
Trd, 2591463.313, 150
Trd, 2591463.529, 150
Trd, 2591464.496, 150
Trd, 2591465.013, 150
Trd, 2591465.146, 150
Trd, 2591466.046, 150
Trd, 2591466.063, 150
Trd, 2591466.996, 149
Trd, 2591467.163, 147
Trd, 2591467.963, 144
Trd, 2591468.463, 137
Trd, 2591468.679, 150
Trd, 2591469.163, 150
Trd, 2591470.429, 139
Trd, 2591470.546, 139
Trd, 2591470.679, 140
Trd, 2591471.379, 137
Trd, 2591471.413, 138
Trd, 2591471.563, 136
Trd, 2591471.696, 140
Trd, 2591471.879, 139
Trd, 2591472.079, 127
Trd, 2591472.229, 123
Trd, 2591472.263, 136
Trd, 2591472.313, 122
Trd, 2591472.346, 137
Trd, 2591472.779, 103
Trd, 2591473.196, 121
Trd, 2591474.046, 127
Trd, 2591474.263, 126
Trd, 2591474.363, 125
Trd, 2591474.513, 123
Trd, 2591474.813, 125
Trd, 2591475.013, 125
Trd, 2591475.729, 126
Trd, 2591476.263, 116
Trd, 2591476.313, 127
Trd, 2591477.129, 121
Trd, 2591477.246, 124
Trd, 2591477.563, 127
Trd, 2591477.713, 111
Trd, 2591478.463, 150
Trd, 2591479.163, 150
Trd, 2591479.513, 150
Trd, 2591479.729, 150
Trd, 2591479.763, 150
Trd, 2591480.246, 101
Trd, 2591481.346, 149
Trd, 2591481.446, 149
Trd, 2591481.596, 127
Trd, 2591482.529, 148
Trd, 2591482.763, 117
Trd, 2591482.946, 116
Trd, 2591483.229, 115
Trd, 2591483.263, 148
Trd, 2591483.629, 145
Trd, 2591485.996, 100
Trd, 2591486.246, 100
Trd, 2591486.979, 100
Trd, 2591487.996, 100
Trd, 2591488.063, 100
Trd, 2591488.429, 100
Trd, 2591488.646, 100
Trd, 2591488.813, 101
Trd, 2591488.913, 100
Trd, 2591489.196, 101
Trd, 2591489.629, 100
Trd, 2591490.046, 100
Trd, 2591490.213, 100
Trd, 2591490.413, 100
Trd, 2591490.529, 101
Trd, 2591491.179, 101
Trd, 2591491.263, 100
Trd, 2591491.496, 100
Trd, 2591491.679, 100
Trd, 2591491.846, 100
Trd, 2591491.963, 100
Trd, 2591492.329, 101
Trd, 2591492.563, 105
Trd, 2591492.679, 101
Trd, 2591492.996, 113
Trd, 2591493.513, 105
Trd, 2591493.646, 104
Trd, 2591493.963, 103
Trd, 2591494.396, 105
Trd, 2591494.663, 106
Trd, 2591495.779, 103
Trd, 2591495.946, 104
Trd, 2591496.179, 102
Trd, 2591496.296, 106
Trd, 2591496.679, 102
Trd, 2591497.029, 100
Trd, 2591497.513, 100
Trd, 2591497.863, 100
Trd, 2591497.879, 100
Trd, 2591498.246, 100
Trd, 2591498.379, 100
Trd, 2591498.663, 102
Trd, 2591499.179, 100
Trd, 2591499.413, 104
Trd, 2591499.646, 102
Trd, 2591500.013, 100
Trd, 2591500.179, 110
Trd, 2591501.679, 106
Trd, 2591502.396, 110
Trd, 2591502.679, 110
Trd, 2591502.813, 108
Trd, 2591503.946, 113
Trd, 2591503.963, 114
Trd, 2591504.346, 114
Trd, 2591504.363, 111
Trd, 2591504.613, 109
Trd, 2591504.863, 106
Trd, 2591505.879, 121
Trd, 2591506.029, 135
Trd, 2591506.079, 137
Trd, 2591506.096, 139
Trd, 2591507.146, 104
Trd, 2591508.146, 150
Trd, 2591508.263, 150
Trd, 2591508.379, 150
Trd, 2591508.479, 150
Trd, 2591508.813, 150
Trd, 2591508.979, 150
Trd, 2591509.046, 149
Trd, 2591509.813, 150
Trd, 2591509.963, 147
Trd, 2591510.146, 147
Trd, 2591510.729, 147
Trd, 2591511.096, 147
Trd, 2591511.779, 146
Trd, 2591512.163, 149
Trd, 2591512.329, 149
Trd, 2591512.613, 150
Trd, 2591512.746, 148
Trd, 2591513.396, 150
Trd, 2591513.563, 148
Trd, 2591513.829, 135
Trd, 2591514.146, 100
Trd, 2591514.246, 109
Trd, 2591514.329, 110
Trd, 2591514.729, 150
Trd, 2591514.929, 149
Trd, 2591515.529, 150
Trd, 2591516.213, 149
Trd, 2591516.813, 149
Trd, 2591516.896, 149
Trd, 2591517.279, 149
Trd, 2591517.529, 148
Trd, 2591517.863, 109
Trd, 2591518.013, 127
Trd, 2591518.629, 119
Trd, 2591518.746, 120
Trd, 2591518.913, 128
Trd, 2591519.063, 120
Trd, 2591520.579, 100
Trd, 2591520.629, 100
Trd, 2591520.696, 101
Trd, 2591520.929, 147
Trd, 2591521.229, 102
Trd, 2591521.863, 104
Trd, 2591522.279, 105
Trd, 2591522.596, 103
Trd, 2591522.996, 109
Trd, 2591523.229, 104
Trd, 2591523.596, 109
Trd, 2591523.613, 102
Trd, 2591524.246, 108
Trd, 2591524.979, 100
Trd, 2591526.696, 100
Trd, 2591526.729, 100
Trd, 2591527.979, 100
Trd, 2591528.429, 100
Trd, 2591528.729, 100
Trd, 2591529.846, 100
Trd, 2591529.979, 100
Trd, 2591530.096, 100
Trd, 2591530.229, 101
Trd, 2591530.429, 101
Trd, 2591530.513, 100
Trd, 2591531.113, 102
Trd, 2591531.479, 102
Trd, 2591531.879, 101
Trd, 2591531.996, 104
Trd, 2591532.079, 100
Trd, 2591532.529, 100
Trd, 2591533.013, 106
Trd, 2591533.113, 102
Trd, 2591533.213, 105
Trd, 2591533.529, 149
Trd, 2591533.663, 150
Trd, 2591534.029, 149
Trd, 2591534.529, 149
Trd, 2591534.679, 150
Trd, 2591534.729, 148
Trd, 2591534.846, 126
Trd, 2591535.529, 150
Trd, 2591536.496, 150
Trd, 2591537.546, 150
Trd, 2591537.713, 150
Trd, 2591537.946, 150
Trd, 2591538.229, 150
Trd, 2591538.313, 150
Trd, 2591538.529, 150
Trd, 2591539.246, 148
Trd, 2591539.396, 146
Trd, 2591540.013, 149
Trd, 2591540.063, 147
Trd, 2591540.179, 146
Trd, 2591540.229, 145
Trd, 2591540.263, 142
Trd, 2591540.346, 149
Trd, 2591540.613, 125
Trd, 2591540.679, 148
Trd, 2591541.813, 132
Trd, 2591542.463, 145
Trd, 2591542.813, 144
Trd, 2591543.596, 145
Trd, 2591543.763, 146
Trd, 2591543.929, 145
Trd, 2591544.013, 144
Trd, 2591544.346, 145
Trd, 2591544.696, 130
Trd, 2591545.079, 129
Trd, 2591545.163, 127
Trd, 2591545.463, 150
Trd, 2591545.646, 150
Trd, 2591546.413, 150
Trd, 2591547.563, 150
Trd, 2591547.579, 149
Trd, 2591547.629, 148
Trd, 2591548.029, 146
Trd, 2591548.063, 145
Trd, 2591549.129, 150
Trd, 2591549.246, 150
Trd, 2591549.579, 149
Trd, 2591549.746, 148
Trd, 2591550.229, 111
Trd, 2591551.446, 106
Trd, 2591551.663, 141
Trd, 2591552.179, 107
Trd, 2591553.129, 132
Trd, 2591553.846, 130
Trd, 2591554.046, 131
Trd, 2591554.263, 132
Trd, 2591555.263, 129
Trd, 2591555.296, 128
Trd, 2591555.496, 131
Trd, 2591555.613, 129
Trd, 2591555.746, 127
Trd, 2591556.129, 126
Trd, 2591556.229, 128
Trd, 2591556.313, 127
Trd, 2591556.629, 114
Trd, 2591557.213, 113
Trd, 2591557.379, 126
Trd, 2591557.513, 112
Trd, 2591558.163, 125
Trd, 2591558.563, 100
Trd, 2591558.579, 100
Trd, 2591558.763, 101
Trd, 2591559.546, 103
Trd, 2591561.079, 100
Trd, 2591561.796, 100
Trd, 2591562.163, 100
Trd, 2591562.296, 100
Trd, 2591562.446, 101
Trd, 2591562.663, 101
Trd, 2591563.046, 100
Trd, 2591563.213, 100
Trd, 2591564.179, 100
Trd, 2591564.463, 100
Trd, 2591565.163, 100
Trd, 2591565.529, 100
Trd, 2591566.029, 101
Trd, 2591566.163, 102
Trd, 2591566.796, 100
Trd, 2591566.946, 100
Trd, 2591567.413, 100
Trd, 2591567.679, 100
Trd, 2591567.996, 100
Trd, 2591568.229, 101
Trd, 2591569.729, 100
Trd, 2591570.179, 100
Trd, 2591570.229, 100
Trd, 2591570.263, 100
Trd, 2591570.546, 100
Trd, 2591571.213, 100
Trd, 2591571.446, 100
Trd, 2591571.496, 100
Trd, 2591571.546, 100
Trd, 2591571.596, 102
Trd, 2591571.679, 101
Trd, 2591571.713, 105
Trd, 2591571.979, 129
Trd, 2591572.246, 150
Trd, 2591572.646, 102
Trd, 2591572.679, 104
Trd, 2591573.813, 103
Trd, 2591574.229, 104
Trd, 2591574.646, 150
Trd, 2591574.763, 150
Trd, 2591574.879, 142
Trd, 2591575.029, 150
Trd, 2591575.546, 150
Trd, 2591576.096, 150
Trd, 2591576.429, 150
Trd, 2591576.996, 150
Trd, 2591577.279, 150
Trd, 2591577.796, 135
Trd, 2591578.029, 135
Trd, 2591578.363, 149
Trd, 2591578.646, 150
Trd, 2591580.529, 150
Trd, 2591581.413, 150
Trd, 2591581.596, 150
Trd, 2591582.163, 145
Trd, 2591582.246, 137
Trd, 2591582.663, 131
Trd, 2591583.029, 137
Trd, 2591583.279, 133
Trd, 2591583.363, 132
Trd, 2591583.446, 130
Trd, 2591583.663, 130
Trd, 2591584.246, 128
Trd, 2591584.379, 123
Trd, 2591584.896, 112
Trd, 2591585.146, 126
Trd, 2591585.363, 112
Trd, 2591587.346, 102
Trd, 2591588.329, 100
Trd, 2591588.379, 100
Trd, 2591588.563, 102
Trd, 2591588.596, 101
Trd, 2591589.013, 100
Trd, 2591589.563, 103
Trd, 2591589.963, 103
Trd, 2591590.263, 100
Trd, 2591590.479, 100
Trd, 2591590.729, 100
Trd, 2591590.963, 100
Trd, 2591591.029, 101
Trd, 2591591.179, 100
Trd, 2591591.313, 101
Trd, 2591591.479, 101
Trd, 2591591.979, 108
Trd, 2591592.213, 110
Trd, 2591592.379, 127
Trd, 2591592.546, 111
Trd, 2591593.013, 150
Trd, 2591593.613, 149
Trd, 2591593.963, 110
Trd, 2591594.063, 149
Trd, 2591594.113, 126
Trd, 2591594.313, 109
Trd, 2591594.496, 109
Trd, 2591594.713, 123
Trd, 2591595.479, 119
Trd, 2591595.746, 118
Trd, 2591596.446, 119
Trd, 2591596.963, 119
Trd, 2591597.229, 118
Trd, 2591597.329, 110
Trd, 2591597.413, 108
Trd, 2591597.696, 118
Trd, 2591597.913, 106
Trd, 2591598.529, 118
Trd, 2591598.563, 103
Trd, 2591600.829, 150
Trd, 2591602.696, 150
Trd, 2591602.829, 150
Trd, 2591602.863, 150
Trd, 2591603.163, 150
Trd, 2591603.213, 150
Trd, 2591603.529, 150
Trd, 2591604.163, 150
Trd, 2591604.313, 150
Trd, 2591605.496, 150
Trd, 2591605.979, 150
Trd, 2591606.379, 150
Trd, 2591606.496, 150
Trd, 2591606.513, 150
Trd, 2591606.563, 150
Trd, 2591606.663, 150
Trd, 2591607.063, 150
Trd, 2591607.279, 150
Trd, 2591607.696, 150
Trd, 2591607.863, 149
Trd, 2591608.396, 150
Trd, 2591608.629, 130
Trd, 2591608.896, 148
Trd, 2591610.213, 140
Trd, 2591610.329, 139
Trd, 2591611.463, 150
Trd, 2591611.579, 150
Trd, 2591611.846, 149
Trd, 2591612.263, 149
Trd, 2591612.829, 149
Trd, 2591612.846, 148
Trd, 2591613.063, 145
Trd, 2591613.213, 126
Trd, 2591613.396, 144
Trd, 2591613.663, 122
Trd, 2591614.913, 100
Trd, 2591615.296, 100
Trd, 2591615.363, 100
Trd, 2591615.529, 100
Trd, 2591615.863, 105
Trd, 2591616.063, 104
Trd, 2591616.396, 141
Trd, 2591616.963, 150
Trd, 2591617.129, 149
Trd, 2591618.296, 114
Trd, 2591618.896, 150
Trd, 2591619.513, 150
Trd, 2591619.646, 150
Trd, 2591620.013, 150
Trd, 2591620.646, 150
Trd, 2591620.813, 150
Trd, 2591620.963, 150
Trd, 2591621.313, 149
Trd, 2591621.396, 148
Trd, 2591621.813, 147
Trd, 2591622.096, 149
Trd, 2591622.246, 149
Trd, 2591622.729, 146
Trd, 2591623.079, 144
Trd, 2591623.363, 145
Trd, 2591623.413, 138
Trd, 2591624.013, 143
Trd, 2591624.113, 144
Trd, 2591624.179, 115
Trd, 2591624.496, 148
Trd, 2591624.763, 147
Trd, 2591625.396, 136
Trd, 2591625.796, 135
Trd, 2591625.963, 113
Trd, 2591626.363, 105
Trd, 2591626.463, 105
Trd, 2591626.746, 104
Trd, 2591627.046, 100
Trd, 2591627.146, 101
Trd, 2591627.613, 122
Trd, 2591627.779, 111
Trd, 2591628.779, 111
Trd, 2591629.163, 110
Trd, 2591629.729, 135
Trd, 2591629.763, 136
Trd, 2591630.879, 110
Trd, 2591631.179, 130
Trd, 2591631.896, 129
Trd, 2591632.446, 119
Trd, 2591632.763, 118
Trd, 2591632.929, 125
Trd, 2591633.163, 117
Trd, 2591633.629, 124
Trd, 2591634.196, 116
Trd, 2591634.546, 122
Trd, 2591635.263, 116
Trd, 2591635.296, 115
Trd, 2591636.029, 117
Trd, 2591636.046, 114
Trd, 2591636.129, 118
Trd, 2591637.329, 100
Trd, 2591638.046, 100
Trd, 2591638.229, 100
Trd, 2591638.363, 100
Trd, 2591638.529, 102
Trd, 2591639.013, 106
Trd, 2591639.063, 104
Trd, 2591639.146, 103
Trd, 2591640.179, 150
Trd, 2591640.296, 150
Trd, 2591640.479, 149
Trd, 2591640.679, 150
Trd, 2591641.796, 150
Trd, 2591641.863, 150
Trd, 2591642.546, 150
Trd, 2591643.263, 150
Trd, 2591643.513, 150
Trd, 2591643.913, 150
Trd, 2591644.063, 150
Trd, 2591644.079, 149
Trd, 2591644.596, 150
Trd, 2591644.996, 150
Trd, 2591645.813, 150
Trd, 2591646.113, 150
Trd, 2591646.213, 150
Trd, 2591646.263, 150
Trd, 2591646.496, 150
Trd, 2591646.546, 150
Trd, 2591646.629, 149
Trd, 2591646.746, 149
Trd, 2591648.196, 121
Trd, 2591649.363, 147
Trd, 2591649.496, 132
Trd, 2591650.629, 122
Trd, 2591651.096, 132
Trd, 2591651.229, 134
Trd, 2591651.396, 131
Trd, 2591651.779, 133
Trd, 2591652.046, 124
Trd, 2591652.129, 134
Trd, 2591652.246, 136
Trd, 2591652.279, 124
Trd, 2591652.779, 150
Trd, 2591652.813, 149
Trd, 2591653.346, 137
Trd, 2591655.496, 150
Trd, 2591655.646, 150
Trd, 2591656.513, 150
Trd, 2591656.679, 150
Trd, 2591656.996, 150
Trd, 2591657.046, 145
Trd, 2591657.146, 149
Trd, 2591658.413, 150
Trd, 2591659.379, 150
Trd, 2591659.579, 150
Trd, 2591659.796, 150
Trd, 2591660.429, 150
Trd, 2591660.446, 150
Trd, 2591661.096, 150
Trd, 2591661.396, 149
Trd, 2591661.696, 147
Trd, 2591661.763, 145
Trd, 2591662.113, 129
Trd, 2591662.546, 133
Trd, 2591662.613, 132
Trd, 2591662.946, 138
Trd, 2591663.146, 134
Trd, 2591663.179, 133
Trd, 2591663.546, 133
Trd, 2591663.629, 132
Trd, 2591663.796, 131
Trd, 2591663.913, 131
Trd, 2591663.929, 132
Trd, 2591664.029, 135
Trd, 2591664.179, 121
Trd, 2591664.879, 150
Trd, 2591667.013, 150
Trd, 2591667.979, 150
Trd, 2591668.029, 148
Trd, 2591669.029, 135
Trd, 2591669.046, 139
Trd, 2591669.113, 132
Trd, 2591669.513, 135
Trd, 2591669.579, 125
Trd, 2591669.829, 113
Trd, 2591670.013, 130
Trd, 2591670.279, 115
Trd, 2591670.379, 129
Trd, 2591671.246, 122
Trd, 2591671.296, 117
Trd, 2591671.563, 120
Trd, 2591671.696, 116
Trd, 2591672.096, 105
Trd, 2591672.479, 103
Trd, 2591672.779, 116
Trd, 2591673.213, 100
Trd, 2591673.713, 100
Trd, 2591674.096, 100
Trd, 2591674.229, 101
Trd, 2591674.396, 101
Trd, 2591674.429, 102
Trd, 2591675.129, 101
Trd, 2591675.629, 101
Trd, 2591675.963, 102
Trd, 2591677.129, 100
Trd, 2591677.479, 100
Trd, 2591677.729, 100
Trd, 2591677.979, 100
Trd, 2591678.263, 101
Trd, 2591678.746, 103
Trd, 2591678.813, 104
Trd, 2591678.896, 104
Trd, 2591678.979, 103
Trd, 2591679.246, 101
Trd, 2591679.379, 106
Trd, 2591680.763, 100
Trd, 2591680.963, 100
Trd, 2591681.279, 100
Trd, 2591681.413, 102
Trd, 2591681.679, 103
Trd, 2591681.846, 104
Trd, 2591683.096, 106
Trd, 2591683.363, 107
Trd, 2591683.563, 106
Trd, 2591684.046, 107
Trd, 2591684.279, 104
Trd, 2591684.296, 103
Trd, 2591685.079, 100
Trd, 2591685.479, 100
Trd, 2591686.063, 100
Trd, 2591686.563, 100
Trd, 2591686.629, 100
Trd, 2591687.529, 100
Trd, 2591687.729, 100
Trd, 2591687.946, 100
Trd, 2591688.013, 100
Trd, 2591688.113, 100
Trd, 2591688.263, 100
Trd, 2591688.546, 100
Trd, 2591689.063, 100
Trd, 2591689.546, 101
Trd, 2591689.696, 112
Trd, 2591690.263, 131
Trd, 2591691.196, 105
Trd, 2591691.646, 106
Trd, 2591691.813, 112
Trd, 2591692.179, 113
Trd, 2591692.213, 111
Trd, 2591693.213, 107
Trd, 2591695.196, 150
Trd, 2591696.163, 150
Trd, 2591696.513, 150
Trd, 2591697.013, 150
Trd, 2591697.479, 150
Trd, 2591697.763, 149
Trd, 2591697.796, 149
Trd, 2591697.813, 141
Trd, 2591698.679, 150
Trd, 2591698.979, 150
Trd, 2591699.463, 150
Trd, 2591699.629, 150
Trd, 2591699.813, 150
Trd, 2591699.829, 150
Trd, 2591699.846, 150
Trd, 2591699.929, 150
Trd, 2591700.146, 150
Trd, 2591700.213, 148
Trd, 2591700.546, 150
Trd, 2591701.013, 150
Trd, 2591701.746, 131
Trd, 2591701.796, 124
Trd, 2591702.463, 150
Trd, 2591702.663, 150
Trd, 2591703.063, 150
Trd, 2591703.579, 149
Trd, 2591703.696, 132
Trd, 2591703.813, 131
Trd, 2591704.496, 112
Trd, 2591704.663, 113
Trd, 2591705.146, 112
Trd, 2591705.296, 114
Trd, 2591705.779, 104
Trd, 2591706.113, 104
Trd, 2591706.229, 105
Trd, 2591707.113, 140
Trd, 2591707.163, 117
Trd, 2591708.096, 150
Trd, 2591708.146, 150
Trd, 2591709.529, 150
Trd, 2591710.229, 150
Trd, 2591710.379, 150
Trd, 2591710.763, 150
Trd, 2591710.779, 150
Trd, 2591711.046, 150
Trd, 2591711.079, 150
Trd, 2591711.263, 149
Trd, 2591711.696, 149
Trd, 2591712.063, 130
Trd, 2591712.163, 122
Trd, 2591712.596, 140
Trd, 2591712.829, 148
Trd, 2591712.879, 106
Trd, 2591713.229, 116
Trd, 2591713.746, 103
Trd, 2591714.413, 100
Trd, 2591715.129, 100
Trd, 2591715.329, 100
Trd, 2591715.729, 100
Trd, 2591715.779, 100
Trd, 2591715.896, 101
Trd, 2591716.279, 101
Trd, 2591716.679, 103
Trd, 2591717.146, 104
Trd, 2591717.263, 104
Trd, 2591717.279, 102
Trd, 2591717.463, 100
Trd, 2591717.879, 147
Trd, 2591717.896, 149
Trd, 2591718.696, 150
Trd, 2591720.113, 150
Trd, 2591721.079, 150
Trd, 2591721.463, 150
Trd, 2591722.029, 126
Trd, 2591722.129, 114
Trd, 2591722.179, 107
Trd, 2591722.679, 147
Trd, 2591722.913, 146
Trd, 2591723.063, 146
Trd, 2591723.096, 102
Trd, 2591724.979, 100
Trd, 2591725.746, 100
Trd, 2591726.313, 100
Trd, 2591726.613, 100
Trd, 2591727.679, 100
Trd, 2591727.763, 100
Trd, 2591727.863, 100
Trd, 2591728.113, 100
Trd, 2591728.129, 101
Trd, 2591728.196, 101
Trd, 2591728.229, 101
Trd, 2591728.613, 101
Trd, 2591728.663, 100
Trd, 2591728.746, 102
Trd, 2591729.096, 101
Trd, 2591729.496, 103
Trd, 2591729.679, 104
Trd, 2591729.796, 107
Trd, 2591730.096, 115
Trd, 2591730.129, 102
Trd, 2591730.946, 100
Trd, 2591731.496, 100
Trd, 2591731.813, 100
Trd, 2591732.563, 100
Trd, 2591732.813, 100
Trd, 2591733.279, 101
Trd, 2591733.413, 109
Trd, 2591734.029, 104
Trd, 2591734.429, 113
Trd, 2591734.996, 147
Trd, 2591736.213, 109
Trd, 2591736.513, 108
Trd, 2591736.563, 101
Trd, 2591737.363, 147
Trd, 2591737.629, 100
Trd, 2591738.646, 150
Trd, 2591738.763, 150
Trd, 2591739.029, 150
Trd, 2591740.696, 150
Trd, 2591741.146, 150
Trd, 2591741.196, 150
Trd, 2591741.279, 150
Trd, 2591741.296, 150
Trd, 2591741.529, 147
Trd, 2591741.679, 142
Trd, 2591741.913, 148
Trd, 2591742.496, 145
Trd, 2591742.646, 126
Trd, 2591742.729, 125
Trd, 2591742.879, 124
Trd, 2591742.963, 121
Trd, 2591743.196, 139
Trd, 2591743.679, 139
Trd, 2591744.746, 135
Trd, 2591744.763, 126
Trd, 2591744.813, 136
Trd, 2591745.646, 128
Trd, 2591746.096, 128
Trd, 2591746.446, 128
Trd, 2591746.863, 132
Trd, 2591747.179, 130
Trd, 2591747.413, 129
Trd, 2591747.663, 127
Trd, 2591747.713, 111
Trd, 2591747.896, 129
Trd, 2591747.929, 130
Trd, 2591748.079, 109
Trd, 2591748.213, 105
Trd, 2591748.579, 131
Trd, 2591749.029, 102
Trd, 2591749.779, 100
Trd, 2591750.146, 101
Trd, 2591750.629, 100
Trd, 2591750.813, 101
Trd, 2591751.729, 100
Trd, 2591751.946, 100
Trd, 2591752.013, 102
Trd, 2591752.779, 104
Trd, 2591753.296, 110
Trd, 2591753.729, 122
Trd, 2591753.796, 123
Trd, 2591753.829, 134
Trd, 2591753.963, 113
Trd, 2591754.696, 150
Trd, 2591755.829, 150
Trd, 2591757.579, 150
Trd, 2591757.696, 150
Trd, 2591758.379, 150
Trd, 2591758.963, 150
Trd, 2591759.229, 150
Trd, 2591759.996, 150
Trd, 2591760.613, 150
Trd, 2591761.829, 150
Trd, 2591761.963, 150
Trd, 2591762.046, 150
Trd, 2591762.213, 150
Trd, 2591762.329, 150
Trd, 2591763.263, 150
Trd, 2591763.379, 150
Trd, 2591763.396, 150
Trd, 2591763.663, 148
Trd, 2591763.763, 149
Trd, 2591763.879, 129
Trd, 2591764.296, 147
Trd, 2591764.379, 147
Trd, 2591764.396, 126
Trd, 2591765.046, 126
Trd, 2591765.546, 124
Trd, 2591765.613, 141
Trd, 2591765.629, 110
Trd, 2591766.463, 108
Trd, 2591767.263, 100
Trd, 2591767.829, 100
Trd, 2591768.496, 100
Trd, 2591768.913, 100
Trd, 2591769.179, 100
Trd, 2591769.363, 100
Trd, 2591769.396, 100
Trd, 2591769.429, 100
Trd, 2591769.963, 100
Trd, 2591770.546, 102
Trd, 2591770.596, 102
Trd, 2591770.746, 102
Trd, 2591770.879, 104
Trd, 2591771.113, 106
Trd, 2591771.129, 114
Trd, 2591772.113, 102
Trd, 2591772.213, 110
Trd, 2591772.879, 110
Trd, 2591772.996, 111
Trd, 2591773.279, 114
Trd, 2591773.563, 110
Trd, 2591773.696, 105
Trd, 2591773.979, 120
Trd, 2591774.196, 104
Trd, 2591774.446, 121
Trd, 2591775.113, 113
Trd, 2591775.796, 136
Trd, 2591775.829, 119
Trd, 2591776.463, 116
Trd, 2591776.513, 114
Trd, 2591777.096, 102
Trd, 2591777.463, 103
Trd, 2591778.196, 103
Trd, 2591779.229, 100
Trd, 2591779.779, 100
Trd, 2591780.079, 100
Trd, 2591780.146, 100
Trd, 2591780.213, 100
Trd, 2591781.463, 100
Trd, 2591781.546, 101
Trd, 2591781.829, 101
Trd, 2591782.013, 101
Trd, 2591782.113, 101
Trd, 2591782.196, 102
Trd, 2591782.546, 149
Trd, 2591782.779, 150
Trd, 2591783.246, 150
Trd, 2591784.029, 150
Trd, 2591784.396, 150
Trd, 2591784.463, 150
Trd, 2591784.663, 150
Trd, 2591784.779, 150
Trd, 2591785.229, 150
Trd, 2591785.313, 149
Trd, 2591785.496, 148
Trd, 2591785.829, 147
Trd, 2591786.929, 147
Trd, 2591787.046, 148
Trd, 2591788.379, 150
Trd, 2591788.863, 150
Trd, 2591789.479, 150
Trd, 2591789.763, 150
Trd, 2591789.829, 150
Trd, 2591790.213, 150
Trd, 2591790.263, 150
Trd, 2591791.179, 150
Trd, 2591791.229, 149
Trd, 2591791.313, 150
Trd, 2591791.479, 149
Trd, 2591791.546, 145
Trd, 2591792.063, 150
Trd, 2591792.129, 150
Trd, 2591793.163, 118
Trd, 2591793.479, 110
Trd, 2591793.596, 119
Trd, 2591794.946, 109
Trd, 2591794.996, 108
Trd, 2591795.229, 102
Trd, 2591795.513, 102
Trd, 2591795.596, 101
Trd, 2591795.663, 101
Trd, 2591796.179, 100
Trd, 2591796.229, 101
Trd, 2591797.496, 100
Trd, 2591797.763, 100
Trd, 2591798.029, 100
Trd, 2591798.296, 100
Trd, 2591798.646, 100
Trd, 2591798.729, 100
Trd, 2591798.746, 101
Trd, 2591799.613, 102
Trd, 2591799.629, 101
Trd, 2591799.729, 100
Trd, 2591799.746, 103
Trd, 2591800.546, 102
Trd, 2591801.113, 102
Trd, 2591801.229, 103
Trd, 2591801.263, 101
Trd, 2591802.829, 100
Trd, 2591803.129, 100
Trd, 2591803.463, 101
Trd, 2591803.596, 102
Trd, 2591804.279, 100
Trd, 2591805.679, 100
Trd, 2591805.813, 100
Trd, 2591805.879, 101
Trd, 2591806.713, 100
Trd, 2591807.279, 106
Trd, 2591807.829, 105
Trd, 2591807.913, 101
Trd, 2591808.213, 103
Trd, 2591808.279, 101
Trd, 2591808.829, 118
Trd, 2591809.679, 123
Trd, 2591810.129, 112
Trd, 2591810.163, 121
Trd, 2591810.346, 111
Trd, 2591810.863, 111
Trd, 2591810.896, 110
Trd, 2591810.913, 108
Trd, 2591811.196, 120
Trd, 2591811.363, 105
Trd, 2591811.796, 119
Trd, 2591812.663, 106
Trd, 2591812.763, 106
Trd, 2591812.863, 105
Trd, 2591813.296, 105
Trd, 2591813.346, 103
Trd, 2591813.679, 117
Trd, 2591813.729, 103
Trd, 2591813.746, 118
Trd, 2591814.163, 115
Trd, 2591814.379, 104
Trd, 2591814.429, 118
Trd, 2591815.563, 104
Trd, 2591815.696, 103
Trd, 2591816.146, 106
Trd, 2591816.296, 140
Trd, 2591817.229, 150
Trd, 2591818.363, 150
Trd, 2591818.896, 150
Trd, 2591819.063, 150
Trd, 2591819.213, 150
Trd, 2591819.529, 150
Trd, 2591819.979, 150
Trd, 2591820.029, 150
Trd, 2591820.579, 150
Trd, 2591820.913, 150
Trd, 2591822.229, 150
Trd, 2591822.713, 150
Trd, 2591823.129, 150
Trd, 2591823.296, 150
Trd, 2591823.779, 150
Trd, 2591823.946, 150
Trd, 2591824.113, 150
Trd, 2591824.263, 148
Trd, 2591824.663, 148
Trd, 2591824.696, 150
Trd, 2591825.829, 150
Trd, 2591825.996, 150
Trd, 2591826.263, 150
Trd, 2591826.279, 149
Trd, 2591826.363, 149
Trd, 2591827.063, 150
Trd, 2591827.263, 149
Trd, 2591827.529, 130
Trd, 2591827.663, 150
Trd, 2591828.363, 150
Trd, 2591828.513, 125
Trd, 2591830.229, 130
Trd, 2591830.379, 114
Trd, 2591830.563, 130
Trd, 2591830.679, 131
Trd, 2591830.829, 101
Trd, 2591831.746, 122
Trd, 2591831.913, 121
Trd, 2591833.029, 118
Trd, 2591833.096, 117
Trd, 2591833.313, 129
Trd, 2591833.413, 129
Trd, 2591833.513, 118
Trd, 2591833.829, 119
Trd, 2591834.313, 128
Trd, 2591835.496, 125
Trd, 2591835.513, 122
Trd, 2591835.996, 123
Trd, 2591836.029, 122
Trd, 2591836.146, 123
Trd, 2591836.513, 122
Trd, 2591837.079, 122
Trd, 2591837.396, 124
Trd, 2591837.429, 125
Trd, 2591839.079, 102
Trd, 2591839.379, 104
Trd, 2591839.996, 100
Trd, 2591840.446, 100
Trd, 2591841.079, 100
Trd, 2591841.213, 100
Trd, 2591842.513, 100
Trd, 2591842.696, 100
Trd, 2591842.946, 100
Trd, 2591843.163, 100
Trd, 2591843.279, 100
Trd, 2591843.379, 100
Trd, 2591843.729, 100
Trd, 2591844.113, 101
Trd, 2591844.529, 100
Trd, 2591844.596, 102
Trd, 2591844.879, 101
Trd, 2591845.013, 101
Trd, 2591845.196, 102
Trd, 2591845.296, 101
Trd, 2591845.896, 101
Trd, 2591846.213, 101
Trd, 2591846.429, 102
Trd, 2591846.913, 104
Trd, 2591847.063, 104
Trd, 2591847.463, 106
Trd, 2591847.913, 108
Trd, 2591848.129, 109
Trd, 2591848.229, 108
Trd, 2591848.379, 106
Trd, 2591849.279, 108
Trd, 2591849.779, 112
Trd, 2591850.529, 111
Trd, 2591850.563, 124
Trd, 2591852.646, 150
Trd, 2591852.813, 150
Trd, 2591852.896, 150
Trd, 2591853.296, 150
Trd, 2591853.713, 150
Trd, 2591854.013, 150
Trd, 2591854.129, 149
Trd, 2591854.396, 149
Trd, 2591854.646, 149
Trd, 2591854.896, 126
Trd, 2591855.263, 114
Trd, 2591855.896, 150
Trd, 2591856.029, 150
Trd, 2591856.163, 150
Trd, 2591857.529, 120
Trd, 2591858.396, 140
Trd, 2591858.596, 124
Trd, 2591858.679, 122
Trd, 2591859.446, 126
Trd, 2591859.863, 134
Trd, 2591860.513, 119
Trd, 2591860.929, 131
Trd, 2591861.129, 131
Trd, 2591861.146, 117
Trd, 2591861.546, 110
Trd, 2591861.746, 108
Trd, 2591861.779, 104
Trd, 2591861.846, 132
Trd, 2591861.879, 112
Trd, 2591862.446, 101
Trd, 2591862.679, 150
Trd, 2591862.813, 105
Trd, 2591864.113, 150
Trd, 2591864.296, 149
Trd, 2591864.629, 150
Trd, 2591865.829, 150
Trd, 2591867.396, 150
Trd, 2591867.496, 150
Trd, 2591867.713, 150
Trd, 2591869.146, 150
Trd, 2591869.313, 150
Trd, 2591869.563, 150
Trd, 2591869.713, 150
Trd, 2591869.829, 150
Trd, 2591869.929, 150
Trd, 2591870.696, 150
Trd, 2591870.829, 150
Trd, 2591871.046, 150
Trd, 2591871.063, 150
Trd, 2591871.146, 148
Trd, 2591871.496, 148
Trd, 2591871.546, 148
Trd, 2591871.779, 147
Trd, 2591871.896, 129
Trd, 2591872.179, 143
Trd, 2591872.396, 127
Trd, 2591872.529, 145
Trd, 2591873.063, 100
Trd, 2591873.163, 101
Trd, 2591873.429, 112
Trd, 2591873.546, 103
Trd, 2591875.246, 100
Trd, 2591875.429, 102
Trd, 2591875.446, 104
Trd, 2591875.629, 100
Trd, 2591876.279, 100
Trd, 2591876.346, 101
Trd, 2591876.796, 106
Trd, 2591876.896, 107
Trd, 2591877.613, 106
Trd, 2591877.829, 106
Trd, 2591878.779, 110
Trd, 2591878.796, 111
Trd, 2591880.063, 117
Trd, 2591880.363, 116
Trd, 2591880.413, 118
Trd, 2591880.596, 115
Trd, 2591880.996, 114
Trd, 2591881.013, 109
Trd, 2591881.179, 105
Trd, 2591881.729, 109
Trd, 2591882.463, 107
Trd, 2591882.529, 107
Trd, 2591882.563, 108
Trd, 2591883.296, 101
Trd, 2591884.079, 150
Trd, 2591884.096, 150
Trd, 2591884.313, 150
Trd, 2591884.446, 150
Trd, 2591885.129, 150
Trd, 2591885.713, 149
Trd, 2591886.596, 150
Trd, 2591886.713, 150
Trd, 2591887.763, 149
Trd, 2591888.946, 150
Trd, 2591889.196, 150
Trd, 2591889.529, 150
Trd, 2591889.896, 150
Trd, 2591890.163, 150
Trd, 2591890.246, 150
Trd, 2591890.463, 150
Trd, 2591890.713, 150
Trd, 2591890.796, 150
Trd, 2591891.013, 150
Trd, 2591891.213, 150
Trd, 2591891.629, 149
Trd, 2591891.679, 150
Trd, 2591891.746, 149
Trd, 2591892.379, 150
Trd, 2591892.429, 148
Trd, 2591892.613, 144
Trd, 2591893.346, 150
Trd, 2591893.446, 150
Trd, 2591893.479, 148
Trd, 2591893.646, 147
Trd, 2591893.729, 129
Trd, 2591893.863, 123
Trd, 2591894.579, 150
Trd, 2591894.813, 150
Trd, 2591895.746, 150
Trd, 2591896.546, 150
Trd, 2591896.763, 150
Trd, 2591896.879, 149
Trd, 2591896.946, 131
Trd, 2591898.513, 150
Trd, 2591898.663, 150
Trd, 2591899.313, 150
Trd, 2591899.446, 150
Trd, 2591900.146, 150
Trd, 2591900.263, 144
Trd, 2591900.946, 131
Trd, 2591900.996, 129
Trd, 2591901.196, 147
Trd, 2591901.929, 140
Trd, 2591902.363, 106
Trd, 2591902.596, 106
Trd, 2591902.763, 106
Trd, 2591902.813, 107
Trd, 2591902.929, 134
Trd, 2591903.279, 109
Trd, 2591903.546, 134
Trd, 2591903.963, 110
Trd, 2591904.046, 129
Trd, 2591904.246, 129
Trd, 2591905.096, 125
Trd, 2591905.129, 130
Trd, 2591905.379, 125
Trd, 2591905.479, 131
Trd, 2591905.796, 110
Trd, 2591906.229, 133
Trd, 2591906.963, 114
Trd, 2591908.129, 114
Trd, 2591908.596, 114
Trd, 2591908.663, 107
Trd, 2591909.529, 124
Trd, 2591909.629, 123
Trd, 2591910.396, 125
Trd, 2591911.196, 104
Trd, 2591911.413, 104
Trd, 2591911.446, 106
Trd, 2591911.479, 115
Trd, 2591912.079, 100
Trd, 2591912.313, 100
Trd, 2591912.796, 100
Trd, 2591912.963, 100
Trd, 2591912.979, 101
Trd, 2591913.129, 102
Trd, 2591913.146, 100
Trd, 2591913.846, 150
Trd, 2591914.013, 150
Trd, 2591914.396, 149
Trd, 2591914.496, 148
Trd, 2591914.763, 148
Trd, 2591915.346, 123
Trd, 2591916.246, 142
Trd, 2591916.346, 128
Trd, 2591916.513, 120
Trd, 2591916.946, 122
Trd, 2591916.979, 123
Trd, 2591917.146, 142
Trd, 2591917.363, 142
Trd, 2591917.413, 121
Trd, 2591917.613, 105
Trd, 2591918.196, 119
Trd, 2591918.329, 118
Trd, 2591919.113, 142
Trd, 2591919.613, 103
Trd, 2591919.646, 102
Trd, 2591919.846, 141
Trd, 2591919.929, 142
Trd, 2591920.396, 139
Trd, 2591921.296, 101
Trd, 2591921.396, 108
Trd, 2591922.063, 132
Trd, 2591922.513, 133
Trd, 2591922.896, 134
Trd, 2591922.929, 134
Trd, 2591923.063, 134
Trd, 2591923.196, 133
Trd, 2591923.829, 123
Trd, 2591924.996, 150
Trd, 2591925.479, 150
Trd, 2591925.513, 150
Trd, 2591925.696, 149
Trd, 2591925.879, 150
Trd, 2591926.746, 150
Trd, 2591926.796, 150
Trd, 2591926.813, 149
Trd, 2591926.979, 149
Trd, 2591927.396, 150
Trd, 2591927.596, 149
Trd, 2591927.696, 136
Trd, 2591927.896, 130
Trd, 2591928.829, 141
Trd, 2591928.929, 130
Trd, 2591929.279, 109
Trd, 2591929.763, 134
Trd, 2591930.979, 102
Trd, 2591931.096, 107
Trd, 2591931.646, 113
Trd, 2591932.063, 112
Trd, 2591932.313, 113
Trd, 2591932.563, 114
Trd, 2591932.579, 115
Trd, 2591932.863, 129
Trd, 2591934.196, 102
Trd, 2591934.596, 103
Trd, 2591935.229, 105
Trd, 2591935.346, 109
Trd, 2591935.713, 113
Trd, 2591935.813, 114
Trd, 2591936.213, 108
Trd, 2591936.263, 108
Trd, 2591936.363, 114
Trd, 2591936.946, 107
Trd, 2591937.313, 105
Trd, 2591937.963, 117
Trd, 2591938.529, 133
Trd, 2591938.663, 121
Trd, 2591938.729, 122
Trd, 2591939.729, 113
Trd, 2591939.763, 112
Trd, 2591939.813, 123
Trd, 2591940.663, 142
Trd, 2591941.496, 150
Trd, 2591941.729, 150
Trd, 2591941.979, 150
Trd, 2591942.796, 150
Trd, 2591943.146, 150
Trd, 2591944.013, 150
Trd, 2591944.246, 150
Trd, 2591944.313, 150
Trd, 2591944.579, 129
Trd, 2591944.646, 104
Trd, 2591944.696, 149
Trd, 2591944.963, 101
Trd, 2591945.113, 100
Trd, 2591946.646, 100
Trd, 2591946.979, 100
Trd, 2591947.329, 100
Trd, 2591947.413, 101
Trd, 2591948.496, 100
Trd, 2591948.796, 100
Trd, 2591948.929, 100
Trd, 2591949.129, 100
Trd, 2591950.513, 100
Trd, 2591950.829, 101
Trd, 2591951.913, 100
Trd, 2591952.046, 101
Trd, 2591952.363, 102
Trd, 2591952.579, 103
Trd, 2591952.729, 104
Trd, 2591952.929, 107
Trd, 2591952.963, 112
Trd, 2591952.996, 104
Trd, 2591953.996, 112
Trd, 2591954.179, 114
Trd, 2591954.429, 115
Trd, 2591954.646, 116
Trd, 2591954.946, 116
Trd, 2591955.213, 116
Trd, 2591955.496, 115
Trd, 2591955.629, 106
Trd, 2591956.413, 110
Trd, 2591957.796, 104
Trd, 2591958.079, 107
Trd, 2591958.513, 107
Trd, 2591958.596, 103
Trd, 2591959.313, 106
Trd, 2591959.346, 107
Trd, 2591959.463, 106
Trd, 2591959.529, 108
Trd, 2591960.196, 107
Trd, 2591960.213, 106
Trd, 2591960.746, 125
Trd, 2591961.229, 105
Trd, 2591961.246, 145
Trd, 2591961.313, 147
Trd, 2591961.963, 108
Trd, 2591962.046, 119
Trd, 2591963.329, 149
Trd, 2591963.346, 128
Trd, 2591963.763, 150
Trd, 2591963.963, 150
Trd, 2591964.129, 150
Trd, 2591964.146, 149
Trd, 2591964.263, 128
Trd, 2591964.763, 150
Trd, 2591966.046, 150
Trd, 2591966.846, 150
Trd, 2591966.946, 150
Trd, 2591967.096, 150
Trd, 2591967.213, 150
Trd, 2591967.313, 150
Trd, 2591967.363, 150
Trd, 2591967.446, 149
Trd, 2591967.663, 144
Trd, 2591968.113, 150
Trd, 2591968.463, 149
Trd, 2591969.013, 148
Trd, 2591969.046, 139
Trd, 2591969.196, 138
Trd, 2591969.679, 125
Trd, 2591969.946, 147
Trd, 2591970.279, 150
Trd, 2591970.479, 127
Trd, 2591971.713, 123
Trd, 2591972.879, 150
Trd, 2591972.896, 150
Trd, 2591972.946, 150
Trd, 2591973.779, 122
Trd, 2591974.379, 130
Trd, 2591974.463, 125
Trd, 2591974.846, 122
Trd, 2591975.179, 129
Trd, 2591975.846, 123
Trd, 2591976.096, 124
Trd, 2591976.496, 122
Trd, 2591976.679, 113
Trd, 2591976.763, 113
Trd, 2591977.979, 117
Trd, 2591978.579, 115
Trd, 2591978.946, 116
Trd, 2591979.029, 117
Trd, 2591979.096, 118
Trd, 2591980.963, 100
Trd, 2591981.546, 100
Trd, 2591982.196, 100
Trd, 2591982.296, 100
Trd, 2591982.329, 100
Trd, 2591982.496, 101
Trd, 2591982.546, 102
Trd, 2591982.846, 102
Trd, 2591983.129, 102
Trd, 2591983.663, 102
Trd, 2591983.763, 107
Trd, 2591983.946, 122
Trd, 2591984.013, 121
Trd, 2591984.296, 101
Trd, 2591984.446, 112
Trd, 2591984.563, 103
Trd, 2591984.663, 101
Trd, 2591985.163, 110
Trd, 2591985.763, 150
Trd, 2591985.896, 149
Trd, 2591985.979, 128
Trd, 2591986.529, 149
Trd, 2591986.946, 102
Trd, 2591987.513, 102
Trd, 2591990.046, 100
Trd, 2591990.613, 100
Trd, 2591990.896, 100
Trd, 2591990.963, 100
Trd, 2591991.013, 100
Trd, 2591991.063, 100
Trd, 2591991.096, 100
Trd, 2591991.479, 101
Trd, 2591991.613, 101
Trd, 2591991.663, 100
Trd, 2591991.813, 101
Trd, 2591991.896, 102
Trd, 2591992.196, 101
Trd, 2591992.613, 102
Trd, 2591992.646, 103
Trd, 2591992.729, 102
Trd, 2591992.846, 102
Trd, 2591992.913, 104
Trd, 2591993.029, 101
Trd, 2591993.579, 100
Trd, 2591994.946, 100
Trd, 2591995.613, 100
Trd, 2591995.879, 100
Trd, 2591995.963, 100
Trd, 2591996.463, 100
Trd, 2591996.529, 102
Trd, 2591998.063, 100
Trd, 2591998.513, 100
Trd, 2591999.063, 100
Trd, 2591999.146, 100
Trd, 2591999.629, 100
Trd, 2591999.813, 100
Trd, 2591999.863, 100
