Trd, 2590837.529, 100
Trd, 2590837.729, 100
Trd, 2590837.979, 100
Trd, 2590838.796, 101
Trd, 2590838.846, 102
Trd, 2590839.679, 103
Trd, 2590840.296, 100
Trd, 2590840.429, 103
Trd, 2590840.696, 102
Trd, 2590841.296, 110
Trd, 2590841.379, 121
Trd, 2590842.179, 109
Trd, 2590842.196, 108
Trd, 2590842.329, 107
Trd, 2590842.379, 143
Trd, 2590842.596, 145
Trd, 2590843.263, 135
Trd, 2590844.413, 147
Trd, 2590844.613, 138
Trd, 2590845.146, 137
Trd, 2590845.446, 148
Trd, 2590845.463, 135
Trd, 2590845.579, 134
Trd, 2590846.113, 128
Trd, 2590846.996, 150
Trd, 2590847.029, 150
Trd, 2590847.463, 150
Trd, 2590847.713, 150
Trd, 2590848.579, 150
Trd, 2590848.863, 150
Trd, 2590849.196, 150
Trd, 2590849.229, 149
Trd, 2590849.363, 149
Trd, 2590849.913, 149
Trd, 2590849.979, 124
Trd, 2590850.246, 138
Trd, 2590851.579, 102
Trd, 2590852.279, 102
Trd, 2590852.463, 102
Trd, 2590853.396, 100
Trd, 2590854.029, 100
Trd, 2590854.046, 100
Trd, 2590854.146, 100
Trd, 2590854.263, 100
Trd, 2590854.413, 100
Trd, 2590854.463, 100
Trd, 2590854.629, 103
Trd, 2590855.996, 100
Trd, 2590856.279, 101
Trd, 2590857.179, 100
Trd, 2590857.579, 100
Trd, 2590857.913, 100
Trd, 2590858.429, 101
Trd, 2590858.529, 103
Trd, 2590858.879, 100
Trd, 2590859.129, 100
Trd, 2590859.446, 101
Trd, 2590859.596, 102
Trd, 2590859.679, 102
Trd, 2590859.879, 102
Trd, 2590860.346, 102
Trd, 2590860.596, 100
Trd, 2590860.896, 100
Trd, 2590861.246, 101
Trd, 2590861.396, 105
Trd, 2590861.763, 110
Trd, 2590861.813, 115
Trd, 2590862.113, 146
Trd, 2590862.363, 145
Trd, 2590862.396, 144
Trd, 2590862.729, 149
Trd, 2590863.546, 104
Trd, 2590864.779, 105
Trd, 2590865.579, 104
Trd, 2590865.996, 106
Trd, 2590866.446, 103
Trd, 2590866.829, 112
Trd, 2590867.079, 100
Trd, 2590867.413, 100
Trd, 2590867.696, 101
Trd, 2590867.963, 108
Trd, 2590868.029, 126
Trd, 2590868.796, 103
Trd, 2590868.963, 101
Trd, 2590869.163, 104
Trd, 2590869.729, 130
Trd, 2590870.129, 129
Trd, 2590870.429, 128
Trd, 2590870.513, 145
Trd, 2590870.896, 103
Trd, 2590871.229, 105
Trd, 2590871.479, 105
Trd, 2590871.529, 102
Trd, 2590872.346, 145
Trd, 2590872.663, 150
Trd, 2590872.979, 150
Trd, 2590873.046, 150
Trd, 2590873.396, 150
Trd, 2590873.563, 120
Trd, 2590873.879, 117
Trd, 2590874.113, 110
Trd, 2590875.013, 149
Trd, 2590876.196, 150
Trd, 2590876.263, 150
Trd, 2590876.779, 150
Trd, 2590876.963, 149
Trd, 2590876.979, 149
Trd, 2590877.279, 148
Trd, 2590877.579, 124
Trd, 2590878.313, 101
Trd, 2590879.113, 100
Trd, 2590879.179, 100
Trd, 2590879.263, 100
Trd, 2590879.896, 100
Trd, 2590880.096, 100
Trd, 2590880.646, 103
Trd, 2590881.046, 103
Trd, 2590881.696, 111
Trd, 2590881.996, 119
Trd, 2590882.096, 148
Trd, 2590883.396, 150
Trd, 2590884.096, 150
Trd, 2590885.163, 150
Trd, 2590886.129, 150
Trd, 2590886.746, 150
Trd, 2590887.163, 150
Trd, 2590887.529, 150
Trd, 2590888.346, 150
Trd, 2590888.629, 150
Trd, 2590888.646, 150
Trd, 2590889.079, 150
Trd, 2590889.396, 150
Trd, 2590889.563, 150
Trd, 2590889.596, 150
Trd, 2590889.646, 150
Trd, 2590889.896, 150
Trd, 2590890.013, 150
Trd, 2590890.179, 150
Trd, 2590890.229, 150
Trd, 2590890.296, 148
Trd, 2590891.163, 149
Trd, 2590891.296, 147
Trd, 2590891.596, 143
Trd, 2590891.863, 124
Trd, 2590891.896, 116
Trd, 2590892.396, 142
Trd, 2590892.846, 142
Trd, 2590893.013, 115
Trd, 2590893.096, 108
Trd, 2590893.563, 140
Trd, 2590893.763, 136
Trd, 2590894.229, 138
Trd, 2590894.513, 138
Trd, 2590894.629, 137
Trd, 2590895.013, 139
Trd, 2590895.479, 108
Trd, 2590895.529, 116
Trd, 2590896.446, 101
Trd, 2590896.563, 137
Trd, 2590896.946, 144
Trd, 2590897.229, 101
Trd, 2590898.096, 101
Trd, 2590898.296, 150
Trd, 2590898.546, 150
Trd, 2590899.779, 150
Trd, 2590900.263, 150
Trd, 2590900.346, 150
Trd, 2590900.779, 150
Trd, 2590901.313, 150
Trd, 2590902.229, 150
Trd, 2590902.429, 150
Trd, 2590902.979, 150
Trd, 2590903.379, 150
Trd, 2590903.963, 150
Trd, 2590905.096, 150
Trd, 2590905.263, 150
Trd, 2590905.363, 150
Trd, 2590905.563, 150
Trd, 2590906.363, 150
Trd, 2590906.779, 150
Trd, 2590906.846, 150
Trd, 2590906.879, 150
Trd, 2590906.913, 150
Trd, 2590907.763, 150
Trd, 2590907.946, 150
Trd, 2590908.046, 149
Trd, 2590908.529, 150
Trd, 2590908.863, 147
Trd, 2590908.929, 124
Trd, 2590909.179, 134
Trd, 2590909.729, 123
Trd, 2590910.279, 150
Trd, 2590911.963, 150
Trd, 2590912.063, 148
Trd, 2590912.429, 124
Trd, 2590912.446, 120
Trd, 2590913.363, 149
Trd, 2590913.546, 140
Trd, 2590914.313, 140
Trd, 2590915.096, 150
Trd, 2590915.179, 148
Trd, 2590915.229, 146
Trd, 2590915.429, 149
Trd, 2590915.729, 149
Trd, 2590915.846, 150
Trd, 2590916.929, 143
Trd, 2590917.546, 150
Trd, 2590917.829, 141
Trd, 2590918.363, 139
Trd, 2590918.463, 139
Trd, 2590918.679, 139
Trd, 2590918.796, 138
Trd, 2590919.146, 140
Trd, 2590919.879, 114
Trd, 2590920.363, 114
Trd, 2590920.579, 113
Trd, 2590920.696, 114
Trd, 2590921.046, 112
Trd, 2590921.079, 115
Trd, 2590921.746, 106
Trd, 2590921.963, 111
Trd, 2590922.529, 114
Trd, 2590922.979, 103
Trd, 2590923.013, 100
Trd, 2590923.463, 105
Trd, 2590924.513, 100
Trd, 2590924.646, 100
Trd, 2590924.913, 100
Trd, 2590925.229, 101
Trd, 2590925.479, 102
Trd, 2590925.779, 102
Trd, 2590926.029, 102
Trd, 2590926.213, 105
Trd, 2590926.979, 105
Trd, 2590927.346, 102
Trd, 2590927.413, 107
Trd, 2590928.163, 148
Trd, 2590928.263, 150
Trd, 2590928.363, 147
Trd, 2590929.679, 150
Trd, 2590930.279, 150
Trd, 2590930.396, 150
Trd, 2590930.579, 150
Trd, 2590930.646, 150
Trd, 2590931.096, 150
Trd, 2590931.163, 150
Trd, 2590931.629, 150
Trd, 2590931.896, 146
Trd, 2590932.913, 116
Trd, 2590933.296, 105
Trd, 2590933.496, 141
Trd, 2590934.296, 149
Trd, 2590935.146, 150
Trd, 2590935.313, 150
Trd, 2590936.696, 150
Trd, 2590936.713, 150
Trd, 2590937.263, 150
Trd, 2590937.313, 150
Trd, 2590937.613, 150
Trd, 2590937.713, 150
Trd, 2590937.829, 150
Trd, 2590938.013, 150
Trd, 2590938.496, 150
Trd, 2590938.596, 150
Trd, 2590938.863, 149
Trd, 2590938.996, 148
Trd, 2590939.146, 134
Trd, 2590940.263, 122
Trd, 2590940.496, 115
Trd, 2590940.746, 146
Trd, 2590940.829, 138
Trd, 2590940.929, 123
Trd, 2590941.246, 111
Trd, 2590941.546, 140
Trd, 2590941.679, 139
Trd, 2590941.946, 141
Trd, 2590942.713, 144
Trd, 2590942.896, 120
Trd, 2590943.163, 142
Trd, 2590943.179, 119
Trd, 2590944.329, 101
Trd, 2590944.763, 100
Trd, 2590945.179, 100
Trd, 2590945.296, 100
Trd, 2590945.379, 100
Trd, 2590945.596, 100
Trd, 2590946.496, 100
Trd, 2590946.813, 114
Trd, 2590947.646, 137
Trd, 2590948.229, 150
Trd, 2590948.479, 149
Trd, 2590949.529, 147
Trd, 2590949.929, 148
Trd, 2590950.146, 148
Trd, 2590950.279, 148
Trd, 2590950.463, 148
Trd, 2590951.379, 150
Trd, 2590952.446, 150
Trd, 2590952.546, 150
Trd, 2590952.579, 150
Trd, 2590952.979, 150
Trd, 2590953.379, 150
Trd, 2590953.896, 150
Trd, 2590954.429, 150
Trd, 2590954.629, 150
Trd, 2590954.646, 149
Trd, 2590954.846, 150
Trd, 2590955.896, 150
Trd, 2590956.213, 150
Trd, 2590957.729, 150
Trd, 2590957.796, 150
Trd, 2590958.346, 150
Trd, 2590958.429, 150
Trd, 2590958.746, 150
Trd, 2590958.913, 149
Trd, 2590959.679, 150
Trd, 2590960.396, 148
Trd, 2590960.563, 149
Trd, 2590961.163, 142
Trd, 2590961.279, 141
Trd, 2590961.479, 129
Trd, 2590961.546, 144
Trd, 2590961.579, 111
Trd, 2590961.646, 143
Trd, 2590961.929, 107
Trd, 2590962.463, 100
Trd, 2590962.746, 100
Trd, 2590962.796, 100
Trd, 2590962.979, 100
Trd, 2590963.996, 101
Trd, 2590964.096, 101
Trd, 2590965.479, 100
Trd, 2590965.496, 100
Trd, 2590965.646, 111
Trd, 2590965.929, 114
Trd, 2590966.113, 127
Trd, 2590966.929, 142
Trd, 2590967.263, 150
Trd, 2590967.413, 150
Trd, 2590967.563, 111
Trd, 2590968.179, 113
Trd, 2590968.279, 127
Trd, 2590968.729, 127
Trd, 2590969.479, 118
Trd, 2590970.279, 123
Trd, 2590970.463, 125
Trd, 2590970.596, 125
Trd, 2590971.013, 122
Trd, 2590971.196, 106
Trd, 2590972.063, 109
Trd, 2590972.696, 123
Trd, 2590973.046, 107
Trd, 2590973.229, 100
Trd, 2590973.563, 100
Trd, 2590974.029, 103
Trd, 2590974.579, 102
Trd, 2590975.046, 100
Trd, 2590975.996, 102
Trd, 2590976.096, 137
Trd, 2590976.713, 103
Trd, 2590977.229, 103
Trd, 2590978.029, 103
Trd, 2590978.129, 104
Trd, 2590978.379, 104
Trd, 2590978.663, 105
Trd, 2590978.713, 106
Trd, 2590978.763, 110
Trd, 2590979.163, 105
Trd, 2590979.196, 133
Trd, 2590979.329, 148
Trd, 2590979.629, 110
Trd, 2590980.396, 150
Trd, 2590980.413, 150
Trd, 2590980.629, 150
Trd, 2590981.413, 150
Trd, 2590982.379, 150
Trd, 2590982.446, 150
Trd, 2590982.996, 150
Trd, 2590983.063, 150
Trd, 2590983.096, 150
Trd, 2590983.196, 150
Trd, 2590983.513, 143
Trd, 2590983.746, 150
Trd, 2590983.779, 150
Trd, 2590984.146, 149
Trd, 2590984.429, 124
Trd, 2590984.479, 102
Trd, 2590984.963, 102
Trd, 2590985.313, 100
Trd, 2590987.896, 100
Trd, 2590988.646, 100
Trd, 2590989.296, 100
Trd, 2590989.463, 101
Trd, 2590989.529, 102
Trd, 2590989.579, 101
Trd, 2590989.963, 103
Trd, 2590990.613, 102
Trd, 2590990.946, 106
Trd, 2590991.229, 145
Trd, 2590992.596, 150
Trd, 2590992.846, 150
Trd, 2590993.396, 150
Trd, 2590993.429, 150
Trd, 2590993.529, 150
Trd, 2590993.663, 145
Trd, 2590993.763, 139
Trd, 2590993.813, 123
Trd, 2590993.996, 122
Trd, 2590994.663, 147
Trd, 2590994.929, 137
Trd, 2590995.146, 128
Trd, 2590995.346, 143
Trd, 2590995.713, 120
Trd, 2590996.146, 120
Trd, 2590996.246, 140
Trd, 2590997.379, 102
Trd, 2590997.596, 135
Trd, 2590997.763, 137
Trd, 2590998.729, 150
Trd, 2590999.929, 150
Trd, 2591000.096, 150
Trd, 2591000.546, 150
Trd, 2591000.629, 150
Trd, 2591000.763, 150
Trd, 2591001.613, 150
Trd, 2591001.629, 150
Trd, 2591001.996, 149
Trd, 2591002.096, 148
Trd, 2591002.796, 144
Trd, 2591003.229, 143
Trd, 2591003.746, 127
Trd, 2591004.696, 150
Trd, 2591005.196, 150
Trd, 2591005.546, 150
Trd, 2591005.596, 150
Trd, 2591006.063, 150
Trd, 2591006.163, 150
Trd, 2591006.279, 150
Trd, 2591006.446, 150
Trd, 2591006.513, 149
Trd, 2591007.063, 150
Trd, 2591007.129, 150
Trd, 2591007.613, 146
Trd, 2591008.063, 127
Trd, 2591008.613, 150
Trd, 2591009.313, 123
Trd, 2591009.329, 118
Trd, 2591009.413, 117
Trd, 2591009.946, 149
Trd, 2591011.213, 128
Trd, 2591011.463, 145
Trd, 2591011.863, 149
Trd, 2591011.929, 137
Trd, 2591012.163, 150
Trd, 2591013.163, 150
Trd, 2591013.246, 150
Trd, 2591013.263, 150
Trd, 2591013.396, 145
Trd, 2591013.663, 140
Trd, 2591013.946, 125
Trd, 2591014.779, 119
Trd, 2591014.929, 118
Trd, 2591015.079, 107
Trd, 2591015.146, 103
Trd, 2591016.129, 150
Trd, 2591016.246, 150
Trd, 2591016.963, 138
Trd, 2591017.313, 150
Trd, 2591017.496, 137
Trd, 2591018.113, 150
Trd, 2591018.446, 150
Trd, 2591019.113, 150
Trd, 2591020.313, 150
Trd, 2591020.696, 150
Trd, 2591021.129, 150
Trd, 2591021.429, 150
Trd, 2591021.629, 149
Trd, 2591021.763, 148
Trd, 2591021.863, 148
Trd, 2591022.179, 129
Trd, 2591022.463, 148
Trd, 2591022.679, 142
Trd, 2591023.829, 128
Trd, 2591024.513, 130
Trd, 2591024.529, 131
Trd, 2591025.663, 143
Trd, 2591025.713, 144
Trd, 2591026.279, 139
Trd, 2591026.629, 139
Trd, 2591027.013, 139
Trd, 2591027.163, 139
Trd, 2591027.196, 138
Trd, 2591027.579, 140
Trd, 2591028.013, 103
Trd, 2591028.346, 100
Trd, 2591028.529, 103
Trd, 2591028.813, 104
Trd, 2591028.913, 105
Trd, 2591030.263, 100
Trd, 2591030.446, 103
Trd, 2591031.129, 100
Trd, 2591031.313, 101
Trd, 2591031.379, 100
Trd, 2591031.429, 135
Trd, 2591031.663, 146
Trd, 2591032.413, 140
Trd, 2591032.429, 138
Trd, 2591032.629, 139
Trd, 2591032.813, 145
Trd, 2591032.846, 138
Trd, 2591032.929, 137
Trd, 2591033.279, 133
Trd, 2591033.629, 145
Trd, 2591034.296, 146
Trd, 2591035.896, 150
Trd, 2591035.996, 150
Trd, 2591036.246, 132
Trd, 2591036.296, 149
Trd, 2591036.363, 115
Trd, 2591036.379, 114
Trd, 2591036.929, 101
Trd, 2591036.996, 106
Trd, 2591037.846, 100
Trd, 2591038.613, 100
Trd, 2591039.496, 100
Trd, 2591039.629, 100
Trd, 2591039.779, 105
Trd, 2591040.246, 106
Trd, 2591040.979, 105
Trd, 2591041.213, 104
Trd, 2591041.996, 104
Trd, 2591042.396, 105
Trd, 2591042.479, 106
Trd, 2591042.713, 121
Trd, 2591043.313, 149
Trd, 2591043.779, 118
Trd, 2591044.446, 136
Trd, 2591045.246, 137
Trd, 2591045.596, 147
Trd, 2591046.046, 139
Trd, 2591046.629, 150
Trd, 2591046.646, 150
Trd, 2591046.713, 150
Trd, 2591046.963, 132
Trd, 2591046.979, 130
Trd, 2591047.713, 128
Trd, 2591048.713, 150
Trd, 2591048.896, 150
Trd, 2591049.279, 150
Trd, 2591049.379, 150
Trd, 2591049.646, 149
Trd, 2591049.663, 148
Trd, 2591050.046, 140
Trd, 2591050.063, 148
Trd, 2591050.513, 129
Trd, 2591050.996, 138
Trd, 2591051.029, 132
Trd, 2591051.096, 131
Trd, 2591051.379, 131
Trd, 2591051.429, 119
Trd, 2591051.796, 115
Trd, 2591051.846, 137
Trd, 2591052.229, 103
Trd, 2591052.896, 102
Trd, 2591054.213, 100
Trd, 2591054.229, 100
Trd, 2591054.313, 100
Trd, 2591054.679, 100
Trd, 2591054.729, 100
Trd, 2591054.846, 101
Trd, 2591055.229, 101
Trd, 2591055.996, 100
Trd, 2591056.196, 102
Trd, 2591056.213, 102
Trd, 2591056.946, 105
Trd, 2591057.279, 103
Trd, 2591057.696, 104
Trd, 2591057.863, 103
Trd, 2591058.196, 107
Trd, 2591058.463, 127
Trd, 2591059.079, 139
Trd, 2591059.429, 127
Trd, 2591059.763, 127
Trd, 2591060.046, 139
Trd, 2591060.063, 140
Trd, 2591060.829, 150
Trd, 2591061.146, 140
Trd, 2591061.279, 116
Trd, 2591061.779, 102
Trd, 2591061.829, 103
Trd, 2591062.713, 102
Trd, 2591062.946, 100
Trd, 2591063.146, 102
Trd, 2591063.996, 102
Trd, 2591064.363, 103
Trd, 2591064.479, 101
Trd, 2591064.713, 102
Trd, 2591064.946, 103
Trd, 2591066.446, 108
Trd, 2591066.579, 104
Trd, 2591067.263, 104
Trd, 2591067.879, 117
Trd, 2591067.913, 104
Trd, 2591068.279, 128
Trd, 2591068.863, 112
Trd, 2591069.246, 112
Trd, 2591069.296, 115
Trd, 2591069.763, 118
Trd, 2591070.296, 118
Trd, 2591071.296, 121
Trd, 2591071.696, 122
Trd, 2591071.979, 124
Trd, 2591072.196, 120
Trd, 2591073.146, 123
Trd, 2591073.163, 122
Trd, 2591073.413, 130
Trd, 2591073.579, 120
Trd, 2591074.979, 128
Trd, 2591075.013, 122
Trd, 2591075.696, 132
Trd, 2591075.796, 134
Trd, 2591075.829, 124
Trd, 2591075.979, 123
Trd, 2591076.096, 131
Trd, 2591076.163, 121
Trd, 2591076.696, 104
Trd, 2591076.813, 115
Trd, 2591077.079, 104
Trd, 2591078.079, 100
Trd, 2591079.196, 111
Trd, 2591079.379, 110
Trd, 2591079.496, 112
Trd, 2591079.913, 106
Trd, 2591079.963, 112
Trd, 2591080.846, 150
Trd, 2591081.413, 150
Trd, 2591081.546, 150
Trd, 2591082.263, 150
Trd, 2591082.729, 150
Trd, 2591082.846, 150
Trd, 2591082.913, 150
Trd, 2591082.996, 150
Trd, 2591084.146, 150
Trd, 2591084.546, 150
Trd, 2591084.696, 149
Trd, 2591085.063, 150
Trd, 2591085.196, 149
Trd, 2591085.479, 148
Trd, 2591086.479, 134
Trd, 2591086.896, 135
Trd, 2591086.946, 133
Trd, 2591087.329, 136
Trd, 2591087.413, 103
Trd, 2591087.829, 137
Trd, 2591087.963, 145
Trd, 2591088.229, 127
Trd, 2591088.746, 101
Trd, 2591089.379, 118
Trd, 2591089.613, 148
Trd, 2591089.863, 147
Trd, 2591090.196, 148
Trd, 2591090.513, 147
Trd, 2591091.196, 135
Trd, 2591091.229, 134
Trd, 2591091.246, 143
Trd, 2591091.313, 116
Trd, 2591091.496, 142
Trd, 2591091.863, 116
Trd, 2591093.963, 150
Trd, 2591094.013, 150
Trd, 2591094.213, 150
Trd, 2591094.596, 150
Trd, 2591094.729, 150
Trd, 2591095.696, 150
Trd, 2591095.929, 150
Trd, 2591096.296, 150
Trd, 2591096.629, 150
Trd, 2591097.113, 150
Trd, 2591098.013, 148
Trd, 2591098.946, 150
Trd, 2591099.263, 149
Trd, 2591099.296, 147
Trd, 2591099.879, 148
Trd, 2591100.263, 149
Trd, 2591100.396, 147
Trd, 2591100.646, 146
Trd, 2591101.113, 141
Trd, 2591101.879, 121
Trd, 2591101.979, 132
Trd, 2591102.063, 132
Trd, 2591102.213, 133
Trd, 2591102.596, 138
Trd, 2591102.629, 140
Trd, 2591103.063, 149
Trd, 2591103.213, 146
Trd, 2591104.313, 124
Trd, 2591104.363, 123
Trd, 2591105.013, 123
Trd, 2591105.146, 109
Trd, 2591105.213, 108
Trd, 2591105.513, 106
Trd, 2591105.579, 123
Trd, 2591105.646, 124
Trd, 2591105.913, 103
Trd, 2591106.713, 102
Trd, 2591107.163, 102
Trd, 2591107.596, 104
Trd, 2591107.746, 103
Trd, 2591107.929, 101
Trd, 2591108.179, 106
Trd, 2591108.696, 103
Trd, 2591108.896, 103
Trd, 2591109.379, 103
Trd, 2591109.896, 104
Trd, 2591110.496, 104
Trd, 2591111.663, 101
Trd, 2591111.713, 104
Trd, 2591112.229, 119
Trd, 2591112.613, 104
Trd, 2591112.646, 103
Trd, 2591112.663, 102
Trd, 2591113.463, 128
Trd, 2591115.446, 150
Trd, 2591116.013, 150
Trd, 2591116.096, 149
Trd, 2591116.329, 144
Trd, 2591116.779, 150
Trd, 2591116.846, 144
Trd, 2591117.313, 145
Trd, 2591117.646, 147
Trd, 2591117.829, 146
Trd, 2591117.846, 145
Trd, 2591117.863, 140
Trd, 2591118.046, 129
Trd, 2591118.429, 123
Trd, 2591118.829, 139
Trd, 2591118.879, 134
Trd, 2591118.896, 141
Trd, 2591119.813, 145
Trd, 2591120.529, 117
Trd, 2591120.779, 105
Trd, 2591120.813, 106
Trd, 2591121.129, 111
Trd, 2591121.663, 149
Trd, 2591122.096, 100
Trd, 2591122.996, 126
Trd, 2591123.046, 129
Trd, 2591123.429, 113
Trd, 2591123.629, 125
Trd, 2591123.646, 126
Trd, 2591124.546, 150
Trd, 2591124.929, 150
Trd, 2591125.413, 150
Trd, 2591125.679, 150
Trd, 2591126.413, 150
Trd, 2591126.846, 150
Trd, 2591127.579, 150
Trd, 2591127.629, 149
Trd, 2591128.846, 150
Trd, 2591128.863, 150
Trd, 2591129.496, 150
Trd, 2591130.029, 150
Trd, 2591130.313, 150
Trd, 2591130.529, 149
Trd, 2591130.563, 149
Trd, 2591130.813, 150
Trd, 2591131.313, 148
Trd, 2591131.596, 147
Trd, 2591131.646, 142
Trd, 2591132.046, 140
Trd, 2591132.263, 140
Trd, 2591132.346, 148
Trd, 2591132.879, 142
Trd, 2591133.179, 139
Trd, 2591133.496, 142
Trd, 2591133.829, 133
Trd, 2591133.996, 116
Trd, 2591134.413, 113
Trd, 2591134.996, 149
Trd, 2591135.246, 115
Trd, 2591136.063, 123
Trd, 2591136.179, 110
Trd, 2591136.413, 130
Trd, 2591136.729, 109
Trd, 2591137.279, 106
Trd, 2591137.496, 103
Trd, 2591137.563, 107
Trd, 2591137.713, 135
Trd, 2591137.963, 100
Trd, 2591137.979, 101
Trd, 2591138.646, 102
Trd, 2591138.979, 104
Trd, 2591139.663, 102
Trd, 2591139.929, 102
Trd, 2591140.079, 103
Trd, 2591140.713, 105
Trd, 2591140.863, 104
Trd, 2591141.046, 126
Trd, 2591143.263, 150
Trd, 2591143.879, 147
Trd, 2591144.096, 129
Trd, 2591144.129, 119
Trd, 2591144.746, 121
Trd, 2591144.813, 120
Trd, 2591145.113, 128
Trd, 2591145.646, 120
Trd, 2591145.729, 118
Trd, 2591146.213, 126
Trd, 2591146.929, 117
Trd, 2591147.229, 123
Trd, 2591147.996, 117
Trd, 2591148.046, 116
Trd, 2591148.529, 100
Trd, 2591148.713, 119
Trd, 2591149.346, 100
Trd, 2591150.146, 100
Trd, 2591150.229, 101
Trd, 2591150.613, 100
Trd, 2591150.913, 101
Trd, 2591151.029, 107
Trd, 2591151.096, 106
Trd, 2591151.413, 102
Trd, 2591152.013, 104
Trd, 2591152.213, 108
Trd, 2591152.313, 102
Trd, 2591152.663, 112
Trd, 2591153.529, 150
Trd, 2591154.246, 150
Trd, 2591154.429, 150
Trd, 2591154.879, 150
Trd, 2591156.396, 150
Trd, 2591156.446, 150
Trd, 2591156.763, 150
Trd, 2591157.013, 150
Trd, 2591157.063, 150
Trd, 2591157.963, 150
Trd, 2591158.429, 150
Trd, 2591158.946, 150
Trd, 2591159.079, 150
Trd, 2591159.213, 150
Trd, 2591159.579, 150
Trd, 2591159.796, 150
Trd, 2591159.863, 150
Trd, 2591160.379, 150
Trd, 2591160.863, 150
Trd, 2591161.396, 150
Trd, 2591161.679, 150
Trd, 2591162.163, 150
Trd, 2591162.229, 150
Trd, 2591162.263, 150
Trd, 2591162.479, 149
Trd, 2591162.546, 130
Trd, 2591163.113, 140
Trd, 2591163.513, 132
Trd, 2591163.596, 132
Trd, 2591163.713, 131
Trd, 2591163.863, 130
Trd, 2591164.629, 138
Trd, 2591165.079, 138
Trd, 2591165.196, 137
Trd, 2591165.463, 136
Trd, 2591165.546, 138
Trd, 2591165.663, 113
Trd, 2591166.746, 150
Trd, 2591166.879, 150
Trd, 2591167.896, 143
Trd, 2591168.046, 138
Trd, 2591168.713, 149
Trd, 2591168.946, 150
Trd, 2591169.929, 150
Trd, 2591170.413, 150
Trd, 2591171.513, 150
Trd, 2591171.563, 150
Trd, 2591171.846, 150
Trd, 2591172.263, 150
Trd, 2591172.429, 150
Trd, 2591172.679, 150
Trd, 2591172.996, 150
Trd, 2591173.379, 150
Trd, 2591173.396, 150
Trd, 2591174.129, 150
Trd, 2591174.346, 150
Trd, 2591174.496, 147
Trd, 2591174.796, 150
Trd, 2591174.896, 148
Trd, 2591174.963, 109
Trd, 2591176.146, 141
Trd, 2591176.163, 140
Trd, 2591176.213, 108
Trd, 2591176.779, 142
Trd, 2591176.996, 110
Trd, 2591177.429, 100
Trd, 2591177.829, 100
Trd, 2591178.063, 100
Trd, 2591178.413, 100
Trd, 2591178.429, 100
Trd, 2591178.479, 117
Trd, 2591179.196, 150
Trd, 2591179.696, 149
Trd, 2591180.313, 150
Trd, 2591181.446, 150
Trd, 2591181.679, 150
Trd, 2591181.796, 150
Trd, 2591182.146, 150
Trd, 2591182.829, 150
Trd, 2591182.996, 149
Trd, 2591183.163, 141
Trd, 2591183.396, 111
Trd, 2591184.113, 150
Trd, 2591184.146, 150
Trd, 2591184.729, 150
Trd, 2591185.029, 150
Trd, 2591185.429, 150
Trd, 2591185.629, 150
Trd, 2591187.146, 150
Trd, 2591187.329, 150
Trd, 2591187.546, 150
Trd, 2591187.746, 149
Trd, 2591187.829, 150
Trd, 2591187.929, 148
Trd, 2591188.146, 139
Trd, 2591188.829, 139
Trd, 2591189.763, 123
Trd, 2591190.346, 120
Trd, 2591190.496, 123
Trd, 2591190.879, 108
Trd, 2591191.546, 100
Trd, 2591191.863, 100
Trd, 2591192.479, 100
Trd, 2591193.529, 100
Trd, 2591194.246, 100
Trd, 2591194.646, 100
Trd, 2591194.696, 100
Trd, 2591194.746, 101
Trd, 2591195.063, 101
Trd, 2591195.229, 101
Trd, 2591195.479, 101
Trd, 2591195.646, 102
Trd, 2591195.863, 102
Trd, 2591196.079, 103
Trd, 2591196.146, 105
Trd, 2591196.179, 102
Trd, 2591196.363, 100
Trd, 2591196.846, 110
Trd, 2591197.163, 100
Trd, 2591197.446, 105
Trd, 2591197.563, 110
Trd, 2591197.713, 111
Trd, 2591197.729, 104
Trd, 2591198.163, 103
Trd, 2591198.246, 104
Trd, 2591198.579, 122
Trd, 2591198.679, 103
Trd, 2591199.129, 150
Trd, 2591199.779, 150
Trd, 2591201.179, 150
Trd, 2591202.196, 150
Trd, 2591202.229, 150
Trd, 2591202.296, 150
Trd, 2591202.696, 149
Trd, 2591202.746, 148
Trd, 2591203.046, 150
Trd, 2591203.363, 150
Trd, 2591204.229, 150
Trd, 2591205.629, 150
Trd, 2591205.796, 150
Trd, 2591206.213, 150
Trd, 2591206.663, 150
Trd, 2591207.329, 150
Trd, 2591207.846, 150
Trd, 2591207.963, 149
Trd, 2591207.996, 148
Trd, 2591208.513, 126
Trd, 2591208.713, 141
Trd, 2591209.213, 144
Trd, 2591209.346, 145
Trd, 2591209.646, 133
Trd, 2591209.813, 145
Trd, 2591209.946, 132
Trd, 2591210.279, 131
Trd, 2591210.513, 125
Trd, 2591210.846, 117
Trd, 2591211.129, 138
Trd, 2591211.746, 137
Trd, 2591211.796, 136
Trd, 2591211.813, 110
Trd, 2591211.896, 138
Trd, 2591211.996, 106
Trd, 2591212.313, 143
Trd, 2591213.363, 149
Trd, 2591213.613, 150
Trd, 2591213.696, 149
Trd, 2591215.496, 100
Trd, 2591215.713, 100
Trd, 2591217.329, 100
Trd, 2591218.529, 100
Trd, 2591219.496, 100
Trd, 2591219.513, 100
Trd, 2591219.596, 100
Trd, 2591219.629, 101
Trd, 2591219.646, 101
Trd, 2591220.213, 102
Trd, 2591220.479, 104
Trd, 2591220.546, 104
Trd, 2591220.746, 105
Trd, 2591220.813, 127
Trd, 2591221.413, 150
Trd, 2591221.729, 150
Trd, 2591221.763, 150
Trd, 2591221.879, 150
Trd, 2591221.913, 149
Trd, 2591222.029, 116
Trd, 2591222.129, 115
Trd, 2591222.646, 148
Trd, 2591225.179, 150
Trd, 2591225.329, 150
Trd, 2591225.379, 150
Trd, 2591225.863, 149
Trd, 2591225.946, 149
Trd, 2591226.463, 150
Trd, 2591227.129, 150
Trd, 2591227.146, 150
Trd, 2591227.413, 150
Trd, 2591227.496, 144
Trd, 2591227.563, 142
Trd, 2591228.213, 139
Trd, 2591228.479, 138
Trd, 2591228.546, 137
Trd, 2591228.729, 137
Trd, 2591228.963, 134
Trd, 2591228.996, 107
Trd, 2591230.363, 102
Trd, 2591230.396, 103
Trd, 2591230.413, 104
Trd, 2591230.546, 105
Trd, 2591231.629, 100
Trd, 2591231.729, 100
Trd, 2591232.163, 103
Trd, 2591232.179, 108
Trd, 2591232.313, 103
Trd, 2591232.346, 113
Trd, 2591233.246, 150
Trd, 2591233.413, 147
Trd, 2591233.679, 150
Trd, 2591235.163, 150
Trd, 2591235.846, 150
Trd, 2591235.946, 150
Trd, 2591236.213, 150
Trd, 2591236.263, 150
Trd, 2591236.896, 150
Trd, 2591237.296, 150
Trd, 2591237.529, 148
Trd, 2591237.646, 146
Trd, 2591238.363, 147
Trd, 2591238.913, 147
Trd, 2591238.963, 148
Trd, 2591239.129, 150
Trd, 2591239.329, 110
Trd, 2591239.379, 100
Trd, 2591239.763, 123
Trd, 2591239.896, 122
Trd, 2591240.263, 101
Trd, 2591240.413, 119
Trd, 2591241.479, 147
Trd, 2591241.879, 130
Trd, 2591243.213, 150
Trd, 2591243.329, 150
Trd, 2591243.363, 150
Trd, 2591243.646, 145
Trd, 2591243.813, 140
Trd, 2591244.079, 131
Trd, 2591244.163, 130
Trd, 2591244.329, 146
Trd, 2591244.446, 129
Trd, 2591244.546, 145
Trd, 2591244.596, 144
Trd, 2591245.763, 138
Trd, 2591245.796, 137
Trd, 2591246.029, 136
Trd, 2591246.096, 119
Trd, 2591246.346, 115
Trd, 2591246.479, 106
Trd, 2591246.496, 103
Trd, 2591247.913, 107
Trd, 2591248.063, 108
Trd, 2591248.746, 100
Trd, 2591248.813, 109
Trd, 2591249.863, 110
Trd, 2591250.046, 122
Trd, 2591250.479, 127
Trd, 2591250.613, 124
Trd, 2591250.829, 124
Trd, 2591251.279, 126
Trd, 2591251.546, 124
Trd, 2591252.013, 124
Trd, 2591252.429, 126
Trd, 2591252.446, 121
Trd, 2591252.646, 149
Trd, 2591252.896, 122
Trd, 2591253.796, 150
Trd, 2591254.079, 150
Trd, 2591254.729, 150
Trd, 2591254.846, 150
Trd, 2591255.963, 150
Trd, 2591256.913, 150
Trd, 2591256.929, 150
Trd, 2591257.329, 150
Trd, 2591257.429, 149
Trd, 2591257.879, 148
Trd, 2591257.896, 146
Trd, 2591259.013, 145
Trd, 2591259.196, 140
Trd, 2591259.563, 140
Trd, 2591259.613, 141
Trd, 2591259.796, 142
Trd, 2591259.996, 139
Trd, 2591260.229, 142
Trd, 2591261.913, 135
Trd, 2591262.213, 136
Trd, 2591262.279, 138
Trd, 2591262.596, 135
Trd, 2591262.763, 134
Trd, 2591263.013, 139
Trd, 2591263.163, 138
Trd, 2591263.596, 114
Trd, 2591263.946, 103
Trd, 2591265.279, 100
Trd, 2591266.546, 100
Trd, 2591266.913, 100
Trd, 2591266.946, 100
Trd, 2591266.996, 100
Trd, 2591267.296, 102
Trd, 2591268.563, 100
Trd, 2591269.329, 100
Trd, 2591270.413, 100
Trd, 2591270.596, 100
Trd, 2591270.613, 100
Trd, 2591270.696, 100
Trd, 2591271.263, 100
Trd, 2591271.679, 100
Trd, 2591271.763, 101
Trd, 2591271.779, 103
Trd, 2591272.496, 100
Trd, 2591272.896, 102
Trd, 2591272.929, 102
Trd, 2591273.413, 106
Trd, 2591273.546, 107
Trd, 2591273.946, 111
Trd, 2591274.196, 124
Trd, 2591274.363, 148
Trd, 2591274.913, 150
Trd, 2591275.613, 150
Trd, 2591276.046, 150
Trd, 2591277.613, 150
Trd, 2591277.879, 150
Trd, 2591278.496, 150
Trd, 2591278.746, 150
Trd, 2591278.963, 150
Trd, 2591279.213, 150
Trd, 2591279.379, 150
Trd, 2591279.496, 150
Trd, 2591279.896, 150
Trd, 2591280.179, 150
Trd, 2591280.429, 150
Trd, 2591280.496, 150
Trd, 2591281.079, 150
Trd, 2591281.779, 150
Trd, 2591281.829, 150
Trd, 2591281.929, 150
Trd, 2591282.196, 150
Trd, 2591282.279, 148
Trd, 2591282.613, 129
Trd, 2591282.763, 120
Trd, 2591282.846, 148
Trd, 2591282.896, 118
Trd, 2591284.096, 116
Trd, 2591285.263, 129
Trd, 2591285.413, 122
Trd, 2591285.429, 121
Trd, 2591285.863, 129
Trd, 2591285.913, 120
Trd, 2591286.129, 113
Trd, 2591286.296, 105
Trd, 2591286.579, 127
Trd, 2591286.629, 131
Trd, 2591286.879, 108
Trd, 2591288.179, 100
Trd, 2591288.213, 100
Trd, 2591288.429, 100
Trd, 2591288.596, 101
Trd, 2591290.163, 105
Trd, 2591290.713, 150
Trd, 2591290.946, 150
Trd, 2591291.079, 150
Trd, 2591291.913, 150
Trd, 2591292.429, 150
Trd, 2591292.663, 150
Trd, 2591294.246, 150
Trd, 2591294.296, 150
Trd, 2591294.513, 150
Trd, 2591294.763, 150
Trd, 2591294.796, 150
Trd, 2591295.463, 150
Trd, 2591295.729, 150
Trd, 2591296.213, 150
Trd, 2591296.246, 150
Trd, 2591296.329, 150
Trd, 2591296.829, 150
Trd, 2591296.846, 150
Trd, 2591297.329, 150
Trd, 2591297.546, 149
Trd, 2591297.679, 148
Trd, 2591297.963, 146
Trd, 2591298.063, 149
Trd, 2591299.229, 150
Trd, 2591299.879, 150
Trd, 2591300.146, 150
Trd, 2591300.729, 150
Trd, 2591300.963, 150
Trd, 2591301.046, 146
Trd, 2591301.079, 144
Trd, 2591301.346, 120
Trd, 2591301.546, 110
Trd, 2591302.329, 102
Trd, 2591302.696, 148
Trd, 2591302.879, 101
Trd, 2591303.296, 100
Trd, 2591303.763, 100
Trd, 2591304.479, 100
Trd, 2591304.496, 100
Trd, 2591304.563, 101
Trd, 2591304.679, 100
Trd, 2591304.796, 102
Trd, 2591305.329, 146
Trd, 2591305.579, 135
Trd, 2591305.863, 134
Trd, 2591306.496, 121
Trd, 2591306.796, 117
Trd, 2591307.913, 150
Trd, 2591308.379, 150
Trd, 2591308.663, 150
Trd, 2591309.129, 150
Trd, 2591309.696, 150
Trd, 2591309.913, 150
Trd, 2591310.629, 150
Trd, 2591310.796, 150
Trd, 2591310.896, 149
Trd, 2591311.629, 149
Trd, 2591311.863, 148
Trd, 2591311.879, 144
Trd, 2591312.596, 138
Trd, 2591312.646, 140
Trd, 2591313.279, 124
Trd, 2591314.096, 141
Trd, 2591314.313, 140
Trd, 2591314.546, 134
Trd, 2591314.663, 122
Trd, 2591314.863, 141
Trd, 2591315.613, 141
Trd, 2591316.063, 141
Trd, 2591316.479, 135
Trd, 2591316.646, 136
Trd, 2591316.663, 135
Trd, 2591317.246, 110
Trd, 2591318.129, 110
Trd, 2591318.213, 150
Trd, 2591319.663, 100
Trd, 2591319.863, 100
Trd, 2591319.963, 103
Trd, 2591320.079, 104
Trd, 2591320.363, 138
Trd, 2591320.979, 142
Trd, 2591321.529, 111
Trd, 2591321.913, 150
Trd, 2591322.463, 150
Trd, 2591322.563, 150
Trd, 2591322.846, 150
Trd, 2591322.879, 149
Trd, 2591323.129, 148
Trd, 2591323.496, 146
Trd, 2591323.763, 145
Trd, 2591323.813, 149
Trd, 2591323.846, 150
Trd, 2591325.246, 150
Trd, 2591325.479, 150
Trd, 2591325.729, 150
Trd, 2591326.313, 150
Trd, 2591327.596, 150
Trd, 2591327.896, 150
Trd, 2591328.113, 150
Trd, 2591328.229, 150
Trd, 2591328.246, 150
Trd, 2591328.879, 150
Trd, 2591329.263, 147
Trd, 2591329.596, 146
Trd, 2591329.629, 147
Trd, 2591329.879, 146
Trd, 2591330.296, 150
Trd, 2591330.329, 121
Trd, 2591330.646, 120
Trd, 2591331.446, 148
Trd, 2591331.729, 148
Trd, 2591332.213, 132
Trd, 2591332.913, 127
Trd, 2591333.196, 127
Trd, 2591333.563, 141
Trd, 2591333.729, 127
Trd, 2591333.946, 102
Trd, 2591334.079, 103
Trd, 2591334.263, 105
Trd, 2591334.963, 106
Trd, 2591335.346, 107
Trd, 2591335.463, 108
Trd, 2591335.929, 135
Trd, 2591337.029, 116
Trd, 2591337.513, 110
Trd, 2591337.546, 109
Trd, 2591337.646, 137
Trd, 2591337.946, 135
Trd, 2591338.229, 111
Trd, 2591338.579, 109
Trd, 2591339.029, 102
Trd, 2591339.679, 107
Trd, 2591340.146, 106
Trd, 2591340.963, 100
Trd, 2591341.213, 100
Trd, 2591341.696, 101
Trd, 2591341.763, 103
Trd, 2591342.563, 101
Trd, 2591343.029, 102
Trd, 2591343.196, 103
Trd, 2591343.796, 121
Trd, 2591344.179, 125
Trd, 2591344.713, 109
Trd, 2591344.829, 111
Trd, 2591344.863, 105
Trd, 2591345.563, 112
Trd, 2591346.046, 150
Trd, 2591346.729, 150
Trd, 2591347.063, 150
Trd, 2591347.963, 150
Trd, 2591348.163, 150
Trd, 2591348.329, 149
Trd, 2591349.029, 148
Trd, 2591349.046, 146
Trd, 2591349.479, 146
Trd, 2591349.963, 149
Trd, 2591350.196, 148
Trd, 2591350.329, 148
Trd, 2591350.429, 147
Trd, 2591351.196, 135
Trd, 2591352.046, 147
Trd, 2591352.179, 145
Trd, 2591352.279, 145
Trd, 2591352.396, 146
Trd, 2591352.929, 144
Trd, 2591354.079, 123
Trd, 2591354.346, 123
Trd, 2591354.696, 126
Trd, 2591355.046, 120
Trd, 2591355.113, 125
Trd, 2591355.429, 109
Trd, 2591355.863, 107
Trd, 2591356.629, 114
Trd, 2591356.896, 114
Trd, 2591356.913, 111
Trd, 2591357.946, 109
Trd, 2591358.263, 109
Trd, 2591358.563, 109
Trd, 2591358.813, 110
Trd, 2591359.496, 129
Trd, 2591359.596, 149
Trd, 2591359.729, 147
Trd, 2591359.763, 119
Trd, 2591360.029, 119
Trd, 2591360.246, 120
Trd, 2591360.696, 150
Trd, 2591360.779, 119
Trd, 2591362.029, 150
Trd, 2591362.113, 150
Trd, 2591362.446, 150
Trd, 2591362.796, 150
Trd, 2591362.946, 150
Trd, 2591364.563, 150
Trd, 2591364.713, 150
Trd, 2591364.746, 150
Trd, 2591366.079, 150
Trd, 2591366.179, 150
Trd, 2591366.496, 150
Trd, 2591366.513, 150
Trd, 2591368.063, 150
Trd, 2591368.163, 150
Trd, 2591368.279, 150
Trd, 2591368.463, 150
Trd, 2591368.929, 150
Trd, 2591369.096, 150
Trd, 2591369.113, 150
Trd, 2591369.246, 150
Trd, 2591369.296, 147
Trd, 2591369.729, 144
Trd, 2591369.863, 149
Trd, 2591370.413, 135
Trd, 2591371.213, 144
Trd, 2591371.813, 116
Trd, 2591371.846, 140
Trd, 2591372.663, 112
Trd, 2591372.679, 139
Trd, 2591373.546, 102
Trd, 2591373.746, 102
Trd, 2591374.196, 103
Trd, 2591374.579, 137
Trd, 2591374.979, 104
Trd, 2591375.113, 102
Trd, 2591375.829, 135
Trd, 2591375.946, 131
Trd, 2591376.146, 135
Trd, 2591376.246, 130
Trd, 2591376.413, 104
Trd, 2591376.913, 138
Trd, 2591377.163, 123
Trd, 2591377.796, 100
Trd, 2591378.646, 101
Trd, 2591378.679, 101
Trd, 2591378.929, 101
Trd, 2591378.996, 104
Trd, 2591379.429, 103
Trd, 2591380.079, 105
Trd, 2591380.646, 110
Trd, 2591381.046, 107
Trd, 2591381.129, 108
Trd, 2591381.246, 107
Trd, 2591382.363, 150
Trd, 2591382.646, 143
Trd, 2591383.263, 141
Trd, 2591383.579, 135
Trd, 2591383.646, 134
Trd, 2591383.679, 143
Trd, 2591384.113, 134
Trd, 2591384.296, 133
Trd, 2591385.146, 100
Trd, 2591385.546, 104
Trd, 2591386.379, 101
Trd, 2591386.846, 104
Trd, 2591387.163, 103
Trd, 2591388.963, 100
Trd, 2591389.279, 100
Trd, 2591390.229, 100
Trd, 2591390.279, 100
Trd, 2591390.296, 101
Trd, 2591390.529, 100
Trd, 2591390.579, 100
Trd, 2591390.646, 101
Trd, 2591390.729, 102
Trd, 2591391.113, 101
Trd, 2591391.579, 100
Trd, 2591391.746, 101
Trd, 2591392.013, 107
Trd, 2591392.246, 104
Trd, 2591392.479, 107
Trd, 2591392.546, 108
Trd, 2591392.746, 110
Trd, 2591393.146, 111
Trd, 2591393.496, 113
Trd, 2591393.696, 114
Trd, 2591393.713, 111
Trd, 2591394.846, 105
Trd, 2591394.896, 105
Trd, 2591395.529, 107
Trd, 2591396.046, 108
Trd, 2591396.146, 108
Trd, 2591396.263, 107
Trd, 2591396.513, 113
Trd, 2591396.996, 109
Trd, 2591397.213, 124
Trd, 2591397.429, 107
Trd, 2591397.463, 103
Trd, 2591397.513, 129
Trd, 2591398.163, 150
Trd, 2591398.496, 137
Trd, 2591399.829, 150
Trd, 2591400.246, 150
Trd, 2591401.179, 150
Trd, 2591401.629, 150
Trd, 2591401.646, 150
Trd, 2591401.913, 150
Trd, 2591401.929, 150
Trd, 2591402.663, 150
Trd, 2591403.263, 150
Trd, 2591403.529, 149
Trd, 2591403.563, 149
Trd, 2591404.163, 150
Trd, 2591404.179, 150
Trd, 2591404.579, 150
Trd, 2591405.329, 150
Trd, 2591405.396, 150
Trd, 2591405.713, 150
Trd, 2591405.746, 150
Trd, 2591406.296, 149
Trd, 2591406.613, 149
Trd, 2591406.929, 150
Trd, 2591407.829, 150
Trd, 2591407.929, 150
Trd, 2591408.313, 150
Trd, 2591408.513, 150
Trd, 2591408.529, 150
Trd, 2591408.713, 150
Trd, 2591408.946, 150
Trd, 2591409.146, 150
Trd, 2591409.213, 149
Trd, 2591409.329, 149
Trd, 2591409.446, 147
Trd, 2591409.713, 144
Trd, 2591409.963, 140
Trd, 2591410.279, 149
Trd, 2591410.679, 127
Trd, 2591411.513, 126
Trd, 2591412.546, 150
Trd, 2591412.596, 137
Trd, 2591413.179, 144
Trd, 2591414.096, 150
Trd, 2591414.946, 147
Trd, 2591415.229, 120
Trd, 2591415.296, 149
Trd, 2591416.196, 150
Trd, 2591416.963, 150
Trd, 2591417.529, 150
Trd, 2591417.913, 150
Trd, 2591418.529, 150
Trd, 2591418.613, 150
Trd, 2591418.863, 150
Trd, 2591418.929, 149
Trd, 2591419.413, 150
Trd, 2591419.629, 150
Trd, 2591419.813, 150
Trd, 2591419.829, 149
Trd, 2591419.946, 140
Trd, 2591420.529, 117
Trd, 2591420.596, 145
Trd, 2591420.913, 108
Trd, 2591421.563, 141
Trd, 2591422.029, 127
Trd, 2591423.263, 132
Trd, 2591423.396, 133
Trd, 2591423.679, 132
Trd, 2591423.713, 130
Trd, 2591423.813, 135
Trd, 2591424.429, 133
Trd, 2591425.213, 131
Trd, 2591426.529, 150
Trd, 2591427.296, 150
Trd, 2591427.446, 150
Trd, 2591428.663, 150
Trd, 2591428.763, 150
Trd, 2591429.279, 149
Trd, 2591429.363, 149
Trd, 2591429.913, 150
Trd, 2591430.079, 150
Trd, 2591430.163, 149
Trd, 2591430.196, 146
Trd, 2591430.563, 138
Trd, 2591430.896, 149
Trd, 2591431.013, 130
Trd, 2591431.929, 140
Trd, 2591432.129, 141
Trd, 2591432.163, 123
Trd, 2591432.413, 141
Trd, 2591432.863, 138
Trd, 2591433.113, 139
Trd, 2591433.163, 140
Trd, 2591433.246, 139
Trd, 2591433.363, 138
Trd, 2591433.629, 140
Trd, 2591433.963, 124
Trd, 2591434.163, 122
Trd, 2591434.596, 109
Trd, 2591435.263, 140
Trd, 2591435.463, 104
Trd, 2591435.779, 144
Trd, 2591435.813, 104
Trd, 2591436.079, 102
Trd, 2591437.329, 115
Trd, 2591437.946, 113
Trd, 2591438.513, 135
Trd, 2591439.946, 131
Trd, 2591440.129, 132
Trd, 2591440.379, 131
Trd, 2591440.446, 133
Trd, 2591440.479, 128
Trd, 2591440.813, 128
Trd, 2591440.913, 127
Trd, 2591441.046, 100
Trd, 2591441.213, 107
Trd, 2591442.496, 132
Trd, 2591443.013, 150
Trd, 2591443.496, 149
Trd, 2591443.979, 149
Trd, 2591444.213, 149
Trd, 2591444.379, 149
Trd, 2591444.596, 148
Trd, 2591444.879, 132
Trd, 2591445.229, 114
Trd, 2591446.096, 126
Trd, 2591446.713, 105
Trd, 2591446.879, 108
Trd, 2591447.113, 109
Trd, 2591447.829, 101
Trd, 2591448.146, 100
Trd, 2591448.279, 100
Trd, 2591448.329, 101
Trd, 2591448.479, 102
Trd, 2591448.496, 100
Trd, 2591448.546, 103
Trd, 2591449.296, 150
Trd, 2591451.879, 150
Trd, 2591451.946, 150
Trd, 2591452.113, 150
Trd, 2591452.296, 150
Trd, 2591453.046, 150
Trd, 2591453.363, 150
Trd, 2591453.763, 150
Trd, 2591453.829, 150
Trd, 2591453.963, 150
Trd, 2591454.029, 150
Trd, 2591454.513, 150
Trd, 2591454.529, 150
Trd, 2591454.629, 150
Trd, 2591454.679, 150
Trd, 2591455.279, 150
Trd, 2591455.596, 150
Trd, 2591455.763, 150
Trd, 2591456.513, 150
Trd, 2591456.563, 150
Trd, 2591456.829, 150
Trd, 2591456.863, 150
Trd, 2591457.013, 145
Trd, 2591457.413, 117
Trd, 2591460.279, 150
Trd, 2591460.446, 150
Trd, 2591461.029, 150
Trd, 2591461.063, 148
Trd, 2591461.413, 147
Trd, 2591461.513, 149
Trd, 2591461.696, 147
Trd, 2591461.763, 134
Trd, 2591462.429, 128
Trd, 2591462.646, 127
Trd, 2591463.063, 137
Trd, 2591463.113, 127
Trd, 2591463.463, 128
Trd, 2591463.563, 126
Trd, 2591463.879, 149
Trd, 2591464.013, 123
Trd, 2591464.746, 108
Trd, 2591465.079, 105
Trd, 2591465.446, 143
Trd, 2591466.763, 132
Trd, 2591466.996, 137
Trd, 2591467.129, 145
Trd, 2591467.613, 135
Trd, 2591468.429, 136
Trd, 2591468.463, 147
Trd, 2591468.596, 135
Trd, 2591469.263, 150
Trd, 2591469.579, 144
Trd, 2591469.896, 136
Trd, 2591470.696, 150
Trd, 2591471.896, 150
Trd, 2591472.296, 150
Trd, 2591472.413, 150
Trd, 2591473.046, 150
Trd, 2591474.213, 150
Trd, 2591474.346, 150
Trd, 2591474.396, 150
Trd, 2591474.613, 150
Trd, 2591475.013, 150
Trd, 2591476.046, 150
Trd, 2591476.196, 150
Trd, 2591476.479, 150
Trd, 2591476.763, 150
Trd, 2591477.196, 150
Trd, 2591477.496, 150
Trd, 2591477.579, 150
Trd, 2591478.079, 150
Trd, 2591479.229, 150
Trd, 2591479.329, 150
Trd, 2591479.896, 150
Trd, 2591479.946, 150
Trd, 2591480.096, 150
Trd, 2591480.463, 150
Trd, 2591480.513, 150
Trd, 2591480.563, 147
Trd, 2591480.929, 146
Trd, 2591481.046, 150
Trd, 2591481.079, 132
Trd, 2591482.096, 148
Trd, 2591482.263, 144
Trd, 2591482.696, 150
Trd, 2591482.813, 138
Trd, 2591484.063, 138
Trd, 2591484.079, 137
Trd, 2591484.129, 139
Trd, 2591484.913, 129
Trd, 2591485.129, 106
Trd, 2591485.513, 148
Trd, 2591485.529, 102
Trd, 2591485.729, 102
Trd, 2591486.179, 114
Trd, 2591486.546, 148
Trd, 2591487.396, 150
Trd, 2591487.563, 150
Trd, 2591489.446, 150
Trd, 2591489.629, 150
Trd, 2591490.046, 150
Trd, 2591490.079, 150
Trd, 2591490.163, 150
Trd, 2591490.446, 149
Trd, 2591490.679, 150
Trd, 2591490.813, 147
Trd, 2591491.013, 144
Trd, 2591491.196, 134
Trd, 2591491.979, 150
Trd, 2591492.246, 150
Trd, 2591492.313, 150
Trd, 2591492.379, 149
Trd, 2591492.529, 149
Trd, 2591492.629, 142
Trd, 2591494.496, 150
Trd, 2591494.679, 150
Trd, 2591496.063, 150
Trd, 2591496.413, 150
Trd, 2591496.679, 150
Trd, 2591497.113, 150
Trd, 2591498.396, 150
Trd, 2591498.746, 150
Trd, 2591499.179, 150
Trd, 2591499.679, 150
Trd, 2591500.529, 149
Trd, 2591500.579, 150
Trd, 2591501.346, 150
Trd, 2591501.479, 150
Trd, 2591501.629, 150
Trd, 2591501.663, 150
Trd, 2591502.113, 150
Trd, 2591502.479, 150
Trd, 2591503.179, 150
Trd, 2591503.196, 150
Trd, 2591503.546, 149
Trd, 2591503.563, 148
Trd, 2591503.596, 147
Trd, 2591503.846, 147
Trd, 2591504.129, 147
Trd, 2591504.663, 148
Trd, 2591504.763, 147
Trd, 2591504.946, 146
Trd, 2591505.046, 148
Trd, 2591505.963, 148
Trd, 2591506.546, 149
Trd, 2591506.779, 148
Trd, 2591507.079, 146
Trd, 2591507.963, 118
Trd, 2591508.029, 117
Trd, 2591508.229, 143
Trd, 2591508.429, 117
Trd, 2591508.813, 114
Trd, 2591508.963, 144
Trd, 2591509.913, 149
Trd, 2591510.779, 146
Trd, 2591510.946, 143
Trd, 2591511.229, 147
Trd, 2591511.746, 136
Trd, 2591512.396, 135
Trd, 2591512.446, 134
Trd, 2591512.863, 131
Trd, 2591512.979, 137
Trd, 2591513.263, 128
Trd, 2591513.963, 139
Trd, 2591514.713, 148
Trd, 2591514.796, 147
Trd, 2591515.363, 150
Trd, 2591515.729, 149
Trd, 2591516.079, 150
Trd, 2591516.446, 149
Trd, 2591516.679, 146
Trd, 2591517.346, 149
Trd, 2591517.413, 132
Trd, 2591518.746, 142
Trd, 2591518.813, 141
Trd, 2591518.879, 141
Trd, 2591518.913, 139
Trd, 2591519.096, 126
Trd, 2591519.296, 132
Trd, 2591520.263, 140
Trd, 2591520.679, 117
Trd, 2591520.696, 138
Trd, 2591520.879, 140
Trd, 2591521.213, 136
Trd, 2591521.613, 120
Trd, 2591522.246, 120
Trd, 2591522.879, 100
Trd, 2591523.446, 100
Trd, 2591523.563, 100
Trd, 2591523.679, 100
Trd, 2591523.696, 101
Trd, 2591523.813, 104
Trd, 2591524.596, 121
Trd, 2591524.679, 104
Trd, 2591525.029, 150
Trd, 2591525.113, 150
Trd, 2591525.429, 106
Trd, 2591527.079, 148
Trd, 2591527.363, 144
Trd, 2591527.379, 143
Trd, 2591527.796, 143
Trd, 2591527.829, 142
Trd, 2591528.163, 142
Trd, 2591528.229, 141
Trd, 2591528.496, 121
Trd, 2591528.729, 141
Trd, 2591529.329, 122
Trd, 2591529.713, 116
Trd, 2591529.863, 101
Trd, 2591530.696, 100
Trd, 2591530.879, 100
Trd, 2591532.129, 100
Trd, 2591532.313, 100
Trd, 2591532.779, 102
Trd, 2591532.796, 104
Trd, 2591533.579, 104
Trd, 2591534.029, 106
Trd, 2591534.379, 150
Trd, 2591534.546, 150
Trd, 2591534.663, 150
Trd, 2591534.813, 150
Trd, 2591534.929, 150
Trd, 2591535.346, 150
Trd, 2591535.946, 150
Trd, 2591536.046, 150
Trd, 2591537.313, 150
Trd, 2591537.363, 150
Trd, 2591538.113, 150
Trd, 2591538.329, 150
Trd, 2591538.613, 148
Trd, 2591538.846, 147
Trd, 2591538.996, 131
Trd, 2591539.046, 132
Trd, 2591540.163, 145
Trd, 2591540.563, 145
Trd, 2591540.829, 150
Trd, 2591541.029, 127
Trd, 2591541.463, 148
Trd, 2591541.729, 150
Trd, 2591542.646, 105
Trd, 2591543.079, 108
Trd, 2591543.763, 100
Trd, 2591543.963, 100
Trd, 2591544.046, 100
Trd, 2591544.263, 106
Trd, 2591544.446, 107
Trd, 2591545.413, 150
Trd, 2591546.296, 150
Trd, 2591547.246, 150
Trd, 2591547.596, 150
Trd, 2591547.779, 148
Trd, 2591548.179, 150
Trd, 2591548.229, 150
Trd, 2591548.979, 150
Trd, 2591549.179, 150
Trd, 2591549.279, 149
Trd, 2591549.413, 149
Trd, 2591549.729, 148
Trd, 2591550.546, 148
Trd, 2591551.079, 150
Trd, 2591551.113, 150
Trd, 2591551.996, 150
Trd, 2591552.529, 122
Trd, 2591552.579, 121
Trd, 2591552.929, 118
Trd, 2591553.263, 118
Trd, 2591553.379, 125
Trd, 2591553.929, 125
Trd, 2591554.429, 123
Trd, 2591554.529, 122
Trd, 2591554.679, 122
Trd, 2591554.746, 123
Trd, 2591555.013, 124
Trd, 2591555.313, 122
Trd, 2591555.463, 120
Trd, 2591555.513, 113
Trd, 2591555.679, 123
Trd, 2591555.796, 123
Trd, 2591556.279, 107
Trd, 2591556.563, 109
Trd, 2591557.363, 102
Trd, 2591558.113, 100
Trd, 2591558.396, 105
Trd, 2591558.596, 110
Trd, 2591559.563, 123
Trd, 2591559.663, 123
Trd, 2591560.129, 124
Trd, 2591560.446, 140
Trd, 2591560.463, 133
Trd, 2591560.796, 127
Trd, 2591560.846, 148
Trd, 2591560.913, 126
Trd, 2591561.096, 146
Trd, 2591562.463, 132
Trd, 2591562.746, 131
Trd, 2591563.246, 150
Trd, 2591563.463, 148
Trd, 2591563.563, 132
Trd, 2591563.813, 150
Trd, 2591564.696, 150
Trd, 2591564.796, 148
Trd, 2591564.979, 150
Trd, 2591565.579, 150
Trd, 2591566.179, 150
Trd, 2591566.513, 150
Trd, 2591566.963, 150
Trd, 2591566.979, 150
Trd, 2591567.479, 150
Trd, 2591567.846, 150
Trd, 2591568.929, 150
Trd, 2591569.796, 150
Trd, 2591571.029, 150
Trd, 2591571.446, 150
Trd, 2591571.596, 150
Trd, 2591571.696, 150
Trd, 2591571.929, 150
Trd, 2591572.113, 140
Trd, 2591572.129, 133
Trd, 2591572.246, 122
Trd, 2591572.413, 117
Trd, 2591572.779, 134
Trd, 2591572.879, 123
Trd, 2591573.046, 143
Trd, 2591573.196, 118
Trd, 2591574.163, 124
Trd, 2591574.379, 124
Trd, 2591575.063, 124
Trd, 2591575.229, 121
Trd, 2591576.229, 122
Trd, 2591576.246, 123
Trd, 2591577.079, 138
Trd, 2591577.729, 139
Trd, 2591578.196, 139
Trd, 2591578.296, 138
Trd, 2591578.613, 137
Trd, 2591578.813, 132
Trd, 2591579.329, 150
Trd, 2591579.529, 150
Trd, 2591579.646, 147
Trd, 2591580.029, 146
Trd, 2591580.196, 100
Trd, 2591581.546, 101
Trd, 2591581.629, 102
Trd, 2591582.029, 100
Trd, 2591582.079, 102
Trd, 2591582.546, 106
Trd, 2591583.863, 150
Trd, 2591583.946, 150
Trd, 2591584.063, 150
Trd, 2591584.096, 150
Trd, 2591584.913, 150
Trd, 2591585.996, 150
Trd, 2591587.579, 150
Trd, 2591587.879, 150
Trd, 2591588.163, 150
Trd, 2591588.229, 150
Trd, 2591588.329, 150
Trd, 2591588.546, 150
Trd, 2591589.113, 150
Trd, 2591589.213, 150
Trd, 2591589.229, 150
Trd, 2591589.529, 149
Trd, 2591589.779, 150
Trd, 2591590.029, 149
Trd, 2591590.179, 150
Trd, 2591590.379, 149
Trd, 2591591.013, 147
Trd, 2591591.463, 146
Trd, 2591591.546, 145
Trd, 2591592.096, 140
Trd, 2591592.413, 143
Trd, 2591592.663, 144
Trd, 2591592.713, 145
Trd, 2591593.396, 142
Trd, 2591593.813, 130
Trd, 2591594.429, 139
Trd, 2591594.546, 129
Trd, 2591594.729, 128
Trd, 2591595.396, 112
Trd, 2591595.746, 137
Trd, 2591596.246, 115
Trd, 2591597.879, 119
Trd, 2591598.079, 118
Trd, 2591599.763, 100
Trd, 2591599.863, 100
Trd, 2591600.029, 100
Trd, 2591600.546, 100
Trd, 2591600.563, 100
Trd, 2591600.879, 101
Trd, 2591601.129, 101
Trd, 2591601.229, 100
Trd, 2591601.896, 101
Trd, 2591602.013, 101
Trd, 2591602.246, 101
Trd, 2591602.263, 101
Trd, 2591602.496, 118
Trd, 2591602.863, 101
Trd, 2591603.579, 150
Trd, 2591603.863, 150
Trd, 2591604.846, 150
Trd, 2591605.396, 150
Trd, 2591605.446, 150
Trd, 2591605.563, 150
Trd, 2591605.663, 150
Trd, 2591605.946, 149
Trd, 2591606.496, 150
Trd, 2591606.529, 150
Trd, 2591606.779, 148
Trd, 2591607.079, 150
Trd, 2591608.263, 150
Trd, 2591608.379, 150
Trd, 2591609.413, 150
Trd, 2591609.463, 150
Trd, 2591609.863, 148
Trd, 2591610.546, 147
Trd, 2591610.779, 147
Trd, 2591610.846, 148
Trd, 2591610.929, 146
Trd, 2591611.213, 144
Trd, 2591611.463, 150
Trd, 2591611.546, 142
Trd, 2591612.096, 150
Trd, 2591612.329, 150
Trd, 2591612.746, 148
Trd, 2591613.463, 146
Trd, 2591614.296, 135
Trd, 2591614.946, 146
Trd, 2591615.079, 138
Trd, 2591616.063, 150
Trd, 2591616.896, 150
Trd, 2591617.163, 150
Trd, 2591617.446, 150
Trd, 2591617.763, 150
Trd, 2591617.913, 150
Trd, 2591618.646, 150
Trd, 2591619.079, 150
Trd, 2591619.129, 150
Trd, 2591619.163, 150
Trd, 2591619.729, 150
Trd, 2591619.979, 150
Trd, 2591621.029, 150
Trd, 2591621.196, 150
Trd, 2591621.346, 150
Trd, 2591621.363, 150
Trd, 2591621.829, 115
Trd, 2591622.379, 116
Trd, 2591622.763, 145
Trd, 2591622.946, 147
Trd, 2591623.013, 148
Trd, 2591623.079, 129
Trd, 2591623.229, 133
Trd, 2591623.346, 147
Trd, 2591624.829, 116
Trd, 2591624.846, 113
Trd, 2591624.879, 146
Trd, 2591625.179, 150
Trd, 2591625.213, 149
Trd, 2591625.513, 134
Trd, 2591625.713, 147
Trd, 2591626.996, 134
Trd, 2591627.629, 145
Trd, 2591627.763, 119
Trd, 2591628.429, 139
Trd, 2591628.529, 140
Trd, 2591628.546, 141
Trd, 2591628.846, 131
Trd, 2591628.863, 130
Trd, 2591629.213, 133
Trd, 2591629.796, 125
Trd, 2591629.929, 142
Trd, 2591630.346, 132
Trd, 2591630.663, 141
Trd, 2591631.229, 134
Trd, 2591631.446, 133
Trd, 2591631.763, 141
Trd, 2591631.863, 137
Trd, 2591633.563, 138
Trd, 2591633.846, 138
Trd, 2591633.979, 138
Trd, 2591634.663, 142
Trd, 2591635.679, 102
Trd, 2591636.679, 100
Trd, 2591638.529, 100
Trd, 2591638.696, 100
Trd, 2591639.246, 100
Trd, 2591639.279, 100
Trd, 2591639.346, 100
Trd, 2591639.479, 100
Trd, 2591639.779, 100
Trd, 2591639.946, 100
Trd, 2591640.513, 100
Trd, 2591640.879, 101
Trd, 2591641.013, 102
Trd, 2591641.029, 107
Trd, 2591641.329, 107
Trd, 2591641.446, 122
Trd, 2591641.779, 150
Trd, 2591642.013, 150
Trd, 2591642.479, 150
Trd, 2591643.496, 150
Trd, 2591643.513, 150
Trd, 2591643.563, 150
Trd, 2591643.779, 150
Trd, 2591644.096, 137
Trd, 2591644.279, 115
Trd, 2591644.663, 113
Trd, 2591644.763, 139
Trd, 2591645.129, 126
Trd, 2591646.379, 122
Trd, 2591646.929, 150
Trd, 2591647.129, 150
Trd, 2591647.663, 147
Trd, 2591647.813, 146
Trd, 2591648.813, 140
Trd, 2591648.929, 126
Trd, 2591649.313, 150
Trd, 2591649.729, 150
Trd, 2591650.029, 150
Trd, 2591650.179, 150
Trd, 2591651.029, 150
Trd, 2591651.279, 150
Trd, 2591651.713, 150
Trd, 2591651.729, 150
Trd, 2591651.779, 148
Trd, 2591651.946, 150
Trd, 2591652.013, 131
Trd, 2591652.246, 129
Trd, 2591653.046, 148
Trd, 2591653.196, 146
Trd, 2591653.263, 149
Trd, 2591653.396, 149
Trd, 2591654.396, 147
Trd, 2591654.863, 146
Trd, 2591654.879, 134
Trd, 2591655.379, 150
Trd, 2591655.646, 149
Trd, 2591656.479, 135
Trd, 2591657.313, 149
Trd, 2591658.413, 150
Trd, 2591659.379, 150
Trd, 2591659.613, 150
Trd, 2591660.279, 149
Trd, 2591660.329, 148
Trd, 2591661.029, 150
Trd, 2591661.346, 149
Trd, 2591661.613, 150
Trd, 2591662.729, 150
Trd, 2591662.996, 150
Trd, 2591663.279, 150
Trd, 2591663.379, 150
Trd, 2591663.679, 148
Trd, 2591663.763, 147
Trd, 2591663.813, 145
Trd, 2591664.013, 145
Trd, 2591664.763, 136
Trd, 2591665.263, 136
Trd, 2591665.346, 138
Trd, 2591665.846, 137
Trd, 2591666.029, 140
Trd, 2591666.129, 120
Trd, 2591666.546, 138
Trd, 2591666.579, 116
Trd, 2591666.679, 107
Trd, 2591666.796, 111
Trd, 2591666.963, 106
Trd, 2591666.996, 108
Trd, 2591667.346, 133
Trd, 2591667.679, 118
Trd, 2591667.796, 115
Trd, 2591667.829, 134
Trd, 2591667.929, 108
Trd, 2591668.379, 134
Trd, 2591669.446, 120
Trd, 2591669.713, 133
Trd, 2591669.896, 134
Trd, 2591670.163, 136
Trd, 2591670.596, 139
Trd, 2591671.913, 147
Trd, 2591672.179, 150
Trd, 2591672.296, 150
Trd, 2591673.579, 150
Trd, 2591673.946, 150
Trd, 2591674.813, 150
Trd, 2591675.263, 150
Trd, 2591675.563, 150
Trd, 2591675.646, 150
Trd, 2591675.863, 108
Trd, 2591676.379, 109
Trd, 2591677.096, 150
Trd, 2591677.296, 150
Trd, 2591677.529, 150
Trd, 2591677.629, 149
Trd, 2591678.013, 110
Trd, 2591678.229, 125
Trd, 2591678.579, 147
Trd, 2591679.379, 133
Trd, 2591680.029, 150
Trd, 2591680.746, 150
Trd, 2591680.813, 150
Trd, 2591681.146, 149
Trd, 2591681.913, 147
Trd, 2591682.146, 148
Trd, 2591682.296, 148
Trd, 2591682.429, 148
Trd, 2591682.529, 147
Trd, 2591682.879, 128
Trd, 2591683.429, 143
Trd, 2591683.513, 145
Trd, 2591683.813, 143
Trd, 2591683.879, 142
Trd, 2591684.146, 149
Trd, 2591684.579, 145
Trd, 2591685.329, 147
Trd, 2591685.463, 145
Trd, 2591685.996, 144
Trd, 2591686.279, 144
Trd, 2591686.363, 147
Trd, 2591686.629, 150
Trd, 2591686.929, 145
Trd, 2591687.179, 142
Trd, 2591687.579, 137
Trd, 2591687.846, 102
Trd, 2591688.563, 150
Trd, 2591688.846, 108
Trd, 2591689.696, 107
Trd, 2591689.763, 114
Trd, 2591689.779, 115
Trd, 2591690.379, 106
Trd, 2591690.429, 110
Trd, 2591691.196, 105
Trd, 2591692.796, 103
Trd, 2591693.129, 103
Trd, 2591693.629, 101
Trd, 2591693.646, 107
Trd, 2591693.713, 111
Trd, 2591693.979, 102
Trd, 2591694.013, 100
Trd, 2591694.996, 100
Trd, 2591695.029, 100
Trd, 2591695.063, 103
Trd, 2591696.046, 107
Trd, 2591696.229, 103
Trd, 2591696.996, 100
Trd, 2591697.446, 100
Trd, 2591697.529, 100
Trd, 2591697.696, 101
Trd, 2591698.063, 101
Trd, 2591698.379, 104
Trd, 2591698.529, 104
Trd, 2591698.896, 103
Trd, 2591699.496, 104
Trd, 2591699.663, 102
Trd, 2591700.913, 105
Trd, 2591701.329, 135
Trd, 2591701.529, 149
Trd, 2591701.596, 117
Trd, 2591701.763, 139
Trd, 2591702.596, 133
Trd, 2591703.796, 150
Trd, 2591703.963, 150
Trd, 2591704.113, 150
Trd, 2591704.379, 150
Trd, 2591705.146, 150
Trd, 2591705.229, 150
Trd, 2591705.846, 150
Trd, 2591706.246, 150
Trd, 2591706.613, 150
Trd, 2591706.913, 150
Trd, 2591707.029, 149
Trd, 2591707.079, 145
Trd, 2591707.463, 148
Trd, 2591707.896, 139
Trd, 2591708.529, 150
Trd, 2591709.779, 150
Trd, 2591709.829, 150
Trd, 2591710.213, 149
Trd, 2591710.313, 149
Trd, 2591710.363, 149
Trd, 2591710.429, 135
Trd, 2591710.813, 134
Trd, 2591711.079, 145
Trd, 2591711.496, 104
Trd, 2591711.696, 112
Trd, 2591711.963, 115
Trd, 2591712.063, 110
Trd, 2591712.796, 100
Trd, 2591713.079, 100
Trd, 2591713.463, 108
Trd, 2591713.979, 113
Trd, 2591714.446, 145
Trd, 2591715.446, 100
Trd, 2591715.629, 102
Trd, 2591715.696, 105
Trd, 2591716.696, 104
Trd, 2591716.979, 104
Trd, 2591717.096, 101
Trd, 2591717.146, 114
Trd, 2591717.679, 104
Trd, 2591717.696, 105
Trd, 2591718.429, 113
Trd, 2591718.646, 107
Trd, 2591718.679, 120
Trd, 2591719.096, 150
Trd, 2591719.396, 150
Trd, 2591719.663, 150
Trd, 2591720.129, 150
Trd, 2591720.746, 150
Trd, 2591720.863, 150
Trd, 2591721.313, 150
Trd, 2591721.396, 150
Trd, 2591722.029, 150
Trd, 2591722.213, 150
Trd, 2591722.296, 150
Trd, 2591722.379, 150
Trd, 2591722.613, 147
Trd, 2591723.713, 150
Trd, 2591724.313, 144
Trd, 2591724.463, 134
Trd, 2591724.496, 124
Trd, 2591724.796, 124
Trd, 2591724.879, 123
Trd, 2591725.446, 129
Trd, 2591725.513, 102
Trd, 2591725.663, 130
Trd, 2591725.863, 131
Trd, 2591726.329, 121
Trd, 2591727.546, 102
Trd, 2591728.046, 101
Trd, 2591728.579, 116
Trd, 2591729.079, 110
Trd, 2591729.279, 117
Trd, 2591730.196, 111
Trd, 2591730.246, 112
Trd, 2591730.413, 113
Trd, 2591730.563, 111
Trd, 2591730.663, 140
Trd, 2591730.963, 110
Trd, 2591731.363, 107
Trd, 2591731.613, 105
Trd, 2591732.196, 150
Trd, 2591732.963, 150
Trd, 2591733.263, 150
Trd, 2591733.329, 150
Trd, 2591733.679, 150
Trd, 2591733.713, 149
Trd, 2591733.779, 123
Trd, 2591734.646, 125
Trd, 2591734.996, 125
Trd, 2591735.863, 123
Trd, 2591736.246, 131
Trd, 2591737.096, 129
Trd, 2591737.379, 127
Trd, 2591737.729, 142
Trd, 2591737.779, 143
Trd, 2591738.046, 125
Trd, 2591738.063, 124
Trd, 2591738.296, 144
Trd, 2591738.429, 123
Trd, 2591739.279, 142
Trd, 2591739.596, 114
Trd, 2591740.096, 136
Trd, 2591740.146, 101
Trd, 2591740.479, 123
Trd, 2591740.896, 120
Trd, 2591740.963, 143
Trd, 2591741.229, 114
Trd, 2591743.929, 150
Trd, 2591744.179, 150
Trd, 2591744.246, 149
Trd, 2591744.279, 149
Trd, 2591744.663, 127
Trd, 2591745.229, 150
Trd, 2591745.429, 149
Trd, 2591745.813, 150
Trd, 2591746.929, 150
Trd, 2591747.146, 150
Trd, 2591747.429, 150
Trd, 2591747.479, 150
Trd, 2591747.796, 150
Trd, 2591748.346, 150
Trd, 2591748.879, 149
Trd, 2591749.296, 149
Trd, 2591749.829, 150
Trd, 2591749.979, 146
Trd, 2591749.996, 136
Trd, 2591750.729, 122
Trd, 2591750.846, 111
Trd, 2591751.463, 149
Trd, 2591751.546, 142
Trd, 2591752.463, 150
Trd, 2591752.646, 150
Trd, 2591752.696, 150
Trd, 2591753.546, 150
Trd, 2591754.029, 150
Trd, 2591754.046, 150
Trd, 2591754.546, 150
Trd, 2591754.563, 149
Trd, 2591755.213, 150
Trd, 2591756.729, 132
Trd, 2591756.879, 131
Trd, 2591757.163, 130
Trd, 2591757.229, 129
Trd, 2591757.463, 129
Trd, 2591757.663, 127
Trd, 2591757.813, 104
Trd, 2591757.896, 125
Trd, 2591759.379, 119
Trd, 2591759.513, 124
Trd, 2591759.546, 125
Trd, 2591759.979, 109
Trd, 2591760.096, 106
Trd, 2591760.496, 122
Trd, 2591761.079, 111
Trd, 2591761.229, 113
Trd, 2591761.446, 118
Trd, 2591761.546, 104
Trd, 2591761.829, 125
Trd, 2591761.879, 105
Trd, 2591762.513, 122
Trd, 2591762.963, 111
Trd, 2591762.996, 110
Trd, 2591763.463, 148
Trd, 2591764.463, 141
Trd, 2591764.496, 140
Trd, 2591765.246, 150
Trd, 2591765.513, 142
Trd, 2591765.729, 138
Trd, 2591765.796, 147
Trd, 2591766.463, 147
Trd, 2591767.129, 115
Trd, 2591767.329, 114
Trd, 2591767.479, 110
Trd, 2591768.113, 100
Trd, 2591768.346, 100
Trd, 2591768.513, 104
Trd, 2591768.713, 117
Trd, 2591768.963, 100
Trd, 2591769.346, 100
Trd, 2591769.613, 147
Trd, 2591770.463, 150
Trd, 2591771.413, 150
Trd, 2591771.863, 150
Trd, 2591772.396, 150
Trd, 2591773.096, 150
Trd, 2591773.263, 150
Trd, 2591773.929, 150
Trd, 2591775.746, 150
Trd, 2591775.929, 150
Trd, 2591776.479, 150
Trd, 2591776.946, 150
Trd, 2591777.079, 150
Trd, 2591777.679, 150
Trd, 2591777.879, 150
Trd, 2591778.013, 150
Trd, 2591778.429, 150
Trd, 2591778.896, 150
Trd, 2591779.046, 150
Trd, 2591779.263, 150
Trd, 2591779.696, 150
Trd, 2591779.713, 150
Trd, 2591779.779, 150
Trd, 2591779.896, 150
Trd, 2591780.913, 150
Trd, 2591781.179, 149
Trd, 2591781.996, 146
Trd, 2591782.463, 148
Trd, 2591783.096, 141
Trd, 2591783.563, 137
Trd, 2591783.946, 141
Trd, 2591784.013, 140
Trd, 2591784.863, 150
Trd, 2591786.029, 150
Trd, 2591786.046, 150
Trd, 2591786.163, 145
Trd, 2591786.396, 139
Trd, 2591787.029, 138
Trd, 2591787.196, 138
Trd, 2591787.646, 137
Trd, 2591787.929, 141
Trd, 2591788.046, 107
Trd, 2591788.863, 102
Trd, 2591789.363, 100
Trd, 2591789.596, 100
Trd, 2591790.163, 100
Trd, 2591790.346, 100
Trd, 2591790.879, 101
Trd, 2591791.246, 148
Trd, 2591791.463, 113
Trd, 2591792.246, 150
Trd, 2591793.363, 150
Trd, 2591793.979, 150
Trd, 2591794.646, 150
Trd, 2591794.779, 150
Trd, 2591794.913, 150
Trd, 2591795.429, 150
Trd, 2591795.579, 150
Trd, 2591795.613, 150
Trd, 2591795.829, 150
Trd, 2591796.513, 149
Trd, 2591796.596, 148
Trd, 2591796.713, 148
Trd, 2591796.796, 147
Trd, 2591796.846, 126
Trd, 2591797.529, 123
Trd, 2591798.129, 119
Trd, 2591799.063, 150
Trd, 2591799.146, 150
Trd, 2591800.129, 150
Trd, 2591800.179, 150
Trd, 2591800.246, 150
Trd, 2591800.296, 150
Trd, 2591801.646, 150
Trd, 2591801.696, 149
Trd, 2591802.413, 150
Trd, 2591802.446, 149
Trd, 2591802.463, 147
Trd, 2591802.813, 148
Trd, 2591803.029, 147
Trd, 2591803.079, 146
Trd, 2591803.279, 125
Trd, 2591803.796, 150
Trd, 2591804.029, 146
Trd, 2591804.196, 143
Trd, 2591804.579, 117
Trd, 2591805.813, 114
Trd, 2591806.496, 114
Trd, 2591806.746, 116
Trd, 2591807.413, 114
Trd, 2591807.529, 133
Trd, 2591807.896, 143
Trd, 2591808.729, 101
Trd, 2591809.696, 116
Trd, 2591810.196, 102
Trd, 2591811.263, 112
Trd, 2591811.313, 111
Trd, 2591811.879, 121
Trd, 2591812.046, 117
Trd, 2591812.063, 112
Trd, 2591812.179, 111
Trd, 2591812.563, 110
Trd, 2591812.913, 104
Trd, 2591813.129, 105
Trd, 2591813.179, 105
Trd, 2591813.263, 104
Trd, 2591813.279, 103
Trd, 2591813.479, 100
Trd, 2591814.396, 100
Trd, 2591814.629, 101
Trd, 2591814.963, 100
Trd, 2591815.863, 100
Trd, 2591816.613, 104
Trd, 2591817.029, 104
Trd, 2591817.146, 101
Trd, 2591817.196, 109
Trd, 2591817.396, 101
Trd, 2591817.846, 102
Trd, 2591818.196, 133
Trd, 2591818.513, 149
Trd, 2591818.896, 135
Trd, 2591819.379, 148
Trd, 2591819.596, 137
Trd, 2591819.863, 139
Trd, 2591820.163, 138
Trd, 2591821.129, 140
Trd, 2591821.446, 139
Trd, 2591822.013, 133
Trd, 2591822.363, 130
Trd, 2591822.596, 136
Trd, 2591822.713, 133
Trd, 2591823.063, 109
Trd, 2591823.129, 102
Trd, 2591823.246, 101
Trd, 2591825.196, 100
Trd, 2591825.579, 100
Trd, 2591825.979, 102
Trd, 2591826.196, 110
Trd, 2591826.279, 102
Trd, 2591826.446, 101
Trd, 2591826.863, 108
Trd, 2591827.346, 101
Trd, 2591828.096, 105
Trd, 2591828.213, 106
Trd, 2591828.479, 106
Trd, 2591828.579, 112
Trd, 2591828.746, 128
Trd, 2591828.996, 107
Trd, 2591829.513, 107
Trd, 2591830.046, 106
Trd, 2591830.363, 142
Trd, 2591830.463, 113
Trd, 2591832.096, 105
Trd, 2591832.396, 106
Trd, 2591832.496, 129
Trd, 2591832.613, 129
Trd, 2591832.713, 146
Trd, 2591833.263, 133
Trd, 2591833.379, 131
Trd, 2591833.563, 131
Trd, 2591833.929, 130
Trd, 2591834.129, 143
Trd, 2591834.179, 119
Trd, 2591835.129, 150
Trd, 2591835.446, 150
Trd, 2591835.463, 150
Trd, 2591835.563, 150
Trd, 2591836.463, 146
Trd, 2591836.563, 123
Trd, 2591836.679, 115
Trd, 2591836.979, 150
Trd, 2591837.363, 100
Trd, 2591838.079, 100
Trd, 2591838.213, 100
Trd, 2591838.696, 102
Trd, 2591839.296, 100
Trd, 2591839.496, 103
Trd, 2591841.213, 100
Trd, 2591841.279, 100
Trd, 2591841.396, 101
Trd, 2591841.946, 103
Trd, 2591842.079, 105
Trd, 2591842.213, 106
Trd, 2591842.496, 105
Trd, 2591843.279, 105
Trd, 2591843.329, 107
Trd, 2591843.413, 125
Trd, 2591843.846, 117
Trd, 2591844.463, 150
Trd, 2591845.296, 150
Trd, 2591845.713, 150
Trd, 2591846.046, 150
Trd, 2591846.579, 150
Trd, 2591847.163, 150
Trd, 2591847.563, 150
Trd, 2591848.346, 150
Trd, 2591848.496, 150
Trd, 2591848.563, 150
Trd, 2591848.696, 150
Trd, 2591850.629, 150
Trd, 2591850.813, 150
Trd, 2591850.863, 150
Trd, 2591851.263, 150
Trd, 2591851.346, 150
Trd, 2591851.846, 150
Trd, 2591851.896, 150
Trd, 2591852.379, 150
Trd, 2591852.563, 148
Trd, 2591852.646, 146
Trd, 2591853.079, 138
Trd, 2591853.596, 147
Trd, 2591853.629, 118
Trd, 2591854.063, 144
Trd, 2591854.679, 141
Trd, 2591854.879, 137
Trd, 2591856.363, 134
Trd, 2591856.663, 133
Trd, 2591856.696, 133
Trd, 2591856.863, 133
Trd, 2591857.079, 134
Trd, 2591857.313, 137
Trd, 2591857.479, 135
Trd, 2591857.863, 136
Trd, 2591858.329, 137
Trd, 2591858.479, 135
Trd, 2591858.846, 128
Trd, 2591858.879, 112
Trd, 2591859.246, 132
Trd, 2591859.513, 105
Trd, 2591860.546, 100
Trd, 2591860.846, 100
Trd, 2591860.863, 100
Trd, 2591861.029, 100
Trd, 2591861.079, 101
Trd, 2591861.396, 109
Trd, 2591861.746, 112
Trd, 2591862.163, 150
Trd, 2591862.696, 150
Trd, 2591863.296, 150
Trd, 2591863.596, 150
Trd, 2591864.379, 150
Trd, 2591864.396, 150
Trd, 2591864.979, 150
Trd, 2591865.613, 147
Trd, 2591865.629, 146
Trd, 2591867.063, 129
Trd, 2591867.179, 129
Trd, 2591867.263, 128
Trd, 2591867.396, 127
Trd, 2591868.346, 137
Trd, 2591868.379, 138
Trd, 2591869.696, 150
Trd, 2591870.479, 150
Trd, 2591870.796, 150
Trd, 2591870.863, 150
Trd, 2591871.463, 150
Trd, 2591871.596, 150
Trd, 2591871.846, 150
Trd, 2591871.979, 150
Trd, 2591872.413, 149
Trd, 2591872.546, 150
Trd, 2591873.163, 149
Trd, 2591873.313, 147
Trd, 2591873.346, 146
Trd, 2591873.463, 148
Trd, 2591873.563, 149
Trd, 2591873.613, 138
Trd, 2591874.196, 137
Trd, 2591874.296, 121
Trd, 2591874.879, 150
Trd, 2591874.946, 150
Trd, 2591874.963, 150
Trd, 2591875.546, 100
Trd, 2591875.663, 101
Trd, 2591876.246, 122
Trd, 2591877.513, 149
Trd, 2591877.863, 150
Trd, 2591878.629, 150
Trd, 2591879.479, 150
Trd, 2591879.663, 150
Trd, 2591879.946, 149
Trd, 2591880.013, 143
Trd, 2591880.313, 144
Trd, 2591880.346, 130
Trd, 2591880.679, 149
Trd, 2591880.763, 122
Trd, 2591881.379, 121
Trd, 2591881.579, 121
Trd, 2591881.746, 117
Trd, 2591881.763, 121
Trd, 2591881.879, 122
Trd, 2591882.796, 150
Trd, 2591882.996, 150
Trd, 2591883.446, 149
Trd, 2591885.429, 113
Trd, 2591885.663, 100
Trd, 2591885.996, 100
Trd, 2591886.713, 100
Trd, 2591887.146, 103
Trd, 2591888.013, 103
Trd, 2591888.163, 102
Trd, 2591888.596, 103
Trd, 2591888.813, 102
Trd, 2591889.063, 101
Trd, 2591889.113, 102
Trd, 2591890.096, 100
Trd, 2591890.379, 100
Trd, 2591890.563, 100
Trd, 2591890.629, 101
Trd, 2591891.046, 113
Trd, 2591891.379, 107
Trd, 2591892.463, 103
Trd, 2591892.496, 104
Trd, 2591892.846, 102
Trd, 2591892.913, 106
Trd, 2591893.579, 119
Trd, 2591893.879, 120
Trd, 2591894.096, 105
Trd, 2591894.579, 106
Trd, 2591894.863, 109
Trd, 2591895.646, 124
Trd, 2591896.113, 150
Trd, 2591896.296, 150
Trd, 2591897.229, 150
Trd, 2591897.529, 150
Trd, 2591897.663, 150
Trd, 2591898.196, 150
Trd, 2591899.413, 150
Trd, 2591899.813, 150
Trd, 2591900.046, 150
Trd, 2591900.096, 150
Trd, 2591900.479, 150
Trd, 2591900.996, 150
Trd, 2591901.479, 150
Trd, 2591902.196, 150
Trd, 2591902.379, 150
Trd, 2591902.479, 149
Trd, 2591902.646, 150
Trd, 2591902.946, 150
Trd, 2591903.113, 150
Trd, 2591903.363, 149
Trd, 2591903.679, 142
Trd, 2591903.946, 141
Trd, 2591904.046, 126
Trd, 2591904.696, 125
Trd, 2591905.129, 113
Trd, 2591905.746, 114
Trd, 2591905.829, 114
Trd, 2591906.046, 115
Trd, 2591906.429, 119
Trd, 2591906.529, 120
Trd, 2591906.729, 122
Trd, 2591907.013, 115
Trd, 2591908.279, 150
Trd, 2591908.929, 150
Trd, 2591909.129, 150
Trd, 2591909.179, 150
Trd, 2591909.363, 149
Trd, 2591910.929, 148
Trd, 2591911.363, 149
Trd, 2591911.979, 148
Trd, 2591911.996, 147
Trd, 2591912.096, 140
Trd, 2591912.313, 136
Trd, 2591912.529, 144
Trd, 2591912.596, 119
Trd, 2591912.929, 138
Trd, 2591913.113, 138
Trd, 2591913.446, 138
Trd, 2591913.596, 137
Trd, 2591913.896, 143
Trd, 2591914.796, 139
Trd, 2591915.063, 134
Trd, 2591915.146, 140
Trd, 2591915.679, 142
Trd, 2591915.713, 143
Trd, 2591915.779, 110
Trd, 2591915.879, 108
Trd, 2591916.929, 100
Trd, 2591917.579, 100
Trd, 2591917.646, 100
Trd, 2591917.829, 100
Trd, 2591919.913, 100
Trd, 2591920.413, 100
Trd, 2591920.629, 100
Trd, 2591920.679, 101
Trd, 2591921.029, 100
Trd, 2591921.329, 101
Trd, 2591921.796, 102
Trd, 2591921.829, 102
Trd, 2591921.913, 103
Trd, 2591922.013, 103
Trd, 2591922.213, 102
Trd, 2591922.229, 103
Trd, 2591922.263, 104
Trd, 2591922.496, 149
Trd, 2591923.179, 117
Trd, 2591923.396, 116
Trd, 2591924.213, 150
Trd, 2591924.429, 121
Trd, 2591925.496, 123
Trd, 2591925.529, 122
Trd, 2591926.029, 120
Trd, 2591926.463, 122
Trd, 2591926.613, 116
Trd, 2591927.613, 100
Trd, 2591928.213, 102
Trd, 2591928.413, 102
Trd, 2591928.529, 103
Trd, 2591928.746, 102
Trd, 2591929.829, 101
Trd, 2591929.963, 100
Trd, 2591930.846, 150
Trd, 2591931.179, 150
Trd, 2591932.029, 150
Trd, 2591932.546, 150
Trd, 2591932.596, 150
Trd, 2591933.629, 150
Trd, 2591933.713, 150
Trd, 2591933.829, 150
Trd, 2591933.846, 150
Trd, 2591933.929, 150
Trd, 2591934.029, 150
Trd, 2591934.096, 149
Trd, 2591934.379, 147
Trd, 2591934.496, 142
Trd, 2591935.596, 144
Trd, 2591935.663, 145
Trd, 2591935.679, 143
Trd, 2591935.896, 144
Trd, 2591936.146, 145
Trd, 2591936.613, 142
Trd, 2591936.813, 141
Trd, 2591936.846, 127
Trd, 2591937.879, 131
Trd, 2591939.313, 148
Trd, 2591939.446, 147
Trd, 2591939.713, 142
Trd, 2591940.129, 149
Trd, 2591940.429, 146
Trd, 2591940.463, 150
Trd, 2591940.596, 147
Trd, 2591940.613, 145
Trd, 2591941.129, 150
Trd, 2591941.779, 150
Trd, 2591941.963, 150
Trd, 2591943.029, 148
Trd, 2591943.113, 144
Trd, 2591943.146, 119
Trd, 2591944.079, 147
Trd, 2591944.313, 128
Trd, 2591944.513, 147
Trd, 2591945.179, 148
Trd, 2591945.529, 150
Trd, 2591945.546, 150
Trd, 2591945.579, 148
Trd, 2591945.763, 131
Trd, 2591946.313, 130
Trd, 2591946.696, 149
Trd, 2591946.746, 148
Trd, 2591947.013, 130
Trd, 2591947.279, 150
Trd, 2591947.646, 144
Trd, 2591947.879, 130
Trd, 2591948.096, 146
Trd, 2591948.496, 139
Trd, 2591948.929, 133
Trd, 2591949.046, 132
Trd, 2591949.863, 149
Trd, 2591950.229, 132
Trd, 2591951.179, 134
Trd, 2591951.513, 150
Trd, 2591952.279, 150
Trd, 2591952.463, 149
Trd, 2591953.829, 142
Trd, 2591954.096, 142
Trd, 2591954.229, 141
Trd, 2591954.463, 137
Trd, 2591954.763, 142
Trd, 2591955.013, 122
Trd, 2591955.396, 142
Trd, 2591955.429, 143
Trd, 2591956.213, 150
Trd, 2591956.546, 150
Trd, 2591956.796, 150
Trd, 2591957.213, 149
Trd, 2591957.363, 150
Trd, 2591957.813, 150
Trd, 2591958.246, 110
Trd, 2591959.013, 126
Trd, 2591959.113, 108
Trd, 2591959.579, 148
Trd, 2591959.663, 148
Trd, 2591959.879, 150
Trd, 2591960.713, 150
Trd, 2591961.029, 150
Trd, 2591961.063, 150
Trd, 2591961.163, 150
Trd, 2591961.529, 150
Trd, 2591962.113, 150
Trd, 2591962.563, 149
Trd, 2591962.679, 117
Trd, 2591962.929, 127
Trd, 2591963.229, 107
Trd, 2591963.629, 138
Trd, 2591964.829, 127
Trd, 2591965.113, 150
Trd, 2591965.296, 126
Trd, 2591965.829, 126
Trd, 2591965.946, 125
Trd, 2591966.329, 118
Trd, 2591966.946, 150
Trd, 2591967.563, 150
Trd, 2591967.879, 149
Trd, 2591968.113, 101
Trd, 2591968.363, 104
Trd, 2591968.846, 103
Trd, 2591969.713, 100
Trd, 2591970.413, 103
Trd, 2591970.529, 100
Trd, 2591970.679, 102
Trd, 2591970.746, 103
Trd, 2591970.896, 104
Trd, 2591970.929, 112
Trd, 2591971.246, 111
Trd, 2591972.746, 111
Trd, 2591972.996, 110
Trd, 2591973.129, 111
Trd, 2591974.113, 149
Trd, 2591974.279, 149
Trd, 2591974.296, 122
Trd, 2591974.763, 147
Trd, 2591976.313, 145
Trd, 2591976.529, 146
Trd, 2591977.129, 142
Trd, 2591977.179, 134
Trd, 2591977.629, 134
Trd, 2591977.979, 135
Trd, 2591978.063, 134
Trd, 2591978.679, 136
Trd, 2591978.779, 106
Trd, 2591978.879, 137
Trd, 2591979.029, 104
Trd, 2591979.513, 128
Trd, 2591979.546, 139
Trd, 2591979.579, 144
Trd, 2591981.563, 101
Trd, 2591981.863, 104
Trd, 2591982.096, 107
Trd, 2591982.463, 121
Trd, 2591982.679, 102
Trd, 2591982.863, 102
Trd, 2591983.679, 125
Trd, 2591984.463, 125
Trd, 2591984.813, 127
Trd, 2591984.863, 127
Trd, 2591985.129, 128
Trd, 2591985.946, 133
Trd, 2591986.013, 132
Trd, 2591987.379, 150
Trd, 2591988.646, 150
Trd, 2591989.396, 150
Trd, 2591989.679, 150
Trd, 2591989.779, 150
Trd, 2591989.796, 150
Trd, 2591989.813, 150
Trd, 2591990.229, 150
Trd, 2591991.363, 150
Trd, 2591991.446, 150
Trd, 2591991.463, 149
Trd, 2591991.896, 150
Trd, 2591991.929, 149
Trd, 2591992.013, 145
Trd, 2591993.163, 149
Trd, 2591993.246, 137
Trd, 2591993.446, 150
Trd, 2591993.913, 139
Trd, 2591994.079, 138
Trd, 2591994.096, 136
Trd, 2591994.329, 136
Trd, 2591994.446, 135
Trd, 2591995.146, 135
Trd, 2591995.929, 115
Trd, 2591996.496, 114
Trd, 2591996.713, 113
Trd, 2591997.029, 118
Trd, 2591997.229, 119
Trd, 2591997.546, 132
Trd, 2591997.763, 132
Trd, 2591997.879, 134
Trd, 2591998.079, 123
Trd, 2591998.329, 122
Trd, 2591998.413, 111
Trd, 2591998.546, 109
Trd, 2591998.896, 119
Trd, 2591999.229, 150
Trd, 2591999.496, 150
