Trd, 2590837.929, 112
Trd, 2590838.196, 143
Trd, 2590838.296, 144
Trd, 2590838.696, 144
Trd, 2590839.279, 116
Trd, 2590839.763, 140
Trd, 2590840.046, 121
Trd, 2590840.229, 126
Trd, 2590840.413, 121
Trd, 2590840.929, 120
Trd, 2590841.113, 136
Trd, 2590842.596, 100
Trd, 2590842.779, 100
Trd, 2590843.213, 100
Trd, 2590843.413, 100
Trd, 2590844.129, 100
Trd, 2590844.329, 100
Trd, 2590844.546, 100
Trd, 2590844.779, 100
Trd, 2590844.829, 100
Trd, 2590845.013, 100
Trd, 2590845.729, 102
Trd, 2590846.596, 100
Trd, 2590846.629, 101
Trd, 2590846.979, 101
Trd, 2590847.013, 102
Trd, 2590847.146, 102
Trd, 2590847.479, 103
Trd, 2590847.596, 105
Trd, 2590847.813, 121
Trd, 2590849.029, 140
Trd, 2590850.179, 138
Trd, 2590850.379, 123
Trd, 2590850.413, 122
Trd, 2590850.629, 125
Trd, 2590850.729, 122
Trd, 2590850.813, 122
Trd, 2590851.213, 121
Trd, 2590851.713, 135
Trd, 2590851.863, 123
Trd, 2590851.879, 122
Trd, 2590851.913, 119
Trd, 2590852.113, 117
Trd, 2590852.429, 118
Trd, 2590852.629, 115
Trd, 2590853.479, 126
Trd, 2590853.646, 124
Trd, 2590854.046, 122
Trd, 2590854.429, 100
Trd, 2590855.429, 100
Trd, 2590856.213, 100
Trd, 2590857.079, 100
Trd, 2590857.763, 100
Trd, 2590858.063, 100
Trd, 2590858.429, 100
Trd, 2590858.746, 100
Trd, 2590858.829, 100
Trd, 2590858.896, 101
Trd, 2590859.079, 102
Trd, 2590859.329, 102
Trd, 2590860.079, 108
Trd, 2590860.596, 130
Trd, 2590860.696, 105
Trd, 2590860.896, 104
Trd, 2590862.329, 150
Trd, 2590862.379, 150
Trd, 2590862.729, 150
Trd, 2590862.929, 150
Trd, 2590863.096, 150
Trd, 2590864.363, 150
Trd, 2590865.963, 150
Trd, 2590866.063, 150
Trd, 2590866.079, 150
Trd, 2590866.429, 150
Trd, 2590867.063, 150
Trd, 2590867.113, 150
Trd, 2590867.329, 150
Trd, 2590867.446, 150
Trd, 2590867.546, 149
Trd, 2590867.613, 149
Trd, 2590867.629, 150
Trd, 2590869.629, 150
Trd, 2590869.913, 150
Trd, 2590870.196, 150
Trd, 2590870.279, 150
Trd, 2590870.613, 150
Trd, 2590870.646, 150
Trd, 2590870.763, 150
Trd, 2590870.996, 150
Trd, 2590871.513, 149
Trd, 2590871.663, 147
Trd, 2590871.713, 135
Trd, 2590872.079, 130
Trd, 2590872.913, 150
Trd, 2590873.463, 120
Trd, 2590873.713, 127
Trd, 2590873.779, 129
Trd, 2590874.746, 147
Trd, 2590875.079, 123
Trd, 2590875.963, 123
Trd, 2590876.696, 100
Trd, 2590877.113, 100
Trd, 2590877.179, 100
Trd, 2590877.663, 101
Trd, 2590877.696, 101
Trd, 2590877.996, 149
Trd, 2590879.013, 150
Trd, 2590879.613, 150
Trd, 2590879.813, 150
Trd, 2590880.129, 150
Trd, 2590880.446, 150
Trd, 2590880.663, 150
Trd, 2590880.746, 150
Trd, 2590880.963, 150
Trd, 2590881.446, 150
Trd, 2590881.546, 149
Trd, 2590881.763, 148
Trd, 2590881.813, 148
Trd, 2590882.313, 100
Trd, 2590882.446, 101
Trd, 2590882.796, 102
Trd, 2590883.213, 135
Trd, 2590883.413, 135
Trd, 2590885.513, 150
Trd, 2590885.579, 150
Trd, 2590885.629, 150
Trd, 2590885.796, 150
Trd, 2590886.829, 146
Trd, 2590887.113, 147
Trd, 2590887.313, 148
Trd, 2590887.613, 147
Trd, 2590888.013, 148
Trd, 2590888.713, 150
Trd, 2590888.913, 149
Trd, 2590888.929, 148
Trd, 2590888.946, 147
Trd, 2590889.029, 147
Trd, 2590890.296, 147
Trd, 2590890.379, 146
Trd, 2590890.979, 147
Trd, 2590891.313, 148
Trd, 2590891.446, 145
Trd, 2590891.479, 142
Trd, 2590891.696, 149
Trd, 2590891.779, 150
Trd, 2590892.496, 149
Trd, 2590892.579, 148
Trd, 2590892.896, 113
Trd, 2590893.513, 150
Trd, 2590893.629, 113
Trd, 2590894.329, 135
Trd, 2590894.713, 113
Trd, 2590896.196, 134
Trd, 2590896.296, 113
Trd, 2590896.879, 129
Trd, 2590897.579, 127
Trd, 2590897.596, 116
Trd, 2590897.946, 118
Trd, 2590898.463, 118
Trd, 2590898.496, 125
Trd, 2590898.713, 126
Trd, 2590898.863, 123
Trd, 2590899.029, 122
Trd, 2590899.246, 121
Trd, 2590899.779, 122
Trd, 2590899.846, 124
Trd, 2590900.413, 122
Trd, 2590900.513, 121
Trd, 2590900.563, 120
Trd, 2590900.829, 120
Trd, 2590900.929, 119
Trd, 2590901.263, 119
Trd, 2590902.396, 103
Trd, 2590902.829, 103
Trd, 2590903.846, 100
Trd, 2590903.896, 100
Trd, 2590904.013, 100
Trd, 2590904.146, 100
Trd, 2590904.329, 100
Trd, 2590905.063, 100
Trd, 2590905.379, 102
Trd, 2590905.613, 100
Trd, 2590905.763, 101
Trd, 2590905.879, 102
Trd, 2590906.596, 100
Trd, 2590906.913, 100
Trd, 2590907.279, 100
Trd, 2590907.296, 100
Trd, 2590907.346, 101
Trd, 2590907.813, 100
Trd, 2590907.979, 100
Trd, 2590908.296, 102
Trd, 2590908.313, 108
Trd, 2590908.479, 102
Trd, 2590908.829, 134
Trd, 2590910.596, 149
Trd, 2590911.063, 150
Trd, 2590912.063, 150
Trd, 2590913.813, 150
Trd, 2590913.946, 150
Trd, 2590915.113, 150
Trd, 2590915.129, 150
Trd, 2590915.263, 150
Trd, 2590915.646, 150
Trd, 2590915.863, 150
Trd, 2590915.929, 149
Trd, 2590916.096, 149
Trd, 2590916.246, 148
Trd, 2590916.363, 149
Trd, 2590916.563, 147
Trd, 2590916.729, 147
Trd, 2590916.813, 146
Trd, 2590916.879, 148
Trd, 2590917.529, 102
Trd, 2590917.563, 106
Trd, 2590917.813, 107
Trd, 2590918.946, 148
Trd, 2590919.596, 137
Trd, 2590920.229, 148
Trd, 2590920.263, 144
Trd, 2590921.746, 150
Trd, 2590922.046, 150
Trd, 2590923.246, 150
Trd, 2590923.746, 150
Trd, 2590924.363, 150
Trd, 2590924.496, 150
Trd, 2590924.979, 150
Trd, 2590925.496, 150
Trd, 2590925.563, 150
Trd, 2590925.663, 150
Trd, 2590925.963, 149
Trd, 2590925.996, 150
Trd, 2590926.029, 149
Trd, 2590926.213, 150
Trd, 2590926.413, 150
Trd, 2590926.596, 150
Trd, 2590927.263, 150
Trd, 2590927.346, 150
Trd, 2590927.596, 150
Trd, 2590927.679, 150
Trd, 2590928.296, 150
Trd, 2590928.396, 150
Trd, 2590928.779, 149
Trd, 2590929.979, 150
Trd, 2590929.996, 150
Trd, 2590931.346, 150
Trd, 2590931.746, 150
Trd, 2590931.879, 150
Trd, 2590932.429, 149
Trd, 2590932.896, 124
Trd, 2590933.029, 149
Trd, 2590933.746, 148
Trd, 2590934.263, 149
Trd, 2590934.329, 148
Trd, 2590934.529, 141
Trd, 2590935.213, 143
Trd, 2590935.613, 139
Trd, 2590935.729, 139
Trd, 2590937.013, 149
Trd, 2590937.396, 150
Trd, 2590937.596, 150
Trd, 2590937.829, 150
Trd, 2590938.079, 150
Trd, 2590938.263, 150
Trd, 2590938.346, 150
Trd, 2590938.746, 147
Trd, 2590938.813, 149
Trd, 2590939.246, 148
Trd, 2590939.479, 146
Trd, 2590939.813, 144
Trd, 2590940.429, 146
Trd, 2590940.463, 143
Trd, 2590940.829, 104
Trd, 2590940.846, 146
Trd, 2590940.913, 147
Trd, 2590941.579, 149
Trd, 2590941.863, 120
Trd, 2590941.963, 118
Trd, 2590942.296, 110
Trd, 2590942.879, 148
Trd, 2590943.596, 148
Trd, 2590943.679, 136
Trd, 2590944.029, 136
Trd, 2590944.913, 148
Trd, 2590945.296, 121
Trd, 2590945.946, 146
Trd, 2590946.179, 143
Trd, 2590946.729, 139
Trd, 2590947.246, 125
Trd, 2590947.379, 138
Trd, 2590947.846, 127
Trd, 2590947.913, 126
Trd, 2590948.063, 126
Trd, 2590948.113, 135
Trd, 2590949.246, 132
Trd, 2590949.296, 133
Trd, 2590949.346, 137
Trd, 2590949.896, 134
Trd, 2590950.113, 134
Trd, 2590950.313, 134
Trd, 2590950.746, 135
Trd, 2590950.879, 145
Trd, 2590951.246, 149
Trd, 2590951.413, 149
Trd, 2590952.613, 150
Trd, 2590953.396, 150
Trd, 2590953.613, 150
Trd, 2590955.196, 150
Trd, 2590955.263, 150
Trd, 2590955.529, 150
Trd, 2590955.596, 150
Trd, 2590956.013, 150
Trd, 2590957.313, 150
Trd, 2590957.396, 150
Trd, 2590957.763, 150
Trd, 2590958.079, 149
Trd, 2590958.629, 148
Trd, 2590959.096, 149
Trd, 2590959.746, 148
Trd, 2590959.963, 150
Trd, 2590961.179, 150
Trd, 2590961.363, 150
Trd, 2590961.379, 150
Trd, 2590961.479, 150
Trd, 2590961.629, 150
Trd, 2590961.663, 150
Trd, 2590961.713, 150
Trd, 2590961.863, 150
Trd, 2590962.013, 149
Trd, 2590962.146, 148
Trd, 2590962.563, 146
Trd, 2590962.729, 145
Trd, 2590963.513, 125
Trd, 2590963.863, 124
Trd, 2590964.196, 108
Trd, 2590965.046, 116
Trd, 2590965.479, 113
Trd, 2590966.763, 124
Trd, 2590966.846, 124
Trd, 2590967.213, 123
Trd, 2590967.313, 123
Trd, 2590967.329, 124
Trd, 2590967.763, 123
Trd, 2590967.796, 122
Trd, 2590968.363, 122
Trd, 2590969.096, 150
Trd, 2590969.129, 149
Trd, 2590969.629, 148
Trd, 2590970.246, 150
Trd, 2590970.679, 150
Trd, 2590971.829, 150
Trd, 2590973.563, 150
Trd, 2590973.579, 150
Trd, 2590974.213, 150
Trd, 2590974.263, 150
Trd, 2590974.379, 150
Trd, 2590974.929, 150
Trd, 2590975.446, 150
Trd, 2590975.596, 150
Trd, 2590975.679, 150
Trd, 2590975.713, 150
Trd, 2590976.046, 150
Trd, 2590976.529, 150
Trd, 2590976.546, 150
Trd, 2590976.813, 150
Trd, 2590976.963, 150
Trd, 2590977.329, 150
Trd, 2590978.046, 150
Trd, 2590978.613, 150
Trd, 2590978.913, 150
Trd, 2590979.029, 150
Trd, 2590980.513, 150
Trd, 2590980.629, 150
Trd, 2590980.879, 150
Trd, 2590981.129, 150
Trd, 2590981.163, 150
Trd, 2590981.213, 150
Trd, 2590981.429, 147
Trd, 2590981.613, 147
Trd, 2590982.096, 132
Trd, 2590982.179, 145
Trd, 2590983.213, 144
Trd, 2590983.629, 143
Trd, 2590984.296, 145
Trd, 2590984.496, 146
Trd, 2590984.613, 120
Trd, 2590984.796, 119
Trd, 2590984.963, 149
Trd, 2590985.846, 150
Trd, 2590987.213, 150
Trd, 2590987.346, 150
Trd, 2590987.396, 150
Trd, 2590987.713, 150
Trd, 2590988.596, 150
Trd, 2590989.046, 150
Trd, 2590989.163, 149
Trd, 2590989.379, 149
Trd, 2590989.646, 149
Trd, 2590989.679, 148
Trd, 2590989.846, 149
Trd, 2590989.979, 149
Trd, 2590990.079, 149
Trd, 2590990.363, 148
Trd, 2590990.446, 141
Trd, 2590991.463, 127
Trd, 2590992.079, 134
Trd, 2590992.413, 130
Trd, 2590992.446, 130
Trd, 2590992.513, 131
Trd, 2590992.563, 131
Trd, 2590992.863, 130
Trd, 2590993.246, 129
Trd, 2590993.513, 128
Trd, 2590993.613, 128
Trd, 2590993.963, 107
Trd, 2590994.013, 113
Trd, 2590994.296, 108
Trd, 2590994.446, 113
Trd, 2590995.596, 107
Trd, 2590997.179, 100
Trd, 2590997.713, 100
Trd, 2590999.729, 100
Trd, 2590999.813, 100
Trd, 2591000.379, 100
Trd, 2591000.579, 100
Trd, 2591000.613, 100
Trd, 2591000.629, 100
Trd, 2591000.729, 100
Trd, 2591000.763, 100
Trd, 2591000.879, 101
Trd, 2591000.963, 102
Trd, 2591001.696, 127
Trd, 2591002.346, 148
Trd, 2591002.479, 150
Trd, 2591002.696, 150
Trd, 2591003.263, 113
Trd, 2591003.446, 111
Trd, 2591003.863, 149
Trd, 2591004.179, 115
Trd, 2591004.946, 117
Trd, 2591005.846, 124
Trd, 2591006.263, 126
Trd, 2591006.346, 141
Trd, 2591007.163, 135
Trd, 2591007.346, 136
Trd, 2591007.679, 130
Trd, 2591007.896, 130
Trd, 2591007.979, 131
Trd, 2591008.329, 131
Trd, 2591008.379, 130
Trd, 2591008.413, 129
Trd, 2591008.879, 128
Trd, 2591009.579, 127
Trd, 2591010.013, 130
Trd, 2591010.229, 130
Trd, 2591010.596, 128
Trd, 2591010.713, 127
Trd, 2591010.846, 125
Trd, 2591010.963, 122
Trd, 2591012.296, 104
Trd, 2591012.529, 103
Trd, 2591013.079, 100
Trd, 2591013.329, 100
Trd, 2591013.413, 101
Trd, 2591013.613, 101
Trd, 2591013.746, 100
Trd, 2591013.813, 102
Trd, 2591014.913, 100
Trd, 2591015.113, 100
Trd, 2591015.713, 100
Trd, 2591015.729, 100
Trd, 2591016.479, 100
Trd, 2591017.179, 100
Trd, 2591017.296, 100
Trd, 2591017.629, 100
Trd, 2591017.896, 100
Trd, 2591018.046, 100
Trd, 2591018.063, 100
Trd, 2591018.663, 100
Trd, 2591019.246, 103
Trd, 2591019.279, 102
Trd, 2591019.796, 111
Trd, 2591020.729, 109
Trd, 2591021.479, 115
Trd, 2591021.563, 109
Trd, 2591021.763, 115
Trd, 2591021.996, 117
Trd, 2591022.146, 110
Trd, 2591023.179, 126
Trd, 2591024.629, 149
Trd, 2591024.646, 147
Trd, 2591026.179, 150
Trd, 2591026.379, 150
Trd, 2591026.513, 150
Trd, 2591026.596, 150
Trd, 2591027.279, 150
Trd, 2591027.496, 150
Trd, 2591027.913, 150
Trd, 2591028.046, 150
Trd, 2591028.279, 150
Trd, 2591028.463, 150
Trd, 2591028.663, 150
Trd, 2591028.929, 150
Trd, 2591029.013, 150
Trd, 2591029.029, 150
Trd, 2591029.263, 150
Trd, 2591029.629, 150
Trd, 2591029.729, 150
Trd, 2591030.163, 150
Trd, 2591030.263, 149
Trd, 2591030.446, 148
Trd, 2591030.829, 147
Trd, 2591030.896, 147
Trd, 2591031.079, 147
Trd, 2591031.579, 148
Trd, 2591032.613, 100
Trd, 2591032.646, 109
Trd, 2591033.613, 100
Trd, 2591034.446, 102
Trd, 2591034.679, 101
Trd, 2591034.979, 100
Trd, 2591036.213, 100
Trd, 2591036.413, 100
Trd, 2591036.429, 100
Trd, 2591036.613, 100
Trd, 2591036.629, 100
Trd, 2591036.913, 100
Trd, 2591036.979, 100
Trd, 2591037.063, 102
Trd, 2591037.713, 101
Trd, 2591037.846, 100
Trd, 2591038.046, 100
Trd, 2591038.129, 101
Trd, 2591038.196, 113
Trd, 2591038.846, 101
Trd, 2591039.813, 104
Trd, 2591040.846, 102
Trd, 2591041.029, 103
Trd, 2591041.429, 104
Trd, 2591041.663, 102
Trd, 2591042.529, 101
Trd, 2591043.146, 112
Trd, 2591043.179, 113
Trd, 2591043.646, 150
Trd, 2591046.479, 150
Trd, 2591046.529, 150
Trd, 2591046.863, 150
Trd, 2591047.263, 150
Trd, 2591047.513, 150
Trd, 2591047.729, 150
Trd, 2591047.879, 150
Trd, 2591048.246, 150
Trd, 2591049.079, 150
Trd, 2591049.513, 150
Trd, 2591049.763, 150
Trd, 2591049.829, 150
Trd, 2591050.013, 150
Trd, 2591050.129, 149
Trd, 2591050.229, 150
Trd, 2591050.246, 148
Trd, 2591050.779, 149
Trd, 2591050.813, 148
Trd, 2591050.929, 150
Trd, 2591051.579, 145
Trd, 2591051.729, 148
Trd, 2591052.329, 146
Trd, 2591052.596, 145
Trd, 2591053.463, 149
Trd, 2591053.646, 146
Trd, 2591053.946, 144
Trd, 2591054.279, 123
Trd, 2591054.329, 122
Trd, 2591054.946, 144
Trd, 2591055.196, 108
Trd, 2591055.379, 108
Trd, 2591055.529, 107
Trd, 2591055.896, 107
Trd, 2591056.179, 107
Trd, 2591056.346, 109
Trd, 2591056.379, 110
Trd, 2591056.563, 112
Trd, 2591056.729, 123
Trd, 2591057.229, 122
Trd, 2591058.429, 118
Trd, 2591058.479, 119
Trd, 2591058.796, 120
Trd, 2591059.163, 121
Trd, 2591059.213, 120
Trd, 2591059.563, 122
Trd, 2591060.496, 124
Trd, 2591060.913, 123
Trd, 2591060.929, 122
Trd, 2591061.529, 137
Trd, 2591062.346, 150
Trd, 2591064.079, 150
Trd, 2591064.163, 150
Trd, 2591064.263, 150
Trd, 2591064.963, 150
Trd, 2591065.246, 150
Trd, 2591065.329, 150
Trd, 2591065.363, 150
Trd, 2591065.679, 150
Trd, 2591065.713, 150
Trd, 2591066.079, 150
Trd, 2591066.129, 150
Trd, 2591066.263, 150
Trd, 2591066.329, 149
Trd, 2591067.546, 150
Trd, 2591067.696, 150
Trd, 2591068.346, 100
Trd, 2591069.146, 100
Trd, 2591069.246, 100
Trd, 2591070.046, 100
Trd, 2591070.379, 100
Trd, 2591070.746, 100
Trd, 2591070.796, 100
Trd, 2591070.896, 101
Trd, 2591071.463, 118
Trd, 2591071.529, 106
Trd, 2591072.646, 137
Trd, 2591073.096, 145
Trd, 2591073.929, 150
Trd, 2591074.079, 150
Trd, 2591075.096, 150
Trd, 2591075.263, 150
Trd, 2591075.296, 150
Trd, 2591075.613, 150
Trd, 2591075.663, 150
Trd, 2591075.829, 150
Trd, 2591076.263, 150
Trd, 2591076.563, 150
Trd, 2591076.679, 148
Trd, 2591076.763, 140
Trd, 2591077.146, 137
Trd, 2591077.446, 144
Trd, 2591078.179, 144
Trd, 2591078.279, 145
Trd, 2591078.879, 145
Trd, 2591078.979, 146
Trd, 2591079.546, 148
Trd, 2591079.729, 148
Trd, 2591080.513, 150
Trd, 2591080.713, 150
Trd, 2591080.829, 148
Trd, 2591081.046, 149
Trd, 2591081.513, 148
Trd, 2591082.946, 150
Trd, 2591083.596, 150
Trd, 2591083.929, 150
Trd, 2591084.329, 150
Trd, 2591085.113, 150
Trd, 2591085.679, 150
Trd, 2591086.596, 150
Trd, 2591087.029, 150
Trd, 2591087.263, 150
Trd, 2591088.063, 150
Trd, 2591088.829, 150
Trd, 2591089.763, 150
Trd, 2591089.963, 150
Trd, 2591090.013, 150
Trd, 2591090.079, 150
Trd, 2591090.096, 150
Trd, 2591090.179, 150
Trd, 2591090.279, 150
Trd, 2591090.463, 150
Trd, 2591090.546, 150
Trd, 2591090.663, 150
Trd, 2591090.729, 150
Trd, 2591090.863, 149
Trd, 2591091.546, 148
Trd, 2591091.646, 148
Trd, 2591091.713, 148
Trd, 2591091.946, 149
Trd, 2591092.063, 148
Trd, 2591092.313, 146
Trd, 2591092.363, 147
Trd, 2591092.813, 146
Trd, 2591093.029, 140
Trd, 2591093.246, 104
Trd, 2591093.629, 138
Trd, 2591093.746, 108
Trd, 2591094.096, 132
Trd, 2591094.213, 138
Trd, 2591094.313, 146
Trd, 2591095.796, 150
Trd, 2591096.396, 150
Trd, 2591096.796, 150
Trd, 2591096.979, 150
Trd, 2591097.979, 150
Trd, 2591098.263, 150
Trd, 2591098.813, 150
Trd, 2591099.129, 150
Trd, 2591099.579, 150
Trd, 2591101.763, 150
Trd, 2591101.863, 147
Trd, 2591102.696, 140
Trd, 2591102.763, 139
Trd, 2591102.963, 139
Trd, 2591103.129, 138
Trd, 2591103.246, 137
Trd, 2591103.346, 100
Trd, 2591103.363, 101
Trd, 2591103.613, 102
Trd, 2591104.196, 101
Trd, 2591104.363, 102
Trd, 2591105.596, 100
Trd, 2591106.079, 100
Trd, 2591107.013, 100
Trd, 2591107.279, 100
Trd, 2591107.396, 100
Trd, 2591108.663, 100
Trd, 2591108.913, 100
Trd, 2591109.113, 100
Trd, 2591109.129, 100
Trd, 2591109.213, 100
Trd, 2591109.813, 100
Trd, 2591110.013, 100
Trd, 2591110.063, 101
Trd, 2591110.229, 101
Trd, 2591110.363, 102
Trd, 2591110.446, 101
Trd, 2591110.513, 100
Trd, 2591110.813, 102
Trd, 2591111.579, 150
Trd, 2591111.813, 150
Trd, 2591111.946, 150
Trd, 2591112.329, 150
Trd, 2591113.079, 150
Trd, 2591113.196, 150
Trd, 2591113.263, 150
Trd, 2591113.479, 150
Trd, 2591113.863, 150
Trd, 2591114.913, 150
Trd, 2591114.946, 150
Trd, 2591115.029, 146
Trd, 2591115.779, 145
Trd, 2591116.179, 135
Trd, 2591118.096, 100
Trd, 2591118.563, 100
Trd, 2591118.679, 100
Trd, 2591118.829, 101
Trd, 2591119.013, 100
Trd, 2591119.463, 101
Trd, 2591120.046, 101
Trd, 2591120.296, 100
Trd, 2591120.596, 101
Trd, 2591120.763, 102
Trd, 2591120.779, 103
Trd, 2591120.829, 104
Trd, 2591120.996, 109
Trd, 2591121.013, 111
Trd, 2591121.563, 150
Trd, 2591122.079, 150
Trd, 2591122.196, 150
Trd, 2591122.546, 148
Trd, 2591122.863, 106
Trd, 2591123.979, 100
Trd, 2591124.413, 100
Trd, 2591125.196, 100
Trd, 2591125.463, 100
Trd, 2591125.979, 100
Trd, 2591126.013, 100
Trd, 2591126.096, 100
Trd, 2591126.279, 100
Trd, 2591126.346, 100
Trd, 2591126.379, 100
Trd, 2591127.079, 150
Trd, 2591127.529, 150
Trd, 2591129.429, 150
Trd, 2591129.463, 150
Trd, 2591130.079, 150
Trd, 2591131.546, 150
Trd, 2591131.646, 150
Trd, 2591132.813, 150
Trd, 2591133.029, 150
Trd, 2591133.063, 150
Trd, 2591133.079, 150
Trd, 2591133.113, 150
Trd, 2591133.929, 150
Trd, 2591134.063, 149
Trd, 2591134.263, 149
Trd, 2591134.329, 148
Trd, 2591134.379, 148
Trd, 2591134.529, 144
Trd, 2591135.146, 150
Trd, 2591135.229, 149
Trd, 2591135.479, 148
Trd, 2591135.529, 139
Trd, 2591136.663, 150
Trd, 2591137.796, 150
Trd, 2591138.063, 150
Trd, 2591138.096, 150
Trd, 2591139.029, 150
Trd, 2591139.713, 150
Trd, 2591139.829, 150
Trd, 2591139.846, 150
Trd, 2591141.196, 150
Trd, 2591141.363, 150
Trd, 2591142.479, 150
Trd, 2591142.663, 150
Trd, 2591143.196, 150
Trd, 2591143.729, 150
Trd, 2591143.929, 150
Trd, 2591144.079, 150
Trd, 2591144.363, 150
Trd, 2591144.663, 150
Trd, 2591144.846, 150
Trd, 2591145.046, 150
Trd, 2591145.513, 148
Trd, 2591146.163, 149
Trd, 2591146.463, 149
Trd, 2591146.829, 150
Trd, 2591146.996, 148
Trd, 2591147.429, 150
Trd, 2591147.463, 150
Trd, 2591147.729, 150
Trd, 2591147.979, 150
Trd, 2591150.546, 150
Trd, 2591150.929, 150
Trd, 2591151.263, 150
Trd, 2591151.713, 150
Trd, 2591151.929, 150
Trd, 2591151.946, 150
Trd, 2591151.963, 150
Trd, 2591152.029, 150
Trd, 2591152.279, 148
Trd, 2591152.446, 118
Trd, 2591152.796, 140
Trd, 2591152.896, 106
Trd, 2591153.163, 104
Trd, 2591153.846, 107
Trd, 2591153.896, 146
Trd, 2591154.213, 146
Trd, 2591154.396, 121
Trd, 2591155.713, 125
Trd, 2591156.196, 122
Trd, 2591156.446, 124
Trd, 2591156.629, 124
Trd, 2591157.046, 124
Trd, 2591157.113, 125
Trd, 2591157.829, 132
Trd, 2591158.979, 140
Trd, 2591159.046, 140
Trd, 2591159.263, 141
Trd, 2591159.313, 142
Trd, 2591159.379, 141
Trd, 2591159.429, 136
Trd, 2591159.529, 134
Trd, 2591160.146, 134
Trd, 2591160.229, 133
Trd, 2591160.263, 142
Trd, 2591160.763, 149
Trd, 2591161.213, 150
Trd, 2591161.529, 131
Trd, 2591161.713, 148
Trd, 2591162.179, 149
Trd, 2591163.079, 121
Trd, 2591163.946, 100
Trd, 2591164.129, 100
Trd, 2591164.463, 100
Trd, 2591164.879, 100
Trd, 2591165.213, 100
Trd, 2591165.546, 100
Trd, 2591165.729, 120
Trd, 2591166.896, 128
Trd, 2591167.029, 129
Trd, 2591167.363, 131
Trd, 2591167.863, 133
Trd, 2591168.063, 132
Trd, 2591168.379, 133
Trd, 2591168.579, 150
Trd, 2591168.996, 150
Trd, 2591169.163, 149
Trd, 2591169.296, 149
Trd, 2591169.663, 135
Trd, 2591170.146, 135
Trd, 2591170.796, 135
Trd, 2591171.446, 149
Trd, 2591171.979, 150
Trd, 2591172.596, 148
Trd, 2591172.879, 148
Trd, 2591173.063, 148
Trd, 2591173.363, 148
Trd, 2591173.529, 149
Trd, 2591173.563, 146
Trd, 2591174.479, 145
Trd, 2591175.513, 150
Trd, 2591176.279, 150
Trd, 2591176.379, 150
Trd, 2591177.063, 150
Trd, 2591177.563, 150
Trd, 2591178.046, 150
Trd, 2591178.329, 150
Trd, 2591178.379, 150
Trd, 2591178.429, 150
Trd, 2591178.613, 150
Trd, 2591178.929, 150
Trd, 2591179.279, 150
Trd, 2591179.413, 150
Trd, 2591179.546, 150
Trd, 2591179.596, 149
Trd, 2591179.679, 149
Trd, 2591179.963, 143
Trd, 2591180.796, 100
Trd, 2591181.396, 100
Trd, 2591181.579, 100
Trd, 2591181.646, 100
Trd, 2591181.796, 100
Trd, 2591181.846, 100
Trd, 2591182.213, 102
Trd, 2591182.479, 100
Trd, 2591182.863, 110
Trd, 2591185.263, 100
Trd, 2591186.363, 100
Trd, 2591186.379, 100
Trd, 2591186.663, 105
Trd, 2591186.779, 100
Trd, 2591186.963, 150
Trd, 2591187.179, 149
Trd, 2591187.513, 148
Trd, 2591187.996, 150
Trd, 2591188.513, 150
Trd, 2591188.546, 150
Trd, 2591189.246, 150
Trd, 2591189.363, 150
Trd, 2591189.696, 150
Trd, 2591190.429, 150
Trd, 2591190.663, 150
Trd, 2591190.746, 150
Trd, 2591191.179, 150
Trd, 2591191.296, 150
Trd, 2591191.563, 150
Trd, 2591192.129, 149
Trd, 2591192.213, 149
Trd, 2591192.296, 149
Trd, 2591192.313, 148
Trd, 2591192.629, 147
Trd, 2591192.763, 147
Trd, 2591192.979, 138
Trd, 2591193.779, 143
Trd, 2591194.229, 143
Trd, 2591194.446, 144
Trd, 2591194.529, 142
Trd, 2591195.213, 140
Trd, 2591195.563, 142
Trd, 2591196.863, 140
Trd, 2591197.363, 139
Trd, 2591197.813, 138
Trd, 2591197.879, 137
Trd, 2591197.929, 140
Trd, 2591198.629, 135
Trd, 2591199.013, 136
Trd, 2591199.829, 100
Trd, 2591199.946, 102
Trd, 2591199.996, 110
Trd, 2591200.146, 112
Trd, 2591200.763, 101
Trd, 2591201.146, 100
Trd, 2591201.296, 100
Trd, 2591203.113, 100
Trd, 2591203.346, 100
Trd, 2591203.646, 100
Trd, 2591203.696, 100
Trd, 2591203.879, 100
Trd, 2591204.179, 100
Trd, 2591204.363, 100
Trd, 2591204.646, 101
Trd, 2591204.946, 102
Trd, 2591205.063, 102
Trd, 2591205.179, 102
Trd, 2591205.313, 100
Trd, 2591206.079, 103
Trd, 2591207.213, 150
Trd, 2591207.546, 150
Trd, 2591208.146, 150
Trd, 2591208.163, 150
Trd, 2591208.196, 150
Trd, 2591208.263, 147
Trd, 2591208.363, 149
Trd, 2591208.629, 108
Trd, 2591209.129, 145
Trd, 2591209.496, 113
Trd, 2591209.546, 145
Trd, 2591210.013, 143
Trd, 2591210.029, 146
Trd, 2591210.663, 118
Trd, 2591211.429, 135
Trd, 2591211.746, 122
Trd, 2591212.063, 136
Trd, 2591212.129, 123
Trd, 2591212.646, 137
Trd, 2591213.029, 139
Trd, 2591213.163, 136
Trd, 2591213.346, 125
Trd, 2591213.679, 126
Trd, 2591215.563, 150
Trd, 2591216.479, 150
Trd, 2591216.713, 150
Trd, 2591217.213, 150
Trd, 2591217.296, 150
Trd, 2591217.379, 150
Trd, 2591217.546, 150
Trd, 2591217.713, 150
Trd, 2591217.913, 149
Trd, 2591218.379, 149
Trd, 2591219.196, 150
Trd, 2591220.046, 150
Trd, 2591220.863, 150
Trd, 2591221.129, 150
Trd, 2591221.746, 150
Trd, 2591221.813, 150
Trd, 2591221.896, 150
Trd, 2591222.196, 150
Trd, 2591222.396, 149
Trd, 2591222.496, 149
Trd, 2591222.513, 150
Trd, 2591222.613, 148
Trd, 2591222.779, 149
Trd, 2591222.879, 148
Trd, 2591224.379, 146
Trd, 2591224.513, 144
Trd, 2591224.763, 145
Trd, 2591224.996, 121
Trd, 2591225.213, 144
Trd, 2591226.463, 140
Trd, 2591226.496, 141
Trd, 2591227.429, 149
Trd, 2591227.579, 148
Trd, 2591227.846, 149
Trd, 2591228.546, 150
Trd, 2591229.579, 150
Trd, 2591229.596, 150
Trd, 2591229.679, 150
Trd, 2591229.713, 150
Trd, 2591230.096, 150
Trd, 2591230.113, 149
Trd, 2591230.613, 148
Trd, 2591231.029, 150
Trd, 2591231.296, 148
Trd, 2591231.546, 150
Trd, 2591231.663, 149
Trd, 2591231.929, 148
Trd, 2591232.179, 146
Trd, 2591232.346, 104
Trd, 2591233.013, 100
Trd, 2591233.346, 100
Trd, 2591233.596, 100
Trd, 2591233.679, 100
Trd, 2591234.129, 100
Trd, 2591234.379, 100
Trd, 2591234.913, 104
Trd, 2591235.263, 104
Trd, 2591236.363, 100
Trd, 2591236.763, 100
Trd, 2591237.213, 100
Trd, 2591237.929, 101
Trd, 2591238.396, 102
Trd, 2591238.429, 103
Trd, 2591238.446, 106
Trd, 2591238.613, 102
Trd, 2591239.613, 105
Trd, 2591239.963, 114
Trd, 2591240.379, 110
Trd, 2591240.629, 110
Trd, 2591241.029, 112
Trd, 2591241.096, 112
Trd, 2591241.596, 134
Trd, 2591241.846, 116
Trd, 2591242.129, 116
Trd, 2591242.196, 132
Trd, 2591242.946, 132
Trd, 2591243.429, 130
Trd, 2591243.579, 121
Trd, 2591244.213, 124
Trd, 2591244.529, 124
Trd, 2591244.746, 123
Trd, 2591244.779, 124
Trd, 2591245.113, 124
Trd, 2591245.613, 126
Trd, 2591245.779, 127
Trd, 2591246.346, 130
Trd, 2591246.663, 128
Trd, 2591246.796, 128
Trd, 2591247.313, 127
Trd, 2591247.429, 126
Trd, 2591248.213, 100
Trd, 2591248.246, 101
Trd, 2591248.379, 109
Trd, 2591249.313, 106
Trd, 2591249.463, 108
Trd, 2591250.646, 100
Trd, 2591250.879, 101
Trd, 2591252.246, 100
Trd, 2591253.313, 100
Trd, 2591253.479, 100
Trd, 2591253.696, 100
Trd, 2591253.746, 100
Trd, 2591253.896, 101
Trd, 2591253.996, 101
Trd, 2591254.796, 101
Trd, 2591255.013, 103
Trd, 2591255.079, 105
Trd, 2591255.179, 114
Trd, 2591256.096, 150
Trd, 2591256.596, 150
Trd, 2591257.229, 150
Trd, 2591257.496, 150
Trd, 2591257.913, 150
Trd, 2591258.113, 150
Trd, 2591258.346, 150
Trd, 2591258.579, 150
Trd, 2591258.879, 150
Trd, 2591259.013, 150
Trd, 2591259.129, 150
Trd, 2591259.329, 149
Trd, 2591259.613, 148
Trd, 2591259.963, 144
Trd, 2591260.229, 146
Trd, 2591260.413, 124
Trd, 2591261.129, 112
Trd, 2591261.279, 106
Trd, 2591261.363, 142
Trd, 2591262.579, 141
Trd, 2591262.663, 102
Trd, 2591263.379, 100
Trd, 2591264.313, 100
Trd, 2591264.413, 100
Trd, 2591264.496, 100
Trd, 2591264.513, 101
Trd, 2591264.696, 100
Trd, 2591265.179, 100
Trd, 2591265.829, 100
Trd, 2591265.896, 100
Trd, 2591266.246, 107
Trd, 2591266.546, 103
Trd, 2591267.196, 104
Trd, 2591267.346, 103
Trd, 2591267.863, 104
Trd, 2591268.229, 104
Trd, 2591268.296, 105
Trd, 2591268.813, 105
Trd, 2591269.646, 100
Trd, 2591269.963, 100
Trd, 2591269.979, 100
Trd, 2591271.896, 100
Trd, 2591272.213, 100
Trd, 2591272.696, 100
Trd, 2591272.763, 100
Trd, 2591273.013, 100
Trd, 2591273.596, 100
Trd, 2591274.279, 107
Trd, 2591274.796, 103
Trd, 2591275.113, 101
Trd, 2591276.796, 100
Trd, 2591276.846, 100
Trd, 2591276.996, 100
Trd, 2591277.196, 100
Trd, 2591277.246, 100
Trd, 2591277.346, 100
Trd, 2591277.963, 100
Trd, 2591277.996, 100
Trd, 2591278.363, 100
Trd, 2591279.363, 106
Trd, 2591279.496, 105
Trd, 2591279.613, 105
Trd, 2591279.829, 101
Trd, 2591280.063, 117
Trd, 2591280.129, 125
Trd, 2591280.346, 106
Trd, 2591280.613, 108
Trd, 2591280.896, 148
Trd, 2591282.479, 150
Trd, 2591282.579, 150
Trd, 2591283.013, 150
Trd, 2591284.279, 150
Trd, 2591284.679, 150
Trd, 2591284.929, 150
Trd, 2591286.429, 150
Trd, 2591287.029, 150
Trd, 2591287.346, 150
Trd, 2591288.313, 150
Trd, 2591289.546, 150
Trd, 2591290.096, 150
Trd, 2591290.479, 150
Trd, 2591290.613, 150
Trd, 2591290.763, 150
Trd, 2591290.846, 150
Trd, 2591290.863, 150
Trd, 2591291.013, 150
Trd, 2591291.063, 150
Trd, 2591291.163, 149
Trd, 2591291.296, 148
Trd, 2591291.379, 149
Trd, 2591291.546, 150
Trd, 2591291.763, 150
Trd, 2591291.963, 150
Trd, 2591292.079, 150
Trd, 2591292.663, 137
Trd, 2591292.829, 137
Trd, 2591293.096, 144
Trd, 2591293.279, 145
Trd, 2591293.313, 120
Trd, 2591293.596, 147
Trd, 2591293.913, 146
Trd, 2591294.629, 129
Trd, 2591295.046, 140
Trd, 2591295.446, 136
Trd, 2591295.579, 135
Trd, 2591295.696, 135
Trd, 2591295.763, 139
Trd, 2591295.779, 135
Trd, 2591295.979, 139
Trd, 2591296.213, 134
Trd, 2591297.179, 150
Trd, 2591298.113, 150
Trd, 2591298.246, 150
Trd, 2591298.763, 150
Trd, 2591300.046, 150
Trd, 2591300.679, 150
Trd, 2591300.763, 150
Trd, 2591301.629, 150
Trd, 2591302.179, 149
Trd, 2591302.496, 149
Trd, 2591302.513, 148
Trd, 2591302.996, 144
Trd, 2591303.213, 142
Trd, 2591303.279, 143
Trd, 2591305.363, 123
Trd, 2591305.663, 133
Trd, 2591305.996, 133
Trd, 2591306.429, 133
Trd, 2591306.529, 134
Trd, 2591306.563, 125
Trd, 2591306.796, 127
Trd, 2591307.346, 150
Trd, 2591307.379, 150
Trd, 2591307.996, 150
Trd, 2591308.279, 150
Trd, 2591308.296, 150
Trd, 2591308.329, 150
Trd, 2591308.546, 149
Trd, 2591308.929, 126
Trd, 2591309.546, 100
Trd, 2591310.296, 100
Trd, 2591310.629, 100
Trd, 2591311.263, 100
Trd, 2591311.546, 100
Trd, 2591311.713, 100
Trd, 2591311.879, 100
Trd, 2591311.996, 100
Trd, 2591312.463, 100
Trd, 2591312.646, 101
Trd, 2591313.013, 103
Trd, 2591313.713, 104
Trd, 2591313.729, 105
Trd, 2591314.096, 113
Trd, 2591314.179, 101
Trd, 2591315.346, 100
Trd, 2591315.446, 100
Trd, 2591315.596, 100
Trd, 2591316.463, 100
Trd, 2591316.713, 100
Trd, 2591316.779, 100
Trd, 2591316.979, 101
Trd, 2591317.163, 102
Trd, 2591317.679, 104
Trd, 2591317.979, 105
Trd, 2591317.996, 106
Trd, 2591318.229, 106
Trd, 2591318.313, 104
Trd, 2591318.879, 107
Trd, 2591319.196, 108
Trd, 2591319.563, 107
Trd, 2591319.663, 107
Trd, 2591320.813, 109
Trd, 2591320.913, 108
Trd, 2591321.763, 150
Trd, 2591322.646, 150
Trd, 2591322.813, 150
Trd, 2591324.346, 150
Trd, 2591324.463, 150
Trd, 2591325.063, 150
Trd, 2591326.029, 150
Trd, 2591326.413, 150
Trd, 2591326.813, 150
Trd, 2591326.829, 150
Trd, 2591327.096, 150
Trd, 2591327.163, 150
Trd, 2591327.413, 150
Trd, 2591328.029, 150
Trd, 2591328.113, 149
Trd, 2591328.146, 148
Trd, 2591328.279, 148
Trd, 2591328.763, 147
Trd, 2591329.096, 134
Trd, 2591329.563, 144
Trd, 2591329.713, 144
Trd, 2591330.029, 145
Trd, 2591330.246, 130
Trd, 2591330.663, 128
Trd, 2591331.179, 133
Trd, 2591331.863, 129
Trd, 2591332.196, 122
Trd, 2591332.529, 112
Trd, 2591333.029, 126
Trd, 2591333.196, 127
Trd, 2591333.263, 129
Trd, 2591333.546, 122
Trd, 2591333.796, 136
Trd, 2591334.229, 115
Trd, 2591334.746, 113
Trd, 2591336.279, 117
Trd, 2591336.346, 115
Trd, 2591336.563, 116
Trd, 2591336.796, 114
Trd, 2591337.463, 145
Trd, 2591338.346, 142
Trd, 2591338.479, 134
Trd, 2591339.046, 135
Trd, 2591339.429, 135
Trd, 2591339.513, 136
Trd, 2591339.763, 137
Trd, 2591340.063, 137
Trd, 2591340.513, 136
Trd, 2591340.529, 135
Trd, 2591340.613, 137
Trd, 2591341.279, 149
Trd, 2591342.096, 148
Trd, 2591342.346, 148
Trd, 2591342.429, 148
Trd, 2591342.896, 148
Trd, 2591343.163, 150
Trd, 2591343.413, 148
Trd, 2591343.546, 149
Trd, 2591343.579, 147
Trd, 2591343.829, 111
Trd, 2591344.429, 101
Trd, 2591345.179, 102
Trd, 2591345.429, 100
Trd, 2591345.846, 102
Trd, 2591345.946, 105
Trd, 2591346.146, 105
Trd, 2591346.496, 108
Trd, 2591346.579, 109
Trd, 2591346.913, 109
Trd, 2591347.963, 118
Trd, 2591347.979, 116
Trd, 2591348.363, 145
Trd, 2591350.346, 150
Trd, 2591351.979, 150
Trd, 2591352.646, 150
Trd, 2591352.713, 150
Trd, 2591352.763, 150
Trd, 2591352.913, 150
Trd, 2591352.929, 150
Trd, 2591352.946, 150
Trd, 2591353.013, 150
Trd, 2591353.329, 149
Trd, 2591353.346, 150
Trd, 2591353.646, 149
Trd, 2591353.696, 147
Trd, 2591354.379, 118
Trd, 2591354.396, 137
Trd, 2591354.446, 149
Trd, 2591355.679, 100
Trd, 2591356.696, 100
Trd, 2591356.713, 100
Trd, 2591356.996, 100
Trd, 2591357.013, 105
Trd, 2591357.229, 106
Trd, 2591357.413, 105
Trd, 2591357.896, 107
Trd, 2591358.546, 150
Trd, 2591358.579, 150
Trd, 2591359.729, 150
Trd, 2591360.779, 150
Trd, 2591360.896, 150
Trd, 2591361.663, 150
Trd, 2591361.763, 150
Trd, 2591362.113, 150
Trd, 2591362.446, 150
Trd, 2591362.579, 150
Trd, 2591363.313, 150
Trd, 2591363.413, 150
Trd, 2591363.429, 150
Trd, 2591363.513, 150
Trd, 2591363.646, 150
Trd, 2591363.796, 150
Trd, 2591364.579, 149
Trd, 2591364.713, 150
Trd, 2591364.979, 147
Trd, 2591365.329, 129
Trd, 2591367.013, 140
Trd, 2591367.029, 139
Trd, 2591367.163, 140
Trd, 2591367.279, 141
Trd, 2591367.746, 139
Trd, 2591368.579, 133
Trd, 2591369.396, 136
Trd, 2591369.579, 138
Trd, 2591370.096, 136
Trd, 2591370.263, 134
Trd, 2591370.396, 135
Trd, 2591370.479, 131
Trd, 2591371.113, 130
Trd, 2591371.179, 133
Trd, 2591371.213, 117
Trd, 2591371.846, 130
Trd, 2591372.163, 128
Trd, 2591372.546, 129
Trd, 2591372.996, 101
Trd, 2591373.679, 100
Trd, 2591373.746, 100
Trd, 2591375.279, 100
Trd, 2591376.213, 100
Trd, 2591376.579, 100
Trd, 2591376.629, 100
Trd, 2591376.813, 100
Trd, 2591377.329, 102
Trd, 2591377.479, 102
Trd, 2591377.946, 101
Trd, 2591378.079, 102
Trd, 2591378.296, 108
Trd, 2591378.496, 111
Trd, 2591378.996, 149
Trd, 2591379.196, 109
Trd, 2591379.729, 150
Trd, 2591379.796, 150
Trd, 2591380.313, 150
Trd, 2591381.029, 150
Trd, 2591381.363, 150
Trd, 2591384.296, 150
Trd, 2591384.346, 150
Trd, 2591384.596, 150
Trd, 2591384.796, 150
Trd, 2591385.446, 150
Trd, 2591385.463, 150
Trd, 2591385.679, 150
Trd, 2591385.763, 150
Trd, 2591386.096, 150
Trd, 2591386.496, 150
Trd, 2591386.629, 150
Trd, 2591386.713, 150
Trd, 2591386.746, 150
Trd, 2591386.896, 150
Trd, 2591387.263, 149
Trd, 2591387.413, 150
Trd, 2591389.296, 150
Trd, 2591389.613, 150
Trd, 2591389.829, 150
Trd, 2591391.546, 150
Trd, 2591391.563, 150
Trd, 2591391.629, 150
Trd, 2591391.713, 150
Trd, 2591391.763, 150
Trd, 2591392.079, 150
Trd, 2591392.213, 150
Trd, 2591392.313, 150
Trd, 2591392.579, 149
Trd, 2591392.963, 148
Trd, 2591393.013, 149
Trd, 2591393.129, 147
Trd, 2591393.696, 145
Trd, 2591393.713, 132
Trd, 2591393.863, 102
Trd, 2591394.196, 102
Trd, 2591394.413, 100
Trd, 2591394.713, 103
Trd, 2591395.129, 101
Trd, 2591395.429, 101
Trd, 2591395.663, 102
Trd, 2591395.929, 103
Trd, 2591396.129, 104
Trd, 2591396.863, 102
Trd, 2591397.179, 111
Trd, 2591397.596, 139
Trd, 2591398.479, 108
Trd, 2591398.729, 106
Trd, 2591398.929, 105
Trd, 2591399.229, 106
Trd, 2591399.246, 109
Trd, 2591399.829, 110
Trd, 2591400.196, 111
Trd, 2591400.613, 135
Trd, 2591401.196, 150
Trd, 2591401.463, 150
Trd, 2591401.496, 150
Trd, 2591402.479, 150
Trd, 2591402.663, 150
Trd, 2591403.429, 150
Trd, 2591404.113, 150
Trd, 2591404.479, 150
Trd, 2591404.513, 150
Trd, 2591405.029, 150
Trd, 2591405.096, 150
Trd, 2591405.263, 149
Trd, 2591406.013, 150
Trd, 2591407.429, 150
Trd, 2591407.679, 150
Trd, 2591408.046, 150
Trd, 2591408.429, 150
Trd, 2591408.463, 150
Trd, 2591408.479, 150
Trd, 2591408.613, 150
Trd, 2591408.629, 150
Trd, 2591408.713, 150
Trd, 2591408.979, 150
Trd, 2591409.513, 131
Trd, 2591409.763, 126
Trd, 2591410.346, 148
Trd, 2591411.029, 108
Trd, 2591412.096, 123
Trd, 2591412.246, 122
Trd, 2591412.379, 123
Trd, 2591412.579, 123
Trd, 2591412.779, 122
Trd, 2591412.946, 123
Trd, 2591413.179, 123
Trd, 2591413.546, 124
Trd, 2591413.929, 121
Trd, 2591415.213, 150
Trd, 2591415.663, 147
Trd, 2591416.413, 150
Trd, 2591416.629, 148
Trd, 2591416.646, 147
Trd, 2591417.296, 150
Trd, 2591418.829, 150
Trd, 2591419.596, 150
Trd, 2591419.879, 150
Trd, 2591420.179, 150
Trd, 2591420.229, 150
Trd, 2591420.246, 150
Trd, 2591420.696, 150
Trd, 2591420.763, 150
Trd, 2591420.996, 150
Trd, 2591421.013, 150
Trd, 2591421.129, 150
Trd, 2591421.196, 150
Trd, 2591421.396, 150
Trd, 2591421.779, 149
Trd, 2591422.246, 150
Trd, 2591422.463, 150
Trd, 2591422.496, 150
Trd, 2591423.213, 150
Trd, 2591423.329, 150
Trd, 2591423.479, 148
Trd, 2591423.863, 150
Trd, 2591424.729, 150
Trd, 2591425.463, 150
Trd, 2591425.596, 149
Trd, 2591425.796, 148
Trd, 2591425.829, 139
Trd, 2591427.579, 144
Trd, 2591427.613, 121
Trd, 2591427.729, 121
Trd, 2591427.879, 120
Trd, 2591428.813, 122
Trd, 2591429.229, 122
Trd, 2591429.963, 123
Trd, 2591430.013, 124
Trd, 2591430.296, 124
Trd, 2591430.796, 124
Trd, 2591430.979, 123
Trd, 2591431.546, 122
Trd, 2591431.596, 123
Trd, 2591431.629, 124
Trd, 2591431.846, 126
Trd, 2591431.979, 121
Trd, 2591432.013, 114
Trd, 2591432.829, 104
Trd, 2591433.079, 128
Trd, 2591433.929, 150
Trd, 2591434.363, 150
Trd, 2591434.429, 150
Trd, 2591434.513, 150
Trd, 2591436.329, 150
Trd, 2591436.346, 150
Trd, 2591436.496, 150
Trd, 2591436.763, 150
Trd, 2591437.563, 150
Trd, 2591437.979, 150
Trd, 2591438.146, 149
Trd, 2591439.463, 150
Trd, 2591439.929, 150
Trd, 2591439.996, 149
Trd, 2591440.196, 148
Trd, 2591440.229, 147
Trd, 2591440.263, 149
Trd, 2591440.313, 146
Trd, 2591440.879, 145
Trd, 2591440.979, 143
Trd, 2591441.896, 143
Trd, 2591441.996, 144
Trd, 2591442.163, 143
Trd, 2591442.246, 144
Trd, 2591443.096, 147
Trd, 2591443.296, 146
Trd, 2591443.796, 147
Trd, 2591444.263, 146
Trd, 2591444.679, 147
Trd, 2591444.763, 146
Trd, 2591445.046, 136
Trd, 2591445.313, 148
Trd, 2591446.529, 146
Trd, 2591446.613, 139
Trd, 2591448.129, 150
Trd, 2591448.263, 150
Trd, 2591448.296, 149
Trd, 2591448.913, 150
Trd, 2591449.079, 150
Trd, 2591449.113, 149
Trd, 2591449.296, 148
Trd, 2591450.213, 150
Trd, 2591450.796, 150
Trd, 2591451.346, 150
Trd, 2591451.379, 150
Trd, 2591451.496, 150
Trd, 2591451.646, 150
Trd, 2591451.829, 150
Trd, 2591451.896, 150
Trd, 2591452.129, 149
Trd, 2591452.246, 149
Trd, 2591452.329, 150
Trd, 2591452.863, 150
Trd, 2591453.479, 150
Trd, 2591453.496, 150
Trd, 2591453.679, 150
Trd, 2591454.179, 149
Trd, 2591454.429, 150
Trd, 2591454.629, 150
Trd, 2591454.696, 150
Trd, 2591458.413, 150
Trd, 2591458.596, 150
Trd, 2591458.829, 150
Trd, 2591459.246, 150
Trd, 2591459.529, 150
Trd, 2591459.646, 150
Trd, 2591460.013, 150
Trd, 2591460.279, 150
Trd, 2591460.546, 150
Trd, 2591460.563, 150
Trd, 2591460.713, 148
Trd, 2591460.929, 148
Trd, 2591461.063, 101
Trd, 2591461.513, 101
Trd, 2591461.796, 101
Trd, 2591462.163, 100
Trd, 2591462.279, 100
Trd, 2591462.396, 103
Trd, 2591462.763, 100
Trd, 2591463.096, 100
Trd, 2591463.396, 102
Trd, 2591463.513, 103
Trd, 2591463.679, 101
Trd, 2591463.896, 100
Trd, 2591463.913, 102
Trd, 2591464.029, 123
Trd, 2591464.863, 102
Trd, 2591465.013, 102
Trd, 2591465.579, 103
Trd, 2591466.363, 100
Trd, 2591466.529, 101
Trd, 2591467.013, 102
Trd, 2591467.313, 103
Trd, 2591467.396, 103
Trd, 2591468.513, 100
Trd, 2591468.596, 101
Trd, 2591470.079, 104
Trd, 2591470.579, 101
Trd, 2591471.096, 101
Trd, 2591471.463, 105
Trd, 2591471.796, 105
Trd, 2591472.213, 120
Trd, 2591472.429, 106
Trd, 2591473.446, 111
Trd, 2591474.013, 117
Trd, 2591474.079, 118
Trd, 2591474.096, 116
Trd, 2591474.163, 115
Trd, 2591475.946, 129
Trd, 2591476.029, 128
Trd, 2591477.079, 127
Trd, 2591477.463, 126
Trd, 2591477.496, 127
Trd, 2591477.813, 127
Trd, 2591477.829, 126
Trd, 2591477.846, 128
Trd, 2591477.913, 130
Trd, 2591478.963, 130
Trd, 2591479.413, 132
Trd, 2591480.213, 150
Trd, 2591480.529, 150
Trd, 2591481.013, 150
Trd, 2591481.029, 150
Trd, 2591482.779, 150
Trd, 2591483.413, 150
Trd, 2591483.529, 150
Trd, 2591483.779, 150
Trd, 2591484.096, 150
Trd, 2591484.479, 150
Trd, 2591484.513, 150
Trd, 2591484.913, 150
Trd, 2591485.246, 150
Trd, 2591486.846, 150
Trd, 2591486.963, 150
Trd, 2591486.979, 150
Trd, 2591487.096, 150
Trd, 2591487.329, 150
Trd, 2591487.579, 150
Trd, 2591488.063, 148
Trd, 2591488.213, 148
Trd, 2591488.246, 149
Trd, 2591488.279, 146
Trd, 2591488.879, 145
Trd, 2591488.929, 149
Trd, 2591489.279, 149
Trd, 2591489.846, 145
Trd, 2591490.046, 123
Trd, 2591490.479, 145
Trd, 2591490.663, 133
Trd, 2591491.313, 143
Trd, 2591491.613, 126
Trd, 2591491.829, 124
Trd, 2591492.229, 141
Trd, 2591492.429, 124
Trd, 2591492.696, 133
Trd, 2591493.613, 140
Trd, 2591494.513, 136
Trd, 2591494.779, 107
Trd, 2591494.913, 122
Trd, 2591494.946, 120
Trd, 2591495.213, 122
Trd, 2591495.446, 120
Trd, 2591495.946, 120
Trd, 2591496.363, 120
Trd, 2591497.163, 122
Trd, 2591497.813, 120
Trd, 2591498.379, 118
Trd, 2591498.679, 129
Trd, 2591499.063, 130
Trd, 2591499.213, 101
Trd, 2591500.363, 100
Trd, 2591501.229, 100
Trd, 2591501.679, 100
Trd, 2591501.729, 100
Trd, 2591501.763, 100
Trd, 2591501.913, 100
Trd, 2591501.946, 103
Trd, 2591502.129, 101
Trd, 2591502.429, 103
Trd, 2591502.646, 108
Trd, 2591503.063, 105
Trd, 2591503.296, 111
Trd, 2591503.779, 112
Trd, 2591503.846, 115
Trd, 2591504.896, 137
Trd, 2591505.779, 117
Trd, 2591506.046, 116
Trd, 2591506.679, 129
Trd, 2591507.013, 127
Trd, 2591507.346, 122
Trd, 2591507.746, 124
Trd, 2591507.929, 126
Trd, 2591508.396, 125
Trd, 2591508.696, 126
Trd, 2591509.213, 126
Trd, 2591509.346, 127
Trd, 2591509.513, 126
Trd, 2591509.679, 126
Trd, 2591510.029, 128
Trd, 2591510.079, 126
Trd, 2591510.379, 131
Trd, 2591511.479, 150
Trd, 2591511.679, 150
Trd, 2591511.729, 150
Trd, 2591512.263, 150
Trd, 2591512.279, 150
Trd, 2591514.629, 150
Trd, 2591514.729, 150
Trd, 2591515.329, 150
Trd, 2591515.379, 150
Trd, 2591515.413, 150
Trd, 2591515.446, 150
Trd, 2591515.729, 150
Trd, 2591515.913, 100
Trd, 2591516.613, 100
Trd, 2591516.863, 100
Trd, 2591516.946, 100
Trd, 2591516.979, 100
Trd, 2591518.279, 107
Trd, 2591518.463, 108
Trd, 2591518.796, 105
Trd, 2591519.013, 104
Trd, 2591519.713, 104
Trd, 2591519.913, 107
Trd, 2591519.996, 103
Trd, 2591520.413, 102
Trd, 2591520.563, 101
Trd, 2591521.146, 150
Trd, 2591521.713, 101
Trd, 2591522.163, 101
Trd, 2591522.413, 101
Trd, 2591522.463, 101
Trd, 2591522.613, 101
Trd, 2591522.963, 102
Trd, 2591523.046, 129
Trd, 2591523.496, 106
Trd, 2591524.346, 104
Trd, 2591524.413, 103
Trd, 2591524.579, 104
Trd, 2591524.946, 104
Trd, 2591525.363, 105
Trd, 2591525.779, 103
Trd, 2591526.196, 100
Trd, 2591526.679, 100
Trd, 2591527.246, 101
Trd, 2591527.796, 101
Trd, 2591527.863, 146
Trd, 2591528.996, 150
Trd, 2591529.113, 146
Trd, 2591530.146, 115
Trd, 2591531.029, 149
Trd, 2591531.096, 149
Trd, 2591531.813, 150
Trd, 2591531.913, 150
Trd, 2591532.179, 150
Trd, 2591532.213, 150
Trd, 2591532.246, 150
Trd, 2591532.396, 149
Trd, 2591533.013, 147
Trd, 2591533.263, 148
Trd, 2591533.813, 147
Trd, 2591533.829, 144
Trd, 2591533.846, 135
Trd, 2591533.896, 131
Trd, 2591534.029, 128
Trd, 2591534.213, 147
Trd, 2591534.313, 127
Trd, 2591534.663, 147
Trd, 2591535.213, 148
Trd, 2591535.313, 134
Trd, 2591535.579, 132
Trd, 2591535.696, 149
Trd, 2591537.346, 100
Trd, 2591538.379, 100
Trd, 2591538.579, 100
Trd, 2591538.763, 100
Trd, 2591538.879, 100
Trd, 2591539.596, 100
Trd, 2591540.179, 100
Trd, 2591540.296, 100
Trd, 2591540.496, 100
Trd, 2591541.463, 100
Trd, 2591541.496, 101
Trd, 2591541.796, 102
Trd, 2591541.829, 101
Trd, 2591542.096, 100
Trd, 2591542.146, 113
Trd, 2591543.246, 111
Trd, 2591543.496, 115
Trd, 2591543.679, 115
Trd, 2591543.696, 113
Trd, 2591543.846, 111
Trd, 2591544.729, 107
Trd, 2591544.913, 107
Trd, 2591544.963, 106
Trd, 2591545.263, 105
Trd, 2591545.513, 104
Trd, 2591545.596, 104
Trd, 2591546.796, 100
Trd, 2591546.829, 101
Trd, 2591547.046, 101
Trd, 2591548.313, 108
Trd, 2591548.413, 126
Trd, 2591549.629, 149
Trd, 2591549.929, 144
Trd, 2591550.429, 150
Trd, 2591550.913, 150
Trd, 2591552.379, 150
Trd, 2591552.679, 150
Trd, 2591552.796, 150
Trd, 2591553.696, 150
Trd, 2591553.929, 150
Trd, 2591554.413, 150
Trd, 2591554.929, 150
Trd, 2591555.146, 150
Trd, 2591555.579, 150
Trd, 2591555.679, 150
Trd, 2591555.713, 150
Trd, 2591555.746, 150
Trd, 2591555.829, 148
Trd, 2591557.096, 150
Trd, 2591558.163, 150
Trd, 2591559.163, 150
Trd, 2591559.346, 150
Trd, 2591559.413, 150
Trd, 2591559.429, 150
Trd, 2591559.629, 150
Trd, 2591559.679, 148
Trd, 2591560.596, 150
Trd, 2591560.779, 150
Trd, 2591560.863, 150
Trd, 2591561.313, 150
Trd, 2591561.429, 150
Trd, 2591562.196, 150
Trd, 2591562.413, 150
Trd, 2591562.863, 150
Trd, 2591563.063, 146
Trd, 2591563.363, 146
Trd, 2591563.479, 147
Trd, 2591563.779, 135
Trd, 2591563.996, 133
Trd, 2591564.046, 139
Trd, 2591564.246, 117
Trd, 2591565.263, 100
Trd, 2591565.479, 100
Trd, 2591566.546, 100
Trd, 2591566.713, 100
Trd, 2591567.246, 100
Trd, 2591567.263, 100
Trd, 2591567.313, 100
Trd, 2591567.379, 100
Trd, 2591567.846, 100
Trd, 2591567.879, 100
Trd, 2591568.013, 100
Trd, 2591568.246, 100
Trd, 2591568.996, 100
Trd, 2591570.563, 100
Trd, 2591571.063, 100
Trd, 2591571.296, 101
Trd, 2591571.846, 100
Trd, 2591572.146, 103
Trd, 2591572.529, 101
Trd, 2591572.846, 112
Trd, 2591573.079, 109
Trd, 2591573.113, 107
Trd, 2591573.146, 106
Trd, 2591573.229, 105
Trd, 2591573.596, 150
Trd, 2591575.579, 140
Trd, 2591575.629, 140
Trd, 2591575.746, 139
Trd, 2591575.929, 138
Trd, 2591576.813, 140
Trd, 2591576.963, 141
Trd, 2591577.229, 139
Trd, 2591577.279, 142
Trd, 2591577.329, 143
Trd, 2591577.863, 147
Trd, 2591578.663, 148
Trd, 2591579.746, 148
Trd, 2591579.863, 147
Trd, 2591579.996, 146
Trd, 2591580.313, 149
Trd, 2591580.946, 150
Trd, 2591581.146, 150
Trd, 2591581.763, 150
Trd, 2591582.329, 150
Trd, 2591582.913, 150
Trd, 2591584.513, 150
Trd, 2591585.796, 150
Trd, 2591586.179, 150
Trd, 2591586.629, 150
Trd, 2591587.096, 150
Trd, 2591587.296, 150
Trd, 2591588.029, 150
Trd, 2591588.063, 150
Trd, 2591588.079, 150
Trd, 2591588.146, 150
Trd, 2591588.313, 150
Trd, 2591588.329, 150
Trd, 2591588.529, 150
Trd, 2591588.663, 150
Trd, 2591588.929, 149
Trd, 2591589.279, 150
Trd, 2591589.329, 149
Trd, 2591589.646, 150
Trd, 2591589.679, 149
Trd, 2591590.413, 149
Trd, 2591590.846, 147
Trd, 2591591.579, 150
Trd, 2591592.329, 117
Trd, 2591592.596, 118
Trd, 2591593.513, 144
Trd, 2591593.946, 145
Trd, 2591594.329, 118
Trd, 2591594.363, 142
Trd, 2591594.629, 110
Trd, 2591595.729, 112
Trd, 2591595.913, 111
Trd, 2591596.063, 140
Trd, 2591596.213, 142
Trd, 2591596.979, 117
Trd, 2591597.096, 138
Trd, 2591597.896, 136
Trd, 2591597.946, 118
Trd, 2591598.479, 119
Trd, 2591598.796, 133
Trd, 2591599.346, 126
Trd, 2591599.546, 126
Trd, 2591599.763, 130
Trd, 2591599.913, 126
Trd, 2591600.279, 132
Trd, 2591600.596, 127
Trd, 2591601.163, 128
Trd, 2591601.463, 128
Trd, 2591601.729, 129
Trd, 2591601.763, 131
Trd, 2591602.163, 150
Trd, 2591602.263, 150
Trd, 2591602.746, 150
Trd, 2591603.479, 150
Trd, 2591603.646, 150
Trd, 2591604.079, 150
Trd, 2591604.096, 150
Trd, 2591604.863, 147
Trd, 2591604.963, 149
Trd, 2591605.229, 149
Trd, 2591605.996, 147
Trd, 2591606.679, 146
Trd, 2591606.863, 143
Trd, 2591607.029, 147
Trd, 2591607.613, 147
Trd, 2591608.496, 148
Trd, 2591609.596, 150
Trd, 2591610.513, 150
Trd, 2591610.863, 150
Trd, 2591611.413, 150
Trd, 2591611.846, 150
Trd, 2591612.046, 150
Trd, 2591612.513, 150
Trd, 2591612.746, 150
Trd, 2591612.896, 150
Trd, 2591612.963, 150
Trd, 2591613.063, 150
Trd, 2591613.679, 150
Trd, 2591613.929, 150
Trd, 2591614.096, 150
Trd, 2591614.763, 150
Trd, 2591614.879, 150
Trd, 2591615.046, 150
Trd, 2591616.446, 150
Trd, 2591616.513, 150
Trd, 2591616.896, 150
Trd, 2591617.246, 150
Trd, 2591617.413, 150
Trd, 2591617.463, 150
Trd, 2591617.629, 148
Trd, 2591618.313, 146
Trd, 2591618.496, 146
Trd, 2591618.679, 146
Trd, 2591618.813, 145
Trd, 2591619.446, 124
Trd, 2591619.529, 141
Trd, 2591619.913, 142
Trd, 2591620.213, 117
Trd, 2591620.229, 141
Trd, 2591620.529, 116
Trd, 2591621.229, 131
Trd, 2591621.346, 112
Trd, 2591621.746, 129
Trd, 2591622.629, 131
Trd, 2591623.246, 100
Trd, 2591623.729, 100
Trd, 2591623.796, 100
Trd, 2591623.929, 100
Trd, 2591624.146, 100
Trd, 2591624.263, 101
Trd, 2591625.879, 100
Trd, 2591626.729, 100
Trd, 2591627.279, 100
Trd, 2591627.596, 101
Trd, 2591627.929, 101
Trd, 2591628.229, 102
Trd, 2591629.163, 106
Trd, 2591630.229, 104
Trd, 2591630.379, 105
Trd, 2591630.629, 106
Trd, 2591630.763, 123
Trd, 2591630.879, 113
Trd, 2591631.129, 108
Trd, 2591632.313, 116
Trd, 2591632.613, 117
Trd, 2591632.763, 116
Trd, 2591633.129, 121
Trd, 2591633.346, 121
Trd, 2591633.396, 121
Trd, 2591633.463, 120
Trd, 2591633.496, 122
Trd, 2591633.796, 125
Trd, 2591634.796, 150
Trd, 2591634.963, 150
Trd, 2591635.113, 150
Trd, 2591636.646, 150
Trd, 2591636.713, 150
Trd, 2591637.213, 150
Trd, 2591637.296, 150
Trd, 2591637.813, 150
Trd, 2591637.863, 150
Trd, 2591637.896, 150
Trd, 2591638.179, 150
Trd, 2591638.213, 150
Trd, 2591638.279, 149
Trd, 2591639.013, 148
Trd, 2591639.346, 119
Trd, 2591639.513, 148
Trd, 2591639.996, 148
Trd, 2591640.413, 144
Trd, 2591640.513, 149
Trd, 2591641.346, 148
Trd, 2591641.963, 147
Trd, 2591643.113, 150
Trd, 2591643.163, 150
Trd, 2591643.546, 150
Trd, 2591644.296, 150
Trd, 2591645.079, 150
Trd, 2591645.229, 150
Trd, 2591645.379, 150
Trd, 2591645.629, 150
Trd, 2591645.829, 150
Trd, 2591646.279, 150
Trd, 2591646.429, 150
Trd, 2591647.279, 150
Trd, 2591647.363, 150
Trd, 2591647.396, 150
Trd, 2591647.713, 145
Trd, 2591648.096, 143
Trd, 2591649.379, 150
Trd, 2591649.513, 150
Trd, 2591649.613, 150
Trd, 2591651.246, 150
Trd, 2591651.613, 150
Trd, 2591651.679, 150
Trd, 2591651.696, 149
Trd, 2591651.896, 148
Trd, 2591652.429, 148
Trd, 2591652.729, 147
Trd, 2591652.879, 146
Trd, 2591653.796, 103
Trd, 2591654.113, 100
Trd, 2591654.179, 100
Trd, 2591654.263, 100
Trd, 2591654.463, 100
Trd, 2591655.696, 100
Trd, 2591655.813, 100
Trd, 2591655.863, 100
Trd, 2591657.396, 100
Trd, 2591657.729, 100
Trd, 2591657.746, 100
Trd, 2591658.279, 100
Trd, 2591658.329, 100
Trd, 2591659.046, 100
Trd, 2591659.113, 100
Trd, 2591659.396, 100
Trd, 2591659.879, 100
Trd, 2591660.096, 100
Trd, 2591660.413, 100
Trd, 2591660.846, 100
Trd, 2591660.929, 100
Trd, 2591661.079, 100
Trd, 2591661.279, 100
Trd, 2591661.746, 100
Trd, 2591661.896, 100
Trd, 2591662.063, 100
Trd, 2591662.113, 100
Trd, 2591662.479, 104
Trd, 2591662.846, 101
Trd, 2591663.029, 101
Trd, 2591663.729, 101
Trd, 2591663.996, 102
Trd, 2591664.279, 103
Trd, 2591664.329, 101
Trd, 2591664.363, 119
Trd, 2591664.629, 126
Trd, 2591665.529, 144
Trd, 2591666.096, 144
Trd, 2591666.229, 143
Trd, 2591666.529, 143
Trd, 2591666.613, 142
Trd, 2591667.563, 150
Trd, 2591667.629, 149
Trd, 2591667.746, 149
Trd, 2591668.029, 150
Trd, 2591668.079, 149
Trd, 2591668.213, 148
Trd, 2591668.263, 148
Trd, 2591668.729, 144
Trd, 2591669.813, 100
Trd, 2591670.463, 100
Trd, 2591670.963, 101
Trd, 2591671.646, 100
Trd, 2591672.563, 100
Trd, 2591672.846, 100
Trd, 2591673.313, 100
Trd, 2591673.379, 100
Trd, 2591673.596, 100
Trd, 2591673.713, 100
Trd, 2591674.146, 100
Trd, 2591674.579, 100
Trd, 2591674.813, 102
Trd, 2591674.946, 150
Trd, 2591675.446, 150
Trd, 2591677.879, 150
Trd, 2591677.963, 150
Trd, 2591677.979, 150
Trd, 2591678.146, 150
Trd, 2591678.196, 150
Trd, 2591678.596, 150
Trd, 2591678.663, 150
Trd, 2591678.946, 150
Trd, 2591679.113, 150
Trd, 2591679.463, 148
Trd, 2591679.796, 148
Trd, 2591679.813, 147
Trd, 2591680.563, 122
Trd, 2591681.263, 133
Trd, 2591681.496, 139
Trd, 2591681.563, 143
Trd, 2591681.663, 144
Trd, 2591682.046, 143
Trd, 2591682.246, 132
Trd, 2591682.679, 131
Trd, 2591683.446, 131
Trd, 2591683.696, 107
Trd, 2591684.629, 100
Trd, 2591684.779, 100
Trd, 2591684.879, 100
Trd, 2591685.646, 100
Trd, 2591685.913, 100
Trd, 2591686.229, 100
Trd, 2591686.263, 100
Trd, 2591686.679, 100
Trd, 2591686.879, 102
Trd, 2591687.446, 101
Trd, 2591687.779, 101
Trd, 2591688.279, 102
Trd, 2591689.129, 102
Trd, 2591690.046, 137
Trd, 2591690.313, 136
Trd, 2591690.513, 111
Trd, 2591690.563, 137
Trd, 2591691.463, 132
Trd, 2591691.563, 134
Trd, 2591691.613, 132
Trd, 2591691.946, 134
Trd, 2591692.246, 134
Trd, 2591692.279, 137
Trd, 2591692.813, 135
Trd, 2591692.896, 135
Trd, 2591693.879, 101
Trd, 2591695.179, 107
Trd, 2591696.729, 100
Trd, 2591696.763, 101
Trd, 2591696.796, 106
Trd, 2591697.129, 103
Trd, 2591697.163, 104
Trd, 2591697.446, 104
Trd, 2591697.913, 104
Trd, 2591697.946, 103
Trd, 2591698.013, 106
Trd, 2591699.246, 107
Trd, 2591699.429, 106
Trd, 2591699.696, 141
Trd, 2591700.129, 112
Trd, 2591700.613, 110
Trd, 2591701.163, 109
Trd, 2591701.329, 127
Trd, 2591702.629, 111
Trd, 2591702.746, 116
Trd, 2591702.863, 117
Trd, 2591703.179, 111
Trd, 2591703.429, 111
Trd, 2591703.479, 117
Trd, 2591703.729, 109
Trd, 2591703.779, 110
Trd, 2591703.963, 111
Trd, 2591704.096, 112
Trd, 2591704.346, 111
Trd, 2591704.546, 100
Trd, 2591705.413, 100
Trd, 2591705.446, 100
Trd, 2591705.579, 100
Trd, 2591706.496, 102
Trd, 2591708.846, 150
Trd, 2591708.979, 150
Trd, 2591709.079, 150
Trd, 2591709.163, 150
Trd, 2591709.346, 150
Trd, 2591709.713, 150
Trd, 2591710.363, 150
Trd, 2591710.396, 150
Trd, 2591711.263, 150
Trd, 2591711.679, 150
Trd, 2591711.879, 150
Trd, 2591712.213, 150
Trd, 2591712.546, 150
Trd, 2591712.679, 150
Trd, 2591714.579, 150
Trd, 2591714.596, 150
Trd, 2591717.313, 150
Trd, 2591717.896, 150
Trd, 2591717.996, 150
Trd, 2591718.213, 150
Trd, 2591718.229, 150
Trd, 2591718.313, 150
Trd, 2591718.329, 150
Trd, 2591718.479, 148
Trd, 2591718.579, 148
Trd, 2591719.096, 118
Trd, 2591719.796, 137
Trd, 2591719.846, 136
Trd, 2591719.913, 138
Trd, 2591720.113, 120
Trd, 2591720.296, 135
Trd, 2591720.396, 137
Trd, 2591720.746, 120
Trd, 2591721.213, 128
Trd, 2591721.663, 125
Trd, 2591721.813, 126
Trd, 2591722.213, 123
Trd, 2591722.313, 122
Trd, 2591722.929, 105
Trd, 2591723.229, 100
Trd, 2591723.279, 100
Trd, 2591723.463, 102
Trd, 2591724.229, 101
Trd, 2591724.563, 100
Trd, 2591725.163, 100
Trd, 2591725.979, 100
Trd, 2591726.196, 100
Trd, 2591726.296, 101
Trd, 2591726.346, 100
Trd, 2591726.729, 100
Trd, 2591727.296, 101
Trd, 2591727.429, 102
Trd, 2591727.629, 101
Trd, 2591727.829, 100
Trd, 2591728.213, 106
Trd, 2591728.346, 107
Trd, 2591728.596, 105
Trd, 2591729.413, 115
Trd, 2591729.946, 102
Trd, 2591730.029, 131
Trd, 2591730.996, 127
Trd, 2591731.646, 137
Trd, 2591731.813, 126
Trd, 2591733.346, 150
Trd, 2591735.029, 150
Trd, 2591735.413, 150
Trd, 2591735.963, 150
Trd, 2591736.379, 150
Trd, 2591737.029, 150
Trd, 2591737.196, 150
Trd, 2591737.479, 150
Trd, 2591737.596, 150
Trd, 2591737.629, 150
Trd, 2591737.796, 150
Trd, 2591737.846, 150
Trd, 2591737.946, 150
Trd, 2591738.046, 150
Trd, 2591738.329, 149
Trd, 2591738.679, 150
Trd, 2591738.879, 148
Trd, 2591738.946, 150
Trd, 2591739.696, 148
Trd, 2591739.713, 147
Trd, 2591740.313, 146
Trd, 2591740.463, 146
Trd, 2591740.563, 148
Trd, 2591741.729, 150
Trd, 2591742.379, 150
Trd, 2591742.979, 150
Trd, 2591743.046, 150
Trd, 2591743.179, 148
Trd, 2591743.379, 148
Trd, 2591743.679, 146
Trd, 2591744.129, 140
Trd, 2591744.213, 145
Trd, 2591745.263, 141
Trd, 2591745.579, 143
Trd, 2591745.746, 145
Trd, 2591745.863, 111
Trd, 2591746.546, 100
Trd, 2591747.029, 100
Trd, 2591747.663, 100
Trd, 2591747.729, 100
Trd, 2591747.929, 101
Trd, 2591747.946, 102
Trd, 2591748.129, 100
Trd, 2591748.563, 100
Trd, 2591749.329, 100
Trd, 2591749.479, 100
Trd, 2591749.496, 100
Trd, 2591749.879, 101
Trd, 2591749.929, 105
Trd, 2591750.179, 103
Trd, 2591750.196, 105
Trd, 2591750.713, 107
Trd, 2591751.229, 106
Trd, 2591751.779, 114
Trd, 2591752.779, 114
Trd, 2591752.813, 112
Trd, 2591752.946, 115
Trd, 2591752.963, 111
Trd, 2591753.213, 108
Trd, 2591753.246, 116
Trd, 2591754.296, 104
Trd, 2591754.396, 103
Trd, 2591754.579, 102
Trd, 2591755.213, 150
Trd, 2591755.413, 150
Trd, 2591755.979, 111
Trd, 2591756.263, 120
Trd, 2591756.796, 150
Trd, 2591757.813, 150
Trd, 2591757.996, 150
Trd, 2591758.029, 150
Trd, 2591758.463, 150
Trd, 2591758.546, 150
Trd, 2591759.063, 150
Trd, 2591759.146, 150
Trd, 2591759.213, 150
Trd, 2591759.696, 150
Trd, 2591760.296, 150
Trd, 2591760.446, 148
Trd, 2591760.996, 149
Trd, 2591761.063, 147
Trd, 2591761.196, 150
Trd, 2591761.846, 149
Trd, 2591762.729, 113
Trd, 2591763.479, 112
Trd, 2591763.863, 145
Trd, 2591764.079, 114
Trd, 2591764.179, 146
Trd, 2591764.846, 145
Trd, 2591765.029, 116
Trd, 2591765.563, 118
Trd, 2591767.679, 125
Trd, 2591768.029, 121
Trd, 2591768.163, 125
Trd, 2591768.296, 127
Trd, 2591768.346, 121
Trd, 2591768.379, 119
Trd, 2591768.596, 128
Trd, 2591768.613, 118
Trd, 2591769.013, 101
Trd, 2591769.479, 127
Trd, 2591769.629, 128
Trd, 2591770.113, 128
Trd, 2591770.746, 126
Trd, 2591771.113, 125
Trd, 2591771.546, 125
Trd, 2591771.729, 124
Trd, 2591771.813, 127
Trd, 2591772.063, 123
Trd, 2591772.646, 130
Trd, 2591773.013, 115
Trd, 2591773.996, 125
Trd, 2591774.813, 114
Trd, 2591774.913, 118
Trd, 2591774.946, 114
Trd, 2591775.229, 117
Trd, 2591775.563, 116
Trd, 2591775.696, 116
Trd, 2591775.879, 115
Trd, 2591776.029, 115
Trd, 2591776.329, 116
Trd, 2591776.496, 116
Trd, 2591778.796, 150
Trd, 2591778.913, 150
Trd, 2591779.129, 150
Trd, 2591779.296, 150
Trd, 2591779.463, 150
Trd, 2591779.513, 150
Trd, 2591779.679, 149
Trd, 2591780.046, 145
Trd, 2591780.679, 149
Trd, 2591781.546, 100
Trd, 2591781.646, 100
Trd, 2591782.013, 146
Trd, 2591782.646, 148
Trd, 2591782.996, 147
Trd, 2591783.013, 146
Trd, 2591783.279, 150
Trd, 2591783.329, 145
Trd, 2591783.479, 149
Trd, 2591783.963, 101
Trd, 2591784.513, 100
Trd, 2591785.229, 100
Trd, 2591786.363, 100
Trd, 2591786.513, 100
Trd, 2591787.613, 100
Trd, 2591787.846, 100
Trd, 2591788.013, 100
Trd, 2591788.046, 100
Trd, 2591788.196, 100
Trd, 2591788.346, 100
Trd, 2591788.813, 100
Trd, 2591789.179, 100
Trd, 2591789.563, 100
Trd, 2591789.679, 100
Trd, 2591789.829, 101
Trd, 2591790.279, 104
Trd, 2591790.546, 104
Trd, 2591791.763, 104
Trd, 2591792.229, 102
Trd, 2591792.413, 104
Trd, 2591793.179, 105
Trd, 2591793.613, 114
Trd, 2591793.863, 106
Trd, 2591793.996, 106
Trd, 2591794.096, 108
Trd, 2591794.196, 106
Trd, 2591794.446, 150
Trd, 2591794.929, 150
Trd, 2591795.229, 150
Trd, 2591795.946, 150
Trd, 2591796.879, 150
Trd, 2591799.096, 150
Trd, 2591799.463, 150
Trd, 2591799.629, 150
Trd, 2591799.746, 150
Trd, 2591800.479, 150
Trd, 2591800.529, 150
Trd, 2591800.796, 150
Trd, 2591801.313, 150
Trd, 2591801.479, 150
Trd, 2591801.596, 150
Trd, 2591801.646, 149
Trd, 2591801.846, 148
Trd, 2591803.396, 150
Trd, 2591803.446, 150
Trd, 2591803.546, 149
Trd, 2591803.613, 150
Trd, 2591804.013, 149
Trd, 2591804.113, 148
Trd, 2591804.429, 140
Trd, 2591804.846, 136
Trd, 2591805.529, 142
Trd, 2591805.713, 141
Trd, 2591805.779, 123
Trd, 2591806.063, 100
Trd, 2591806.563, 101
Trd, 2591807.313, 100
Trd, 2591807.613, 100
Trd, 2591808.029, 100
Trd, 2591809.079, 100
Trd, 2591810.029, 100
Trd, 2591810.463, 100
Trd, 2591810.979, 100
Trd, 2591811.246, 100
Trd, 2591811.329, 100
Trd, 2591811.346, 100
Trd, 2591811.429, 100
Trd, 2591811.713, 100
Trd, 2591811.763, 101
Trd, 2591811.946, 101
Trd, 2591812.346, 103
Trd, 2591812.613, 104
Trd, 2591812.663, 113
Trd, 2591812.746, 102
Trd, 2591813.479, 149
Trd, 2591813.629, 147
Trd, 2591814.363, 150
Trd, 2591814.763, 150
Trd, 2591815.263, 150
Trd, 2591816.046, 150
Trd, 2591816.146, 150
Trd, 2591816.179, 150
Trd, 2591817.513, 150
Trd, 2591817.613, 149
Trd, 2591818.329, 150
Trd, 2591818.613, 150
Trd, 2591819.146, 150
Trd, 2591819.246, 150
Trd, 2591819.413, 150
Trd, 2591819.663, 150
Trd, 2591819.696, 150
Trd, 2591819.713, 149
Trd, 2591820.196, 149
Trd, 2591820.329, 147
Trd, 2591821.696, 150
Trd, 2591821.946, 150
Trd, 2591822.096, 150
Trd, 2591822.763, 150
Trd, 2591823.013, 150
Trd, 2591823.779, 149
Trd, 2591823.829, 149
Trd, 2591823.863, 149
Trd, 2591824.479, 149
Trd, 2591824.529, 150
Trd, 2591824.663, 148
Trd, 2591824.863, 137
Trd, 2591825.229, 149
Trd, 2591825.346, 148
Trd, 2591825.463, 147
Trd, 2591825.479, 114
Trd, 2591826.246, 140
Trd, 2591826.329, 132
Trd, 2591826.763, 114
Trd, 2591826.979, 113
Trd, 2591827.179, 142
Trd, 2591829.429, 100
Trd, 2591829.463, 100
Trd, 2591829.529, 101
Trd, 2591830.296, 100
Trd, 2591830.546, 100
Trd, 2591830.713, 100
Trd, 2591831.096, 102
Trd, 2591831.729, 105
Trd, 2591831.929, 108
Trd, 2591832.396, 108
Trd, 2591832.529, 107
Trd, 2591832.579, 108
Trd, 2591832.596, 106
Trd, 2591832.896, 100
Trd, 2591834.313, 103
Trd, 2591834.479, 103
Trd, 2591834.713, 101
Trd, 2591835.346, 104
Trd, 2591836.096, 131
Trd, 2591837.079, 128
Trd, 2591837.096, 111
Trd, 2591837.613, 114
Trd, 2591837.879, 150
Trd, 2591838.329, 150
Trd, 2591838.563, 150
Trd, 2591838.579, 150
Trd, 2591838.779, 150
Trd, 2591839.213, 150
Trd, 2591839.329, 150
Trd, 2591839.363, 150
Trd, 2591840.063, 150
Trd, 2591840.829, 150
Trd, 2591840.929, 150
Trd, 2591841.213, 150
Trd, 2591841.363, 149
Trd, 2591841.663, 148
Trd, 2591842.079, 141
Trd, 2591842.229, 140
Trd, 2591842.679, 130
Trd, 2591842.813, 139
Trd, 2591842.846, 139
Trd, 2591843.379, 139
Trd, 2591844.246, 107
Trd, 2591844.446, 106
Trd, 2591844.463, 148
Trd, 2591844.846, 149
Trd, 2591845.329, 150
Trd, 2591846.296, 150
Trd, 2591846.446, 150
Trd, 2591846.646, 150
Trd, 2591847.113, 150
Trd, 2591847.163, 150
Trd, 2591847.313, 150
Trd, 2591847.729, 149
Trd, 2591847.746, 130
Trd, 2591849.629, 101
Trd, 2591849.779, 101
Trd, 2591849.863, 102
Trd, 2591850.329, 102
Trd, 2591851.213, 101
Trd, 2591851.546, 100
Trd, 2591851.779, 102
Trd, 2591851.979, 103
Trd, 2591852.063, 100
Trd, 2591852.946, 100
Trd, 2591853.296, 101
Trd, 2591853.313, 106
Trd, 2591853.396, 117
Trd, 2591854.079, 150
Trd, 2591854.663, 149
Trd, 2591855.129, 150
Trd, 2591855.196, 148
Trd, 2591855.479, 146
Trd, 2591855.829, 150
Trd, 2591856.113, 149
Trd, 2591856.196, 148
Trd, 2591856.446, 147
Trd, 2591856.879, 145
Trd, 2591857.229, 134
Trd, 2591857.796, 136
Trd, 2591858.046, 136
Trd, 2591858.096, 135
Trd, 2591858.529, 136
Trd, 2591858.563, 135
Trd, 2591859.896, 131
Trd, 2591860.029, 100
Trd, 2591860.546, 112
Trd, 2591861.663, 103
Trd, 2591862.046, 101
Trd, 2591862.096, 101
Trd, 2591862.513, 101
Trd, 2591862.863, 101
Trd, 2591862.996, 102
Trd, 2591863.113, 103
Trd, 2591863.279, 106
Trd, 2591864.113, 114
Trd, 2591864.879, 150
Trd, 2591865.279, 150
Trd, 2591867.096, 150
Trd, 2591867.713, 150
Trd, 2591867.963, 150
Trd, 2591868.379, 150
Trd, 2591868.413, 150
Trd, 2591868.579, 150
Trd, 2591868.813, 150
Trd, 2591869.113, 150
Trd, 2591869.396, 150
Trd, 2591869.763, 150
Trd, 2591869.779, 150
Trd, 2591869.796, 150
Trd, 2591869.813, 150
Trd, 2591869.996, 150
Trd, 2591870.246, 150
Trd, 2591870.313, 150
Trd, 2591871.029, 150
Trd, 2591871.563, 149
Trd, 2591871.779, 150
Trd, 2591871.896, 147
Trd, 2591871.946, 136
Trd, 2591873.146, 142
Trd, 2591873.296, 149
Trd, 2591873.613, 149
Trd, 2591873.713, 150
Trd, 2591873.829, 148
Trd, 2591874.979, 149
Trd, 2591875.046, 148
Trd, 2591875.579, 129
Trd, 2591876.113, 124
Trd, 2591876.379, 145
Trd, 2591876.396, 146
Trd, 2591876.446, 131
Trd, 2591876.679, 125
Trd, 2591877.079, 146
Trd, 2591877.746, 126
Trd, 2591878.146, 127
Trd, 2591878.646, 143
Trd, 2591878.846, 142
Trd, 2591879.596, 115
Trd, 2591880.529, 123
Trd, 2591880.563, 122
Trd, 2591880.579, 124
Trd, 2591881.879, 125
Trd, 2591881.946, 124
Trd, 2591881.963, 126
Trd, 2591882.446, 126
Trd, 2591882.746, 126
Trd, 2591882.913, 127
Trd, 2591883.629, 150
Trd, 2591884.246, 150
Trd, 2591884.446, 150
Trd, 2591884.663, 149
Trd, 2591884.729, 149
Trd, 2591884.996, 149
Trd, 2591885.296, 148
Trd, 2591885.496, 144
Trd, 2591885.629, 147
Trd, 2591885.929, 143
Trd, 2591887.196, 143
Trd, 2591887.879, 143
Trd, 2591887.979, 144
Trd, 2591888.329, 144
Trd, 2591888.413, 145
Trd, 2591888.429, 146
Trd, 2591888.979, 149
Trd, 2591889.396, 149
Trd, 2591889.746, 143
Trd, 2591890.046, 137
Trd, 2591890.713, 150
Trd, 2591890.779, 150
Trd, 2591890.996, 150
Trd, 2591891.279, 149
Trd, 2591891.963, 150
Trd, 2591893.879, 150
Trd, 2591894.663, 150
Trd, 2591894.796, 150
Trd, 2591895.196, 150
Trd, 2591895.296, 150
Trd, 2591896.313, 150
Trd, 2591896.546, 150
Trd, 2591897.413, 150
Trd, 2591897.763, 150
Trd, 2591897.946, 150
Trd, 2591898.029, 150
Trd, 2591898.113, 150
Trd, 2591898.313, 150
Trd, 2591898.563, 148
Trd, 2591898.663, 148
Trd, 2591899.013, 146
Trd, 2591899.279, 143
Trd, 2591899.346, 128
Trd, 2591899.529, 147
Trd, 2591899.563, 148
Trd, 2591900.263, 149
Trd, 2591901.213, 150
Trd, 2591902.213, 150
Trd, 2591903.929, 150
Trd, 2591904.013, 150
Trd, 2591904.346, 150
Trd, 2591904.413, 150
Trd, 2591904.463, 150
Trd, 2591904.479, 149
Trd, 2591904.663, 150
Trd, 2591905.196, 148
Trd, 2591905.596, 140
Trd, 2591905.979, 113
Trd, 2591906.179, 114
Trd, 2591906.363, 114
Trd, 2591906.529, 113
Trd, 2591906.813, 115
Trd, 2591906.879, 142
Trd, 2591907.563, 114
Trd, 2591907.613, 140
Trd, 2591907.979, 114
Trd, 2591909.113, 137
Trd, 2591909.563, 135
Trd, 2591909.863, 134
Trd, 2591910.579, 118
Trd, 2591910.746, 128
Trd, 2591912.079, 121
Trd, 2591912.363, 121
Trd, 2591912.446, 120
Trd, 2591912.463, 122
Trd, 2591912.529, 122
Trd, 2591912.729, 115
Trd, 2591912.996, 123
Trd, 2591913.546, 122
Trd, 2591913.613, 123
Trd, 2591914.113, 113
Trd, 2591914.496, 131
Trd, 2591915.346, 150
Trd, 2591915.763, 149
Trd, 2591916.279, 150
Trd, 2591916.429, 149
Trd, 2591916.813, 147
Trd, 2591917.196, 146
Trd, 2591918.529, 150
Trd, 2591919.029, 149
Trd, 2591919.313, 150
Trd, 2591919.629, 150
Trd, 2591921.046, 150
Trd, 2591921.846, 150
Trd, 2591922.163, 150
Trd, 2591922.246, 150
Trd, 2591922.279, 150
Trd, 2591922.329, 150
Trd, 2591922.379, 150
Trd, 2591922.446, 150
Trd, 2591922.479, 150
Trd, 2591923.029, 150
Trd, 2591923.163, 150
Trd, 2591923.379, 150
Trd, 2591923.479, 150
Trd, 2591923.929, 149
Trd, 2591924.246, 143
Trd, 2591924.413, 142
Trd, 2591924.779, 145
Trd, 2591925.129, 136
Trd, 2591925.313, 146
Trd, 2591925.496, 145
Trd, 2591926.246, 103
Trd, 2591926.363, 101
Trd, 2591927.046, 134
Trd, 2591927.446, 100
Trd, 2591927.679, 106
Trd, 2591928.379, 105
Trd, 2591928.413, 104
Trd, 2591928.629, 106
Trd, 2591928.963, 150
Trd, 2591929.763, 150
Trd, 2591930.679, 150
Trd, 2591930.779, 150
Trd, 2591931.579, 150
Trd, 2591931.896, 150
Trd, 2591932.729, 150
Trd, 2591932.996, 150
Trd, 2591933.329, 150
Trd, 2591933.563, 150
Trd, 2591933.579, 150
Trd, 2591933.596, 150
Trd, 2591933.813, 143
Trd, 2591934.579, 102
Trd, 2591936.229, 122
Trd, 2591936.346, 103
Trd, 2591936.746, 130
Trd, 2591937.263, 120
Trd, 2591937.346, 118
Trd, 2591938.079, 123
Trd, 2591938.146, 122
Trd, 2591938.196, 122
Trd, 2591938.429, 122
Trd, 2591938.596, 122
Trd, 2591939.046, 121
Trd, 2591939.846, 100
Trd, 2591939.946, 101
Trd, 2591940.013, 100
Trd, 2591940.229, 101
Trd, 2591940.246, 102
Trd, 2591940.479, 101
Trd, 2591940.513, 107
Trd, 2591941.479, 100
Trd, 2591942.096, 106
Trd, 2591943.129, 150
Trd, 2591943.996, 150
Trd, 2591944.196, 150
Trd, 2591944.796, 150
Trd, 2591944.963, 150
Trd, 2591945.096, 150
Trd, 2591945.213, 149
Trd, 2591945.513, 150
Trd, 2591945.596, 150
Trd, 2591945.696, 150
Trd, 2591945.863, 148
Trd, 2591946.129, 148
Trd, 2591946.296, 140
Trd, 2591946.996, 145
Trd, 2591947.146, 149
Trd, 2591947.629, 148
Trd, 2591947.913, 147
Trd, 2591948.296, 148
Trd, 2591948.596, 150
Trd, 2591949.646, 150
Trd, 2591949.829, 150
Trd, 2591950.196, 150
Trd, 2591950.779, 150
Trd, 2591951.063, 150
Trd, 2591951.363, 150
Trd, 2591951.796, 150
Trd, 2591951.896, 150
Trd, 2591952.913, 150
Trd, 2591953.446, 150
Trd, 2591953.546, 150
Trd, 2591953.679, 150
Trd, 2591954.329, 149
Trd, 2591954.596, 149
Trd, 2591954.946, 128
Trd, 2591955.096, 150
Trd, 2591955.563, 149
Trd, 2591955.996, 149
Trd, 2591956.079, 148
Trd, 2591956.979, 149
Trd, 2591957.629, 150
Trd, 2591957.846, 149
Trd, 2591957.879, 149
Trd, 2591957.979, 149
Trd, 2591958.946, 150
Trd, 2591959.229, 150
Trd, 2591959.863, 150
Trd, 2591960.179, 148
Trd, 2591960.346, 149
Trd, 2591960.896, 150
Trd, 2591961.479, 150
Trd, 2591961.663, 150
Trd, 2591961.913, 150
Trd, 2591961.996, 148
Trd, 2591962.029, 136
Trd, 2591963.263, 150
Trd, 2591963.279, 149
Trd, 2591963.529, 150
Trd, 2591964.196, 135
Trd, 2591964.979, 150
Trd, 2591965.529, 149
Trd, 2591965.979, 149
Trd, 2591967.013, 100
Trd, 2591967.613, 100
Trd, 2591967.696, 100
Trd, 2591969.179, 100
Trd, 2591969.429, 100
Trd, 2591969.513, 100
Trd, 2591969.579, 100
Trd, 2591969.679, 100
Trd, 2591969.696, 101
Trd, 2591970.046, 101
Trd, 2591970.263, 102
Trd, 2591970.346, 102
Trd, 2591970.713, 101
Trd, 2591971.513, 102
Trd, 2591971.679, 102
Trd, 2591972.046, 105
Trd, 2591972.096, 106
Trd, 2591972.296, 104
Trd, 2591972.563, 108
Trd, 2591972.813, 104
Trd, 2591972.829, 103
Trd, 2591974.263, 110
Trd, 2591974.279, 111
Trd, 2591974.546, 119
Trd, 2591974.863, 114
Trd, 2591975.229, 130
Trd, 2591975.379, 116
Trd, 2591975.679, 129
Trd, 2591976.179, 134
Trd, 2591977.596, 150
Trd, 2591978.379, 150
Trd, 2591978.646, 150
Trd, 2591979.013, 150
Trd, 2591979.229, 150
Trd, 2591980.413, 150
Trd, 2591980.496, 150
Trd, 2591980.729, 150
Trd, 2591981.029, 150
Trd, 2591981.379, 150
Trd, 2591981.396, 150
Trd, 2591981.846, 150
Trd, 2591981.963, 150
Trd, 2591982.113, 150
Trd, 2591982.463, 150
Trd, 2591982.696, 150
Trd, 2591982.979, 150
Trd, 2591983.379, 150
Trd, 2591983.746, 150
Trd, 2591984.063, 150
Trd, 2591984.113, 149
Trd, 2591984.129, 147
Trd, 2591984.813, 150
Trd, 2591985.313, 150
Trd, 2591985.546, 150
Trd, 2591985.829, 150
Trd, 2591986.179, 150
Trd, 2591986.246, 149
Trd, 2591987.513, 150
Trd, 2591988.196, 150
Trd, 2591989.946, 150
Trd, 2591990.396, 150
Trd, 2591990.529, 150
Trd, 2591990.679, 150
Trd, 2591990.929, 150
Trd, 2591992.063, 150
Trd, 2591992.129, 150
Trd, 2591992.313, 150
Trd, 2591992.429, 150
Trd, 2591992.479, 150
Trd, 2591992.613, 150
Trd, 2591992.746, 150
Trd, 2591993.196, 149
Trd, 2591993.929, 149
Trd, 2591994.229, 149
Trd, 2591994.279, 150
Trd, 2591994.696, 149
Trd, 2591994.796, 147
Trd, 2591995.229, 129
Trd, 2591995.596, 142
Trd, 2591996.513, 145
Trd, 2591996.896, 109
Trd, 2591997.296, 108
Trd, 2591998.513, 120
Trd, 2591998.896, 120
Trd, 2591998.946, 111
Trd, 2591999.129, 129
Trd, 2591999.196, 130
Trd, 2591999.596, 101
