Trd, 2590829.579, 150
Trd, 2590830.846, 150
Trd, 2590831.279, 150
Trd, 2590831.679, 150
Trd, 2590832.563, 150
Trd, 2590832.679, 150
Trd, 2590832.846, 150
Trd, 2590832.946, 150
Trd, 2590833.563, 149
Trd, 2590834.513, 150
Trd, 2590835.096, 150
Trd, 2590835.896, 150
Trd, 2590836.879, 150
Trd, 2590837.629, 150
Trd, 2590837.846, 150
Trd, 2590837.963, 150
Trd, 2590837.979, 150
Trd, 2590838.213, 150
Trd, 2590840.463, 150
Trd, 2590840.563, 150
Trd, 2590840.613, 150
Trd, 2590840.813, 150
Trd, 2590840.879, 150
Trd, 2590840.979, 150
Trd, 2590841.429, 150
Trd, 2590841.446, 150
Trd, 2590841.629, 150
Trd, 2590842.113, 150
Trd, 2590842.163, 150
Trd, 2590842.246, 150
Trd, 2590842.546, 149
Trd, 2590843.513, 150
Trd, 2590843.546, 139
Trd, 2590843.713, 138
Trd, 2590844.479, 150
Trd, 2590844.913, 150
Trd, 2590845.063, 149
Trd, 2590845.163, 139
Trd, 2590845.246, 150
Trd, 2590846.513, 150
Trd, 2590846.629, 150
Trd, 2590847.429, 150
Trd, 2590848.013, 150
Trd, 2590848.179, 150
Trd, 2590848.396, 150
Trd, 2590849.313, 150
Trd, 2590849.429, 150
Trd, 2590849.463, 150
Trd, 2590849.579, 150
Trd, 2590850.146, 148
Trd, 2590850.313, 147
Trd, 2590851.663, 146
Trd, 2590851.713, 133
Trd, 2590851.879, 111
Trd, 2590852.413, 127
Trd, 2590853.046, 129
Trd, 2590853.629, 129
Trd, 2590854.279, 135
Trd, 2590854.313, 129
Trd, 2590854.646, 101
Trd, 2590854.829, 136
Trd, 2590855.679, 104
Trd, 2590856.296, 100
Trd, 2590857.229, 100
Trd, 2590857.596, 101
Trd, 2590857.679, 102
Trd, 2590858.229, 101
Trd, 2590858.429, 101
Trd, 2590858.613, 101
Trd, 2590858.629, 100
Trd, 2590858.929, 102
Trd, 2590858.996, 104
Trd, 2590859.413, 100
Trd, 2590859.779, 104
Trd, 2590859.963, 102
Trd, 2590860.229, 127
Trd, 2590860.963, 109
Trd, 2590861.296, 109
Trd, 2590861.546, 109
Trd, 2590862.579, 150
Trd, 2590862.613, 150
Trd, 2590862.713, 150
Trd, 2590864.179, 150
Trd, 2590864.429, 150
Trd, 2590864.496, 150
Trd, 2590865.129, 150
Trd, 2590865.863, 150
Trd, 2590866.146, 150
Trd, 2590866.596, 150
Trd, 2590866.746, 150
Trd, 2590866.996, 150
Trd, 2590867.063, 150
Trd, 2590867.396, 150
Trd, 2590867.563, 150
Trd, 2590867.796, 150
Trd, 2590868.129, 150
Trd, 2590868.663, 150
Trd, 2590868.679, 150
Trd, 2590870.013, 150
Trd, 2590871.113, 150
Trd, 2590871.413, 150
Trd, 2590872.696, 150
Trd, 2590872.979, 150
Trd, 2590873.213, 150
Trd, 2590873.363, 150
Trd, 2590873.396, 150
Trd, 2590873.696, 150
Trd, 2590874.779, 150
Trd, 2590875.479, 150
Trd, 2590875.846, 150
Trd, 2590876.296, 150
Trd, 2590876.346, 150
Trd, 2590876.513, 150
Trd, 2590876.529, 149
Trd, 2590876.563, 146
Trd, 2590877.313, 145
Trd, 2590877.329, 134
Trd, 2590878.013, 147
Trd, 2590879.079, 130
Trd, 2590879.129, 141
Trd, 2590879.229, 142
Trd, 2590879.279, 129
Trd, 2590879.579, 142
Trd, 2590879.746, 131
Trd, 2590879.829, 130
Trd, 2590879.863, 129
Trd, 2590879.979, 143
Trd, 2590880.546, 121
Trd, 2590881.113, 123
Trd, 2590881.963, 148
Trd, 2590882.279, 133
Trd, 2590882.896, 150
Trd, 2590882.996, 149
Trd, 2590883.279, 150
Trd, 2590883.396, 149
Trd, 2590884.013, 101
Trd, 2590884.896, 100
Trd, 2590884.929, 101
Trd, 2590885.029, 102
Trd, 2590885.379, 107
Trd, 2590885.829, 103
Trd, 2590886.179, 150
Trd, 2590886.879, 150
Trd, 2590886.929, 150
Trd, 2590887.196, 150
Trd, 2590887.913, 107
Trd, 2590888.313, 106
Trd, 2590888.463, 107
Trd, 2590889.746, 150
Trd, 2590890.029, 150
Trd, 2590890.879, 150
Trd, 2590891.563, 150
Trd, 2590891.579, 150
Trd, 2590891.613, 150
Trd, 2590892.246, 150
Trd, 2590892.296, 150
Trd, 2590892.363, 150
Trd, 2590892.663, 150
Trd, 2590893.346, 150
Trd, 2590893.496, 150
Trd, 2590893.629, 149
Trd, 2590893.696, 149
Trd, 2590893.713, 147
Trd, 2590893.763, 134
Trd, 2590894.963, 147
Trd, 2590895.896, 150
Trd, 2590895.929, 150
Trd, 2590896.046, 150
Trd, 2590896.063, 150
Trd, 2590897.246, 147
Trd, 2590897.413, 141
Trd, 2590897.463, 136
Trd, 2590897.863, 150
Trd, 2590898.263, 150
Trd, 2590898.696, 150
Trd, 2590898.813, 150
Trd, 2590898.863, 150
Trd, 2590900.146, 150
Trd, 2590900.563, 150
Trd, 2590900.679, 150
Trd, 2590901.163, 150
Trd, 2590901.546, 150
Trd, 2590903.229, 150
Trd, 2590903.363, 150
Trd, 2590903.529, 150
Trd, 2590903.713, 150
Trd, 2590904.746, 150
Trd, 2590905.346, 150
Trd, 2590905.546, 150
Trd, 2590906.796, 150
Trd, 2590908.229, 150
Trd, 2590908.246, 150
Trd, 2590908.663, 150
Trd, 2590909.046, 150
Trd, 2590909.163, 150
Trd, 2590909.179, 150
Trd, 2590909.279, 150
Trd, 2590909.929, 150
Trd, 2590909.963, 150
Trd, 2590910.296, 150
Trd, 2590910.396, 150
Trd, 2590910.813, 150
Trd, 2590910.913, 150
Trd, 2590911.079, 150
Trd, 2590913.013, 150
Trd, 2590913.663, 150
Trd, 2590914.363, 150
Trd, 2590914.946, 150
Trd, 2590914.996, 150
Trd, 2590915.013, 150
Trd, 2590915.579, 150
Trd, 2590915.913, 150
Trd, 2590916.046, 150
Trd, 2590916.746, 150
Trd, 2590916.846, 150
Trd, 2590917.629, 150
Trd, 2590918.163, 150
Trd, 2590918.179, 149
Trd, 2590918.596, 150
Trd, 2590918.679, 149
Trd, 2590918.913, 150
Trd, 2590919.346, 150
Trd, 2590919.629, 150
Trd, 2590919.779, 150
Trd, 2590919.863, 150
Trd, 2590919.979, 150
Trd, 2590920.213, 150
Trd, 2590920.513, 116
Trd, 2590920.796, 150
Trd, 2590920.863, 150
Trd, 2590921.196, 125
Trd, 2590921.729, 149
Trd, 2590922.113, 121
Trd, 2590923.446, 103
Trd, 2590923.463, 104
Trd, 2590926.163, 100
Trd, 2590926.196, 100
Trd, 2590926.263, 100
Trd, 2590926.663, 101
Trd, 2590926.829, 102
Trd, 2590926.913, 103
Trd, 2590926.979, 104
Trd, 2590926.996, 101
Trd, 2590927.146, 104
Trd, 2590927.513, 101
Trd, 2590927.663, 102
Trd, 2590927.779, 103
Trd, 2590928.129, 107
Trd, 2590928.246, 115
Trd, 2590928.446, 102
Trd, 2590928.496, 134
Trd, 2590928.779, 142
Trd, 2590929.629, 150
Trd, 2590930.313, 148
Trd, 2590930.929, 150
Trd, 2590931.013, 150
Trd, 2590931.113, 150
Trd, 2590931.329, 150
Trd, 2590931.446, 150
Trd, 2590932.096, 150
Trd, 2590932.146, 150
Trd, 2590932.746, 150
Trd, 2590932.913, 150
Trd, 2590933.129, 149
Trd, 2590933.863, 125
Trd, 2590934.329, 149
Trd, 2590934.413, 134
Trd, 2590934.979, 143
Trd, 2590936.513, 150
Trd, 2590937.313, 150
Trd, 2590937.546, 150
Trd, 2590937.946, 150
Trd, 2590938.146, 150
Trd, 2590938.529, 150
Trd, 2590939.596, 150
Trd, 2590939.996, 150
Trd, 2590940.246, 150
Trd, 2590940.479, 150
Trd, 2590940.513, 150
Trd, 2590940.663, 150
Trd, 2590940.679, 150
Trd, 2590940.946, 150
Trd, 2590941.896, 150
Trd, 2590942.446, 150
Trd, 2590943.013, 150
Trd, 2590943.096, 150
Trd, 2590943.613, 150
Trd, 2590943.629, 150
Trd, 2590943.713, 150
Trd, 2590944.413, 150
Trd, 2590944.879, 150
Trd, 2590945.029, 150
Trd, 2590945.413, 150
Trd, 2590945.563, 149
Trd, 2590945.646, 149
Trd, 2590946.113, 150
Trd, 2590946.163, 150
Trd, 2590946.779, 103
Trd, 2590947.896, 123
Trd, 2590948.046, 122
Trd, 2590948.963, 128
Trd, 2590949.413, 141
Trd, 2590949.546, 141
Trd, 2590949.863, 135
Trd, 2590950.263, 136
Trd, 2590950.396, 135
Trd, 2590950.963, 134
Trd, 2590951.463, 139
Trd, 2590951.879, 135
Trd, 2590951.963, 135
Trd, 2590952.079, 140
Trd, 2590953.079, 150
Trd, 2590953.246, 125
Trd, 2590953.513, 150
Trd, 2590954.029, 150
Trd, 2590954.179, 150
Trd, 2590954.413, 150
Trd, 2590954.896, 150
Trd, 2590955.046, 150
Trd, 2590955.413, 150
Trd, 2590955.846, 150
Trd, 2590956.213, 150
Trd, 2590957.129, 150
Trd, 2590957.279, 150
Trd, 2590958.279, 150
Trd, 2590958.546, 150
Trd, 2590958.763, 150
Trd, 2590958.963, 150
Trd, 2590959.513, 146
Trd, 2590959.746, 149
Trd, 2590959.896, 132
Trd, 2590959.929, 111
Trd, 2590960.113, 150
Trd, 2590961.013, 150
Trd, 2590961.863, 150
Trd, 2590962.046, 150
Trd, 2590962.096, 150
Trd, 2590962.213, 150
Trd, 2590962.746, 150
Trd, 2590962.763, 150
Trd, 2590962.796, 150
Trd, 2590962.863, 150
Trd, 2590962.929, 147
Trd, 2590965.113, 150
Trd, 2590965.396, 149
Trd, 2590965.413, 149
Trd, 2590965.646, 138
Trd, 2590966.246, 126
Trd, 2590968.346, 100
Trd, 2590968.379, 100
Trd, 2590968.546, 100
Trd, 2590968.846, 100
Trd, 2590969.063, 100
Trd, 2590969.179, 100
Trd, 2590969.379, 101
Trd, 2590969.946, 101
Trd, 2590970.646, 102
Trd, 2590970.996, 102
Trd, 2590971.096, 102
Trd, 2590971.313, 102
Trd, 2590971.513, 102
Trd, 2590971.963, 104
Trd, 2590972.429, 101
Trd, 2590973.079, 102
Trd, 2590973.729, 104
Trd, 2590973.913, 105
Trd, 2590974.146, 115
Trd, 2590974.763, 108
Trd, 2590974.996, 106
Trd, 2590975.379, 108
Trd, 2590975.463, 114
Trd, 2590975.513, 108
Trd, 2590975.896, 150
Trd, 2590975.929, 150
Trd, 2590976.279, 150
Trd, 2590976.946, 150
Trd, 2590977.229, 150
Trd, 2590977.463, 150
Trd, 2590978.513, 150
Trd, 2590979.129, 150
Trd, 2590979.596, 150
Trd, 2590979.913, 150
Trd, 2590981.363, 150
Trd, 2590982.796, 150
Trd, 2590983.029, 150
Trd, 2590983.129, 150
Trd, 2590983.596, 150
Trd, 2590984.179, 150
Trd, 2590984.229, 150
Trd, 2590984.313, 150
Trd, 2590984.479, 150
Trd, 2590984.513, 147
Trd, 2590984.746, 150
Trd, 2590984.813, 150
Trd, 2590985.213, 150
Trd, 2590985.479, 150
Trd, 2590985.496, 150
Trd, 2590985.546, 134
Trd, 2590986.429, 137
Trd, 2590986.696, 142
Trd, 2590987.946, 110
Trd, 2590988.313, 111
Trd, 2590988.929, 119
Trd, 2590989.946, 100
Trd, 2590990.179, 100
Trd, 2590990.346, 102
Trd, 2590990.963, 111
Trd, 2590991.196, 150
Trd, 2590991.213, 150
Trd, 2590991.979, 150
Trd, 2590992.363, 150
Trd, 2590992.446, 150
Trd, 2590992.979, 150
Trd, 2590993.079, 150
Trd, 2590993.296, 150
Trd, 2590993.529, 150
Trd, 2590994.129, 150
Trd, 2590994.213, 150
Trd, 2590995.013, 150
Trd, 2590995.446, 150
Trd, 2590995.863, 150
Trd, 2590997.196, 150
Trd, 2590997.779, 150
Trd, 2590997.929, 150
Trd, 2590998.079, 150
Trd, 2590999.196, 150
Trd, 2590999.296, 150
Trd, 2590999.629, 150
Trd, 2591000.246, 150
Trd, 2591000.313, 150
Trd, 2591000.563, 150
Trd, 2591000.679, 150
Trd, 2591000.779, 150
Trd, 2591000.896, 150
Trd, 2591001.013, 150
Trd, 2591001.029, 148
Trd, 2591001.546, 149
Trd, 2591001.646, 136
Trd, 2591002.546, 150
Trd, 2591003.729, 138
Trd, 2591003.813, 137
Trd, 2591004.129, 141
Trd, 2591004.246, 136
Trd, 2591004.729, 150
Trd, 2591006.896, 150
Trd, 2591007.229, 150
Trd, 2591007.413, 150
Trd, 2591007.863, 148
Trd, 2591008.196, 148
Trd, 2591008.613, 150
Trd, 2591008.946, 150
Trd, 2591009.013, 150
Trd, 2591009.029, 150
Trd, 2591009.496, 150
Trd, 2591009.613, 150
Trd, 2591009.729, 150
Trd, 2591009.846, 149
Trd, 2591009.929, 149
Trd, 2591010.746, 150
Trd, 2591011.096, 148
Trd, 2591012.029, 130
Trd, 2591012.563, 149
Trd, 2591012.979, 136
Trd, 2591012.996, 137
Trd, 2591013.113, 133
Trd, 2591013.229, 133
Trd, 2591013.629, 136
Trd, 2591013.796, 150
Trd, 2591014.146, 144
Trd, 2591014.296, 140
Trd, 2591014.379, 140
Trd, 2591014.829, 150
Trd, 2591015.546, 145
Trd, 2591016.146, 145
Trd, 2591016.346, 144
Trd, 2591017.279, 149
Trd, 2591017.796, 146
Trd, 2591018.096, 146
Trd, 2591018.613, 136
Trd, 2591018.829, 149
Trd, 2591019.846, 100
Trd, 2591020.446, 100
Trd, 2591021.546, 100
Trd, 2591022.179, 100
Trd, 2591022.729, 100
Trd, 2591022.779, 100
Trd, 2591022.829, 100
Trd, 2591022.979, 100
Trd, 2591023.146, 101
Trd, 2591023.213, 100
Trd, 2591023.429, 100
Trd, 2591023.913, 102
Trd, 2591024.163, 108
Trd, 2591024.313, 107
Trd, 2591024.363, 102
Trd, 2591024.596, 117
Trd, 2591024.979, 103
Trd, 2591025.213, 101
Trd, 2591025.679, 101
Trd, 2591025.779, 108
Trd, 2591027.946, 100
Trd, 2591029.663, 100
Trd, 2591029.746, 100
Trd, 2591030.013, 100
Trd, 2591030.046, 100
Trd, 2591030.229, 101
Trd, 2591030.629, 101
Trd, 2591030.646, 103
Trd, 2591030.713, 104
Trd, 2591031.629, 105
Trd, 2591031.763, 107
Trd, 2591031.879, 106
Trd, 2591032.413, 104
Trd, 2591032.463, 108
Trd, 2591033.196, 111
Trd, 2591033.596, 115
Trd, 2591033.713, 115
Trd, 2591033.779, 137
Trd, 2591033.896, 113
Trd, 2591034.379, 148
Trd, 2591034.413, 110
Trd, 2591035.196, 114
Trd, 2591035.946, 114
Trd, 2591036.046, 100
Trd, 2591036.446, 127
Trd, 2591037.229, 134
Trd, 2591037.696, 117
Trd, 2591037.813, 116
Trd, 2591038.146, 115
Trd, 2591038.213, 114
Trd, 2591039.279, 122
Trd, 2591039.429, 133
Trd, 2591039.446, 136
Trd, 2591039.996, 123
Trd, 2591040.079, 122
Trd, 2591040.796, 146
Trd, 2591041.113, 123
Trd, 2591041.263, 124
Trd, 2591041.546, 123
Trd, 2591041.579, 120
Trd, 2591042.229, 115
Trd, 2591042.446, 112
Trd, 2591043.396, 107
Trd, 2591043.463, 105
Trd, 2591043.863, 103
Trd, 2591044.129, 107
Trd, 2591044.229, 107
Trd, 2591045.579, 106
Trd, 2591045.596, 110
Trd, 2591045.763, 117
Trd, 2591046.046, 107
Trd, 2591046.179, 105
Trd, 2591046.879, 114
Trd, 2591047.446, 107
Trd, 2591047.696, 106
Trd, 2591048.396, 111
Trd, 2591048.563, 109
Trd, 2591048.796, 110
Trd, 2591049.129, 111
Trd, 2591049.563, 150
Trd, 2591049.813, 150
Trd, 2591050.529, 150
Trd, 2591051.079, 150
Trd, 2591051.129, 150
Trd, 2591051.179, 150
Trd, 2591051.596, 150
Trd, 2591051.646, 150
Trd, 2591052.479, 150
Trd, 2591052.813, 150
Trd, 2591054.263, 150
Trd, 2591054.713, 150
Trd, 2591055.729, 150
Trd, 2591056.579, 150
Trd, 2591056.946, 150
Trd, 2591057.063, 150
Trd, 2591057.129, 150
Trd, 2591057.146, 150
Trd, 2591057.229, 150
Trd, 2591057.579, 150
Trd, 2591057.729, 150
Trd, 2591057.796, 136
Trd, 2591058.296, 138
Trd, 2591058.313, 136
Trd, 2591058.513, 149
Trd, 2591058.629, 135
Trd, 2591058.796, 109
Trd, 2591059.763, 100
Trd, 2591060.496, 100
Trd, 2591060.996, 100
Trd, 2591061.396, 100
Trd, 2591061.529, 101
Trd, 2591062.313, 122
Trd, 2591062.979, 110
Trd, 2591063.796, 120
Trd, 2591063.829, 119
Trd, 2591064.446, 125
Trd, 2591064.529, 108
Trd, 2591064.963, 106
Trd, 2591065.063, 105
Trd, 2591065.796, 104
Trd, 2591066.213, 114
Trd, 2591066.313, 115
Trd, 2591066.429, 115
Trd, 2591066.613, 109
Trd, 2591067.679, 109
Trd, 2591067.846, 109
Trd, 2591068.413, 148
Trd, 2591068.429, 144
Trd, 2591068.663, 123
Trd, 2591068.679, 121
Trd, 2591068.779, 120
Trd, 2591068.946, 112
Trd, 2591069.163, 111
Trd, 2591069.596, 127
Trd, 2591070.463, 117
Trd, 2591070.613, 117
Trd, 2591070.913, 120
Trd, 2591071.196, 109
Trd, 2591071.329, 110
Trd, 2591071.346, 127
Trd, 2591071.996, 103
Trd, 2591072.213, 140
Trd, 2591072.713, 150
Trd, 2591072.846, 135
Trd, 2591072.929, 130
Trd, 2591073.029, 104
Trd, 2591073.413, 148
Trd, 2591073.513, 124
Trd, 2591073.879, 100
Trd, 2591074.046, 101
Trd, 2591074.929, 104
Trd, 2591075.796, 113
Trd, 2591078.296, 108
Trd, 2591079.046, 109
Trd, 2591079.379, 111
Trd, 2591079.663, 113
Trd, 2591079.679, 114
Trd, 2591079.713, 112
Trd, 2591080.229, 125
Trd, 2591080.813, 129
Trd, 2591080.879, 136
Trd, 2591080.896, 128
Trd, 2591080.963, 127
Trd, 2591080.979, 125
Trd, 2591081.146, 124
Trd, 2591081.163, 137
Trd, 2591081.663, 119
Trd, 2591082.463, 124
Trd, 2591082.663, 125
Trd, 2591082.946, 150
Trd, 2591083.179, 129
Trd, 2591083.746, 145
Trd, 2591083.946, 134
Trd, 2591084.613, 150
Trd, 2591084.629, 150
Trd, 2591084.763, 134
Trd, 2591084.929, 134
Trd, 2591086.196, 132
Trd, 2591086.463, 100
Trd, 2591086.546, 101
Trd, 2591086.996, 119
Trd, 2591087.929, 103
Trd, 2591088.163, 104
Trd, 2591089.079, 100
Trd, 2591089.096, 100
Trd, 2591089.229, 105
Trd, 2591089.463, 104
Trd, 2591090.079, 104
Trd, 2591090.263, 122
Trd, 2591090.796, 107
Trd, 2591090.813, 108
Trd, 2591091.013, 123
Trd, 2591091.129, 150
Trd, 2591092.146, 112
Trd, 2591092.563, 148
Trd, 2591092.746, 113
Trd, 2591092.796, 147
Trd, 2591093.596, 117
Trd, 2591093.713, 149
Trd, 2591093.863, 116
Trd, 2591093.946, 150
Trd, 2591095.213, 150
Trd, 2591095.429, 150
Trd, 2591095.646, 150
Trd, 2591096.263, 150
Trd, 2591096.529, 150
Trd, 2591096.596, 150
Trd, 2591096.813, 150
Trd, 2591097.563, 150
Trd, 2591097.846, 150
Trd, 2591097.946, 150
Trd, 2591098.563, 150
Trd, 2591098.663, 150
Trd, 2591099.946, 150
Trd, 2591100.046, 150
Trd, 2591100.796, 150
Trd, 2591100.846, 150
Trd, 2591100.863, 150
Trd, 2591101.529, 150
Trd, 2591102.029, 149
Trd, 2591102.146, 122
Trd, 2591103.929, 101
Trd, 2591104.446, 112
Trd, 2591104.513, 150
Trd, 2591105.446, 144
Trd, 2591105.979, 150
Trd, 2591106.113, 150
Trd, 2591106.846, 149
Trd, 2591107.496, 150
Trd, 2591107.713, 150
Trd, 2591108.113, 150
Trd, 2591108.213, 150
Trd, 2591108.913, 150
Trd, 2591109.779, 150
Trd, 2591110.146, 150
Trd, 2591110.513, 150
Trd, 2591110.546, 150
Trd, 2591110.629, 150
Trd, 2591110.879, 150
Trd, 2591110.896, 150
Trd, 2591111.296, 148
Trd, 2591111.646, 148
Trd, 2591111.779, 147
Trd, 2591112.163, 147
Trd, 2591112.446, 148
Trd, 2591112.546, 149
Trd, 2591112.813, 147
Trd, 2591112.913, 149
Trd, 2591113.663, 150
Trd, 2591114.179, 149
Trd, 2591114.713, 148
Trd, 2591115.029, 148
Trd, 2591116.996, 150
Trd, 2591117.613, 150
Trd, 2591117.813, 150
Trd, 2591117.863, 150
Trd, 2591117.979, 150
Trd, 2591118.079, 150
Trd, 2591118.896, 150
Trd, 2591118.963, 150
Trd, 2591119.629, 150
Trd, 2591119.913, 150
Trd, 2591119.929, 150
Trd, 2591120.563, 150
Trd, 2591120.863, 149
Trd, 2591121.079, 148
Trd, 2591121.379, 146
Trd, 2591122.496, 148
Trd, 2591122.596, 133
Trd, 2591122.946, 102
Trd, 2591123.279, 104
Trd, 2591123.463, 106
Trd, 2591124.329, 110
Trd, 2591124.779, 123
Trd, 2591125.296, 136
Trd, 2591125.546, 118
Trd, 2591126.029, 117
Trd, 2591126.579, 149
Trd, 2591126.829, 148
Trd, 2591127.313, 150
Trd, 2591127.713, 150
Trd, 2591127.763, 150
Trd, 2591127.813, 150
Trd, 2591127.946, 150
Trd, 2591128.379, 148
Trd, 2591128.463, 148
Trd, 2591128.529, 146
Trd, 2591128.613, 150
Trd, 2591128.629, 136
Trd, 2591129.429, 126
Trd, 2591130.163, 130
Trd, 2591130.496, 122
Trd, 2591130.863, 128
Trd, 2591131.063, 129
Trd, 2591132.229, 124
Trd, 2591132.313, 126
Trd, 2591132.479, 123
Trd, 2591132.629, 123
Trd, 2591132.679, 138
Trd, 2591132.829, 139
Trd, 2591133.379, 106
Trd, 2591134.429, 101
Trd, 2591134.696, 103
Trd, 2591134.946, 110
Trd, 2591135.196, 103
Trd, 2591135.563, 103
Trd, 2591135.713, 112
Trd, 2591135.913, 112
Trd, 2591137.313, 110
Trd, 2591137.396, 111
Trd, 2591138.363, 131
Trd, 2591139.446, 137
Trd, 2591139.513, 146
Trd, 2591139.879, 140
Trd, 2591140.029, 140
Trd, 2591140.746, 149
Trd, 2591140.879, 150
Trd, 2591141.129, 150
Trd, 2591141.563, 150
Trd, 2591141.829, 150
Trd, 2591142.079, 149
Trd, 2591142.663, 102
Trd, 2591142.763, 140
Trd, 2591145.079, 150
Trd, 2591145.363, 150
Trd, 2591145.879, 150
Trd, 2591146.563, 150
Trd, 2591146.713, 150
Trd, 2591147.046, 150
Trd, 2591147.379, 150
Trd, 2591147.546, 150
Trd, 2591147.829, 150
Trd, 2591147.913, 150
Trd, 2591147.963, 150
Trd, 2591148.079, 150
Trd, 2591148.196, 149
Trd, 2591148.279, 150
Trd, 2591148.413, 149
Trd, 2591148.963, 148
Trd, 2591149.046, 140
Trd, 2591149.446, 123
Trd, 2591150.529, 100
Trd, 2591152.329, 100
Trd, 2591152.396, 100
Trd, 2591152.429, 100
Trd, 2591152.913, 100
Trd, 2591153.129, 100
Trd, 2591153.196, 100
Trd, 2591153.346, 104
Trd, 2591153.546, 104
Trd, 2591153.763, 102
Trd, 2591153.979, 104
Trd, 2591154.613, 150
Trd, 2591154.846, 150
Trd, 2591154.896, 150
Trd, 2591155.763, 150
Trd, 2591156.063, 150
Trd, 2591156.779, 150
Trd, 2591158.346, 150
Trd, 2591158.379, 150
Trd, 2591158.579, 150
Trd, 2591159.063, 150
Trd, 2591159.346, 150
Trd, 2591159.746, 150
Trd, 2591159.846, 150
Trd, 2591159.946, 148
Trd, 2591160.079, 141
Trd, 2591160.579, 103
Trd, 2591161.029, 107
Trd, 2591161.096, 109
Trd, 2591161.746, 100
Trd, 2591162.346, 100
Trd, 2591162.596, 103
Trd, 2591163.029, 100
Trd, 2591163.296, 101
Trd, 2591164.279, 104
Trd, 2591164.329, 104
Trd, 2591164.446, 104
Trd, 2591164.546, 113
Trd, 2591164.946, 112
Trd, 2591165.063, 104
Trd, 2591166.829, 150
Trd, 2591166.879, 150
Trd, 2591166.896, 148
Trd, 2591167.346, 148
Trd, 2591168.096, 150
Trd, 2591168.213, 150
Trd, 2591168.246, 147
Trd, 2591169.629, 149
Trd, 2591169.829, 149
Trd, 2591170.113, 150
Trd, 2591170.279, 150
Trd, 2591170.829, 148
Trd, 2591170.879, 147
Trd, 2591171.446, 148
Trd, 2591171.746, 150
Trd, 2591172.746, 150
Trd, 2591172.813, 150
Trd, 2591173.496, 150
Trd, 2591174.879, 150
Trd, 2591175.029, 149
Trd, 2591175.579, 150
Trd, 2591175.596, 150
Trd, 2591175.813, 150
Trd, 2591176.063, 149
Trd, 2591176.713, 150
Trd, 2591176.746, 150
Trd, 2591177.796, 150
Trd, 2591178.679, 150
Trd, 2591179.246, 150
Trd, 2591179.296, 150
Trd, 2591179.463, 149
Trd, 2591179.546, 150
Trd, 2591180.679, 150
Trd, 2591180.829, 150
Trd, 2591180.863, 150
Trd, 2591181.329, 150
Trd, 2591181.396, 150
Trd, 2591181.563, 150
Trd, 2591181.596, 150
Trd, 2591181.713, 149
Trd, 2591182.563, 150
Trd, 2591183.129, 149
Trd, 2591183.429, 150
Trd, 2591184.029, 150
Trd, 2591184.229, 150
Trd, 2591184.329, 149
Trd, 2591184.596, 150
Trd, 2591184.929, 149
Trd, 2591186.296, 150
Trd, 2591186.413, 150
Trd, 2591186.479, 149
Trd, 2591186.663, 149
Trd, 2591186.679, 144
Trd, 2591187.313, 136
Trd, 2591188.279, 150
Trd, 2591188.596, 150
Trd, 2591188.713, 150
Trd, 2591188.946, 150
Trd, 2591189.313, 150
Trd, 2591190.046, 150
Trd, 2591190.113, 149
Trd, 2591190.396, 149
Trd, 2591191.046, 146
Trd, 2591191.229, 148
Trd, 2591191.379, 145
Trd, 2591191.779, 143
Trd, 2591191.829, 128
Trd, 2591193.013, 115
Trd, 2591193.463, 143
Trd, 2591193.596, 143
Trd, 2591193.896, 100
Trd, 2591194.313, 100
Trd, 2591194.729, 100
Trd, 2591195.179, 100
Trd, 2591195.363, 104
Trd, 2591195.529, 104
Trd, 2591195.579, 105
Trd, 2591196.479, 108
Trd, 2591196.496, 103
Trd, 2591196.946, 118
Trd, 2591197.446, 119
Trd, 2591197.646, 109
Trd, 2591197.913, 149
Trd, 2591198.279, 150
Trd, 2591199.029, 108
Trd, 2591199.446, 110
Trd, 2591199.529, 109
Trd, 2591200.129, 109
Trd, 2591200.379, 150
Trd, 2591200.613, 111
Trd, 2591200.679, 109
Trd, 2591201.279, 150
Trd, 2591201.363, 105
Trd, 2591202.329, 113
Trd, 2591202.663, 112
Trd, 2591202.696, 110
Trd, 2591202.763, 131
Trd, 2591203.563, 150
Trd, 2591203.896, 150
Trd, 2591204.129, 150
Trd, 2591204.179, 136
Trd, 2591205.129, 150
Trd, 2591206.763, 150
Trd, 2591206.796, 150
Trd, 2591206.863, 150
Trd, 2591207.463, 150
Trd, 2591207.663, 150
Trd, 2591208.329, 150
Trd, 2591208.796, 150
Trd, 2591209.179, 150
Trd, 2591210.113, 150
Trd, 2591210.829, 150
Trd, 2591211.563, 150
Trd, 2591211.629, 150
Trd, 2591211.679, 150
Trd, 2591211.763, 150
Trd, 2591212.479, 150
Trd, 2591212.529, 150
Trd, 2591215.196, 150
Trd, 2591215.563, 150
Trd, 2591215.813, 150
Trd, 2591215.846, 150
Trd, 2591215.896, 150
Trd, 2591215.996, 150
Trd, 2591216.146, 150
Trd, 2591216.329, 150
Trd, 2591216.796, 150
Trd, 2591216.863, 150
Trd, 2591216.929, 149
Trd, 2591217.213, 136
Trd, 2591217.779, 148
Trd, 2591217.796, 147
Trd, 2591218.113, 146
Trd, 2591218.179, 136
Trd, 2591218.929, 147
Trd, 2591219.029, 126
Trd, 2591219.696, 125
Trd, 2591220.479, 104
Trd, 2591220.613, 144
Trd, 2591220.846, 144
Trd, 2591221.229, 145
Trd, 2591221.996, 110
Trd, 2591222.279, 110
Trd, 2591223.446, 149
Trd, 2591223.563, 148
Trd, 2591224.646, 150
Trd, 2591224.963, 150
Trd, 2591225.379, 150
Trd, 2591225.646, 150
Trd, 2591226.196, 150
Trd, 2591226.496, 150
Trd, 2591226.763, 150
Trd, 2591226.996, 150
Trd, 2591227.146, 150
Trd, 2591227.579, 150
Trd, 2591227.863, 150
Trd, 2591228.263, 150
Trd, 2591228.363, 149
Trd, 2591228.929, 138
Trd, 2591229.396, 150
Trd, 2591229.929, 150
Trd, 2591230.129, 150
Trd, 2591230.146, 150
Trd, 2591231.413, 150
Trd, 2591231.496, 150
Trd, 2591231.513, 150
Trd, 2591231.529, 148
Trd, 2591231.829, 135
Trd, 2591231.996, 149
Trd, 2591232.029, 114
Trd, 2591232.529, 134
Trd, 2591232.696, 133
Trd, 2591233.463, 115
Trd, 2591234.763, 133
Trd, 2591234.779, 132
Trd, 2591234.829, 119
Trd, 2591235.196, 145
Trd, 2591236.096, 118
Trd, 2591236.163, 116
Trd, 2591236.279, 130
Trd, 2591236.379, 131
Trd, 2591237.196, 111
Trd, 2591237.296, 109
Trd, 2591237.363, 144
Trd, 2591237.929, 115
Trd, 2591238.379, 144
Trd, 2591238.796, 124
Trd, 2591238.913, 123
Trd, 2591240.079, 150
Trd, 2591240.196, 147
Trd, 2591241.213, 150
Trd, 2591241.429, 150
Trd, 2591241.529, 150
Trd, 2591242.163, 150
Trd, 2591242.229, 150
Trd, 2591242.696, 150
Trd, 2591243.396, 150
Trd, 2591243.463, 150
Trd, 2591243.696, 150
Trd, 2591243.946, 150
Trd, 2591244.196, 150
Trd, 2591244.346, 150
Trd, 2591244.663, 150
Trd, 2591245.813, 150
Trd, 2591245.963, 148
Trd, 2591246.513, 150
Trd, 2591247.113, 150
Trd, 2591247.596, 150
Trd, 2591247.929, 150
Trd, 2591248.196, 150
Trd, 2591248.213, 149
Trd, 2591248.363, 146
Trd, 2591248.713, 149
Trd, 2591249.146, 150
Trd, 2591249.263, 149
Trd, 2591250.079, 150
Trd, 2591250.629, 150
Trd, 2591251.229, 149
Trd, 2591251.413, 149
Trd, 2591251.446, 148
Trd, 2591251.713, 147
Trd, 2591251.946, 146
Trd, 2591252.013, 135
Trd, 2591252.213, 122
Trd, 2591252.463, 149
Trd, 2591253.846, 103
Trd, 2591254.479, 100
Trd, 2591255.463, 100
Trd, 2591255.629, 100
Trd, 2591255.646, 100
Trd, 2591255.763, 103
Trd, 2591256.529, 104
Trd, 2591257.479, 103
Trd, 2591257.813, 104
Trd, 2591258.496, 104
Trd, 2591258.529, 110
Trd, 2591258.763, 103
Trd, 2591258.846, 117
Trd, 2591258.929, 147
Trd, 2591259.596, 104
Trd, 2591260.479, 145
Trd, 2591260.763, 108
Trd, 2591260.813, 107
Trd, 2591260.879, 106
Trd, 2591261.146, 137
Trd, 2591261.363, 106
Trd, 2591261.796, 107
Trd, 2591262.096, 120
Trd, 2591262.513, 122
Trd, 2591262.546, 109
Trd, 2591263.546, 123
Trd, 2591264.029, 115
Trd, 2591264.296, 149
Trd, 2591264.379, 116
Trd, 2591264.813, 115
Trd, 2591264.913, 114
Trd, 2591265.279, 130
Trd, 2591265.379, 113
Trd, 2591265.596, 107
Trd, 2591265.846, 146
Trd, 2591266.063, 148
Trd, 2591266.129, 147
Trd, 2591266.213, 106
Trd, 2591267.296, 149
Trd, 2591267.729, 148
Trd, 2591268.113, 147
Trd, 2591268.579, 148
Trd, 2591268.846, 149
Trd, 2591268.913, 148
Trd, 2591269.129, 144
Trd, 2591269.413, 149
Trd, 2591270.363, 147
Trd, 2591270.646, 150
Trd, 2591271.329, 128
Trd, 2591271.596, 148
Trd, 2591272.196, 150
Trd, 2591272.396, 147
Trd, 2591273.379, 138
Trd, 2591273.513, 139
Trd, 2591273.846, 149
Trd, 2591274.779, 139
Trd, 2591275.146, 137
Trd, 2591275.896, 149
Trd, 2591275.996, 148
Trd, 2591276.013, 134
Trd, 2591276.863, 132
Trd, 2591277.113, 124
Trd, 2591277.179, 105
Trd, 2591277.363, 102
Trd, 2591277.596, 102
Trd, 2591277.979, 104
Trd, 2591278.313, 102
Trd, 2591278.446, 101
Trd, 2591278.746, 106
Trd, 2591280.146, 100
Trd, 2591280.213, 100
Trd, 2591280.246, 100
Trd, 2591281.396, 102
Trd, 2591281.579, 101
Trd, 2591282.096, 107
Trd, 2591282.379, 108
Trd, 2591282.996, 109
Trd, 2591284.013, 107
Trd, 2591284.463, 108
Trd, 2591284.663, 108
Trd, 2591284.796, 135
Trd, 2591285.313, 149
Trd, 2591285.446, 115
Trd, 2591286.629, 150
Trd, 2591287.579, 150
Trd, 2591288.196, 150
Trd, 2591288.396, 150
Trd, 2591288.646, 150
Trd, 2591289.246, 150
Trd, 2591289.479, 148
Trd, 2591289.513, 133
Trd, 2591289.663, 124
Trd, 2591289.896, 127
Trd, 2591289.963, 123
Trd, 2591290.346, 144
Trd, 2591290.779, 139
Trd, 2591290.813, 102
Trd, 2591290.979, 144
Trd, 2591291.146, 145
Trd, 2591291.413, 100
Trd, 2591291.629, 100
Trd, 2591291.696, 100
Trd, 2591292.213, 104
Trd, 2591292.529, 107
Trd, 2591292.746, 105
Trd, 2591292.946, 112
Trd, 2591293.396, 149
Trd, 2591293.879, 107
Trd, 2591294.263, 106
Trd, 2591294.446, 106
Trd, 2591294.696, 105
Trd, 2591295.446, 107
Trd, 2591295.763, 104
Trd, 2591296.546, 100
Trd, 2591297.229, 100
Trd, 2591297.329, 101
Trd, 2591297.913, 100
Trd, 2591298.929, 100
Trd, 2591299.246, 106
Trd, 2591299.513, 146
Trd, 2591300.096, 150
Trd, 2591300.146, 150
Trd, 2591300.296, 150
Trd, 2591300.379, 150
Trd, 2591300.846, 150
Trd, 2591301.279, 150
Trd, 2591301.829, 150
Trd, 2591303.063, 150
Trd, 2591303.079, 150
Trd, 2591303.196, 150
Trd, 2591303.479, 150
Trd, 2591303.546, 150
Trd, 2591303.579, 149
Trd, 2591303.663, 149
Trd, 2591303.996, 148
Trd, 2591305.579, 149
Trd, 2591306.413, 137
Trd, 2591306.796, 150
Trd, 2591307.146, 150
Trd, 2591307.246, 150
Trd, 2591307.779, 150
Trd, 2591308.429, 148
Trd, 2591309.246, 149
Trd, 2591309.413, 148
Trd, 2591309.979, 148
Trd, 2591310.729, 149
Trd, 2591310.813, 148
Trd, 2591311.046, 149
Trd, 2591311.063, 148
Trd, 2591311.546, 150
Trd, 2591311.763, 150
Trd, 2591312.096, 149
Trd, 2591312.546, 150
Trd, 2591313.613, 150
Trd, 2591313.729, 150
Trd, 2591313.779, 150
Trd, 2591315.029, 150
Trd, 2591315.929, 150
Trd, 2591316.429, 150
Trd, 2591317.029, 150
Trd, 2591317.363, 150
Trd, 2591317.613, 150
Trd, 2591318.046, 150
Trd, 2591318.296, 150
Trd, 2591318.596, 150
Trd, 2591318.696, 150
Trd, 2591318.846, 150
Trd, 2591318.896, 150
Trd, 2591318.963, 149
Trd, 2591319.346, 122
Trd, 2591319.529, 146
Trd, 2591319.596, 128
Trd, 2591319.863, 128
Trd, 2591320.529, 128
Trd, 2591320.596, 127
Trd, 2591320.796, 139
Trd, 2591321.513, 120
Trd, 2591321.679, 119
Trd, 2591321.813, 139
Trd, 2591321.913, 140
Trd, 2591322.296, 100
Trd, 2591322.479, 100
Trd, 2591322.929, 127
Trd, 2591324.229, 123
Trd, 2591324.829, 130
Trd, 2591325.263, 150
Trd, 2591325.813, 150
Trd, 2591326.563, 150
Trd, 2591327.163, 150
Trd, 2591327.379, 150
Trd, 2591327.496, 150
Trd, 2591327.896, 150
Trd, 2591328.163, 150
Trd, 2591328.446, 150
Trd, 2591329.663, 150
Trd, 2591330.163, 150
Trd, 2591330.229, 150
Trd, 2591330.513, 150
Trd, 2591331.096, 150
Trd, 2591331.196, 150
Trd, 2591331.413, 150
Trd, 2591332.413, 150
Trd, 2591332.729, 150
Trd, 2591332.963, 150
Trd, 2591333.113, 150
Trd, 2591333.213, 150
Trd, 2591333.613, 150
Trd, 2591333.679, 150
Trd, 2591333.863, 150
Trd, 2591334.196, 150
Trd, 2591334.579, 150
Trd, 2591334.879, 150
Trd, 2591335.246, 150
Trd, 2591335.279, 148
Trd, 2591335.463, 135
Trd, 2591335.879, 135
Trd, 2591336.096, 135
Trd, 2591336.179, 146
Trd, 2591336.646, 147
Trd, 2591337.896, 150
Trd, 2591339.429, 150
Trd, 2591339.846, 150
Trd, 2591341.363, 150
Trd, 2591341.463, 150
Trd, 2591341.496, 150
Trd, 2591341.863, 150
Trd, 2591342.096, 150
Trd, 2591342.179, 150
Trd, 2591342.263, 150
Trd, 2591342.479, 150
Trd, 2591343.579, 150
Trd, 2591344.113, 150
Trd, 2591344.963, 150
Trd, 2591345.546, 150
Trd, 2591345.729, 150
Trd, 2591345.896, 149
Trd, 2591346.079, 148
Trd, 2591346.579, 134
Trd, 2591346.596, 133
Trd, 2591346.779, 123
Trd, 2591347.929, 107
Trd, 2591348.279, 100
Trd, 2591349.046, 105
Trd, 2591349.096, 104
Trd, 2591349.146, 144
Trd, 2591349.863, 122
Trd, 2591350.079, 109
Trd, 2591350.146, 108
Trd, 2591350.363, 123
Trd, 2591350.696, 109
Trd, 2591351.096, 115
Trd, 2591351.513, 148
Trd, 2591352.113, 150
Trd, 2591352.329, 150
Trd, 2591352.846, 149
Trd, 2591353.046, 148
Trd, 2591353.446, 148
Trd, 2591353.946, 150
Trd, 2591354.146, 150
Trd, 2591354.896, 150
Trd, 2591355.713, 150
Trd, 2591355.779, 147
Trd, 2591356.146, 145
Trd, 2591356.296, 150
Trd, 2591356.946, 147
Trd, 2591357.013, 148
Trd, 2591358.263, 150
Trd, 2591358.429, 150
Trd, 2591358.529, 150
Trd, 2591358.646, 150
Trd, 2591358.796, 150
Trd, 2591359.729, 150
Trd, 2591360.713, 150
Trd, 2591361.029, 150
Trd, 2591361.629, 150
Trd, 2591361.646, 150
Trd, 2591362.079, 150
Trd, 2591362.413, 150
Trd, 2591362.513, 150
Trd, 2591362.563, 150
Trd, 2591362.663, 150
Trd, 2591362.863, 148
Trd, 2591363.579, 148
Trd, 2591364.113, 144
Trd, 2591365.346, 109
Trd, 2591366.196, 142
Trd, 2591366.313, 121
Trd, 2591366.379, 142
Trd, 2591366.663, 121
Trd, 2591367.079, 120
Trd, 2591367.296, 118
Trd, 2591367.463, 113
Trd, 2591367.913, 100
Trd, 2591367.979, 100
Trd, 2591368.029, 100
Trd, 2591368.213, 104
Trd, 2591368.396, 134
Trd, 2591368.929, 149
Trd, 2591369.396, 128
Trd, 2591369.529, 112
Trd, 2591370.129, 150
Trd, 2591370.663, 150
Trd, 2591370.746, 150
Trd, 2591370.813, 150
Trd, 2591371.729, 106
Trd, 2591372.129, 141
Trd, 2591372.246, 111
Trd, 2591372.479, 125
Trd, 2591373.763, 129
Trd, 2591374.446, 150
Trd, 2591374.779, 150
Trd, 2591375.213, 150
Trd, 2591375.296, 150
Trd, 2591376.013, 150
Trd, 2591376.363, 150
Trd, 2591376.563, 150
Trd, 2591376.779, 150
Trd, 2591377.013, 150
Trd, 2591377.379, 150
Trd, 2591377.629, 150
Trd, 2591377.663, 150
Trd, 2591378.563, 150
Trd, 2591379.029, 147
Trd, 2591379.213, 138
Trd, 2591380.779, 137
Trd, 2591381.263, 150
Trd, 2591381.846, 150
Trd, 2591381.929, 150
Trd, 2591381.979, 150
Trd, 2591382.446, 150
Trd, 2591382.563, 150
Trd, 2591382.946, 149
Trd, 2591383.263, 149
Trd, 2591383.763, 150
Trd, 2591383.879, 149
Trd, 2591384.113, 146
Trd, 2591385.246, 150
Trd, 2591385.813, 150
Trd, 2591386.279, 130
Trd, 2591386.913, 132
Trd, 2591387.529, 132
Trd, 2591387.813, 131
Trd, 2591388.046, 144
Trd, 2591388.079, 100
Trd, 2591388.363, 144
Trd, 2591388.713, 150
Trd, 2591388.996, 122
Trd, 2591389.713, 133
Trd, 2591390.179, 121
Trd, 2591390.329, 120
Trd, 2591390.429, 111
Trd, 2591390.879, 112
Trd, 2591390.913, 113
Trd, 2591391.229, 147
Trd, 2591392.263, 150
Trd, 2591392.663, 150
Trd, 2591392.713, 150
Trd, 2591393.296, 150
Trd, 2591393.429, 150
Trd, 2591393.629, 150
Trd, 2591393.913, 149
Trd, 2591394.429, 150
Trd, 2591395.163, 150
Trd, 2591395.646, 150
Trd, 2591395.913, 149
Trd, 2591396.596, 150
Trd, 2591396.896, 150
Trd, 2591397.096, 150
Trd, 2591397.113, 148
Trd, 2591397.479, 150
Trd, 2591397.579, 150
Trd, 2591398.163, 124
Trd, 2591398.479, 149
Trd, 2591398.579, 140
Trd, 2591399.279, 104
Trd, 2591399.296, 105
Trd, 2591400.463, 150
Trd, 2591400.479, 115
Trd, 2591401.013, 118
Trd, 2591401.329, 149
Trd, 2591402.179, 150
Trd, 2591402.929, 150
Trd, 2591403.046, 150
Trd, 2591403.063, 150
Trd, 2591403.779, 150
Trd, 2591403.829, 150
Trd, 2591403.996, 150
Trd, 2591405.013, 150
Trd, 2591405.063, 150
Trd, 2591405.413, 150
Trd, 2591405.479, 150
Trd, 2591405.913, 150
Trd, 2591406.313, 150
Trd, 2591406.863, 150
Trd, 2591407.179, 150
Trd, 2591407.879, 150
Trd, 2591408.096, 150
Trd, 2591408.279, 149
Trd, 2591408.463, 134
Trd, 2591408.846, 111
Trd, 2591409.529, 100
Trd, 2591409.946, 101
Trd, 2591410.296, 101
Trd, 2591410.513, 102
Trd, 2591410.646, 110
Trd, 2591411.013, 102
Trd, 2591411.179, 150
Trd, 2591411.413, 112
Trd, 2591411.646, 113
Trd, 2591412.896, 150
Trd, 2591413.029, 150
Trd, 2591413.179, 150
Trd, 2591413.313, 150
Trd, 2591413.596, 150
Trd, 2591413.713, 150
Trd, 2591413.863, 150
Trd, 2591413.896, 150
Trd, 2591414.913, 150
Trd, 2591415.246, 150
Trd, 2591415.379, 150
Trd, 2591415.679, 150
Trd, 2591415.813, 150
Trd, 2591416.146, 148
Trd, 2591416.813, 150
Trd, 2591417.779, 150
Trd, 2591417.946, 150
Trd, 2591418.296, 150
Trd, 2591418.563, 150
Trd, 2591418.596, 149
Trd, 2591419.063, 149
Trd, 2591419.163, 149
Trd, 2591419.179, 149
Trd, 2591420.713, 117
Trd, 2591421.413, 147
Trd, 2591422.063, 124
Trd, 2591422.913, 125
Trd, 2591423.346, 138
Trd, 2591423.596, 120
Trd, 2591423.946, 139
Trd, 2591423.963, 123
Trd, 2591424.046, 117
Trd, 2591424.246, 116
Trd, 2591424.646, 115
Trd, 2591424.663, 120
Trd, 2591425.613, 111
Trd, 2591426.063, 110
Trd, 2591426.163, 109
Trd, 2591426.396, 104
Trd, 2591427.046, 108
Trd, 2591427.313, 106
Trd, 2591428.263, 107
Trd, 2591428.613, 107
Trd, 2591428.746, 106
Trd, 2591429.263, 101
Trd, 2591430.496, 100
Trd, 2591431.129, 102
Trd, 2591431.196, 102
Trd, 2591431.363, 102
Trd, 2591431.413, 103
Trd, 2591431.779, 150
Trd, 2591431.846, 150
Trd, 2591432.063, 149
Trd, 2591432.229, 148
Trd, 2591432.846, 132
Trd, 2591433.113, 125
Trd, 2591433.346, 150
Trd, 2591433.779, 150
Trd, 2591433.879, 150
Trd, 2591435.063, 150
Trd, 2591436.379, 150
Trd, 2591436.546, 150
Trd, 2591436.729, 150
Trd, 2591436.796, 150
Trd, 2591437.496, 150
Trd, 2591437.613, 150
Trd, 2591437.996, 150
Trd, 2591438.046, 150
Trd, 2591438.263, 150
Trd, 2591439.263, 150
Trd, 2591439.363, 150
Trd, 2591439.413, 150
Trd, 2591440.229, 150
Trd, 2591440.296, 150
Trd, 2591440.363, 150
Trd, 2591440.429, 150
Trd, 2591440.496, 150
Trd, 2591440.663, 149
Trd, 2591440.996, 150
Trd, 2591441.196, 148
Trd, 2591441.763, 150
Trd, 2591442.663, 150
Trd, 2591443.013, 147
Trd, 2591443.046, 142
Trd, 2591443.663, 142
Trd, 2591444.079, 141
Trd, 2591444.579, 137
Trd, 2591445.396, 137
Trd, 2591446.129, 105
Trd, 2591446.463, 105
Trd, 2591446.579, 106
Trd, 2591446.663, 138
Trd, 2591447.063, 104
Trd, 2591447.179, 106
Trd, 2591447.329, 106
Trd, 2591447.746, 107
Trd, 2591447.813, 119
Trd, 2591448.646, 108
Trd, 2591450.063, 129
Trd, 2591450.113, 115
Trd, 2591450.129, 102
Trd, 2591450.363, 150
Trd, 2591450.929, 106
Trd, 2591451.046, 106
Trd, 2591451.463, 130
Trd, 2591451.846, 109
Trd, 2591452.413, 110
Trd, 2591452.863, 111
Trd, 2591453.229, 110
Trd, 2591453.296, 110
Trd, 2591453.363, 109
Trd, 2591453.629, 110
Trd, 2591453.946, 103
Trd, 2591454.696, 102
Trd, 2591455.163, 109
Trd, 2591455.246, 103
Trd, 2591455.746, 112
Trd, 2591455.796, 103
Trd, 2591456.579, 103
Trd, 2591456.663, 114
Trd, 2591457.513, 103
Trd, 2591459.013, 143
Trd, 2591459.696, 150
Trd, 2591459.846, 150
Trd, 2591461.079, 150
Trd, 2591461.363, 150
Trd, 2591461.746, 150
Trd, 2591461.796, 150
Trd, 2591461.913, 150
Trd, 2591462.929, 150
Trd, 2591463.379, 150
Trd, 2591464.796, 150
Trd, 2591465.429, 150
Trd, 2591465.696, 150
Trd, 2591465.913, 150
Trd, 2591466.079, 150
Trd, 2591466.596, 150
Trd, 2591466.613, 150
Trd, 2591467.579, 150
Trd, 2591467.613, 150
Trd, 2591467.713, 150
Trd, 2591468.096, 150
Trd, 2591468.163, 150
Trd, 2591468.563, 149
Trd, 2591469.646, 150
Trd, 2591470.113, 150
Trd, 2591470.479, 149
Trd, 2591470.529, 149
Trd, 2591470.913, 149
Trd, 2591470.996, 148
Trd, 2591471.363, 150
Trd, 2591471.663, 150
Trd, 2591471.679, 150
Trd, 2591471.813, 150
Trd, 2591471.963, 150
Trd, 2591472.363, 150
Trd, 2591472.446, 149
Trd, 2591472.579, 148
Trd, 2591473.196, 145
Trd, 2591473.379, 149
Trd, 2591474.479, 150
Trd, 2591474.496, 150
Trd, 2591474.763, 150
Trd, 2591475.646, 150
Trd, 2591476.129, 150
Trd, 2591477.029, 150
Trd, 2591477.079, 150
Trd, 2591477.213, 150
Trd, 2591477.263, 150
Trd, 2591477.629, 150
Trd, 2591478.513, 149
Trd, 2591479.296, 150
Trd, 2591479.563, 150
Trd, 2591479.663, 150
Trd, 2591479.796, 150
Trd, 2591479.979, 142
Trd, 2591480.046, 136
Trd, 2591480.363, 135
Trd, 2591481.346, 103
Trd, 2591481.963, 150
Trd, 2591482.063, 150
Trd, 2591483.213, 104
Trd, 2591483.229, 102
Trd, 2591483.879, 105
Trd, 2591483.913, 106
Trd, 2591484.229, 105
Trd, 2591484.296, 104
Trd, 2591484.396, 104
Trd, 2591484.963, 104
Trd, 2591485.829, 104
Trd, 2591486.413, 105
Trd, 2591486.463, 102
Trd, 2591486.646, 129
Trd, 2591487.796, 104
Trd, 2591487.863, 105
Trd, 2591488.029, 149
Trd, 2591488.146, 131
Trd, 2591488.213, 131
Trd, 2591488.613, 150
Trd, 2591488.779, 135
Trd, 2591489.096, 131
Trd, 2591489.346, 130
Trd, 2591490.013, 135
Trd, 2591490.546, 115
Trd, 2591491.779, 100
Trd, 2591491.979, 100
Trd, 2591492.113, 101
Trd, 2591492.363, 102
Trd, 2591493.446, 101
Trd, 2591493.613, 100
Trd, 2591493.996, 102
Trd, 2591494.196, 101
Trd, 2591494.513, 106
Trd, 2591495.079, 100
Trd, 2591495.196, 102
Trd, 2591495.796, 101
Trd, 2591495.996, 107
Trd, 2591496.629, 103
Trd, 2591497.263, 113
Trd, 2591497.796, 149
Trd, 2591498.663, 149
Trd, 2591499.279, 150
Trd, 2591499.379, 150
Trd, 2591499.663, 150
Trd, 2591499.863, 150
Trd, 2591499.963, 150
Trd, 2591500.396, 150
Trd, 2591501.079, 150
Trd, 2591501.513, 150
Trd, 2591502.279, 150
Trd, 2591502.779, 150
Trd, 2591502.929, 150
Trd, 2591503.129, 150
Trd, 2591503.379, 150
Trd, 2591503.479, 150
Trd, 2591503.946, 150
Trd, 2591503.996, 149
Trd, 2591504.213, 148
Trd, 2591504.496, 141
Trd, 2591504.829, 131
Trd, 2591505.479, 112
Trd, 2591505.879, 144
Trd, 2591505.929, 145
Trd, 2591506.696, 150
Trd, 2591506.863, 150
Trd, 2591506.996, 150
Trd, 2591507.329, 149
Trd, 2591507.346, 133
Trd, 2591508.296, 106
Trd, 2591508.479, 101
Trd, 2591508.696, 100
Trd, 2591508.746, 104
Trd, 2591509.246, 105
Trd, 2591509.529, 108
Trd, 2591510.096, 103
Trd, 2591510.196, 102
Trd, 2591510.679, 116
Trd, 2591511.379, 109
Trd, 2591511.696, 128
Trd, 2591512.279, 150
Trd, 2591513.229, 150
Trd, 2591514.046, 150
Trd, 2591515.263, 150
Trd, 2591515.479, 150
Trd, 2591515.679, 150
Trd, 2591515.979, 150
Trd, 2591516.279, 150
Trd, 2591516.429, 150
Trd, 2591517.229, 150
Trd, 2591517.613, 150
Trd, 2591517.729, 150
Trd, 2591517.963, 150
Trd, 2591518.546, 150
Trd, 2591518.829, 150
Trd, 2591518.846, 150
Trd, 2591518.996, 150
Trd, 2591519.746, 150
Trd, 2591520.363, 150
Trd, 2591520.446, 150
Trd, 2591520.779, 150
Trd, 2591521.629, 150
Trd, 2591522.313, 150
Trd, 2591522.513, 150
Trd, 2591522.763, 150
Trd, 2591522.829, 150
Trd, 2591523.279, 150
Trd, 2591524.129, 150
Trd, 2591524.246, 149
Trd, 2591524.379, 149
Trd, 2591524.679, 150
Trd, 2591525.113, 148
Trd, 2591525.163, 146
Trd, 2591526.779, 132
Trd, 2591527.429, 133
Trd, 2591527.463, 133
Trd, 2591527.579, 133
Trd, 2591527.663, 132
Trd, 2591527.713, 144
Trd, 2591527.829, 131
Trd, 2591528.646, 131
Trd, 2591528.696, 130
Trd, 2591528.796, 130
Trd, 2591529.463, 128
Trd, 2591529.879, 102
Trd, 2591530.129, 108
Trd, 2591530.413, 102
Trd, 2591530.496, 112
Trd, 2591531.613, 104
Trd, 2591531.629, 118
Trd, 2591531.946, 125
Trd, 2591532.013, 148
Trd, 2591532.329, 150
Trd, 2591532.479, 150
Trd, 2591533.113, 150
Trd, 2591533.146, 150
Trd, 2591533.379, 150
Trd, 2591533.429, 150
Trd, 2591534.313, 150
Trd, 2591534.429, 150
Trd, 2591534.596, 150
Trd, 2591534.629, 150
Trd, 2591535.663, 150
Trd, 2591535.779, 150
Trd, 2591536.446, 150
Trd, 2591536.896, 150
Trd, 2591537.429, 150
Trd, 2591537.779, 150
Trd, 2591538.146, 147
Trd, 2591538.163, 131
Trd, 2591538.813, 150
Trd, 2591539.063, 150
Trd, 2591541.413, 150
Trd, 2591541.746, 150
Trd, 2591541.779, 150
Trd, 2591542.263, 150
Trd, 2591542.396, 150
Trd, 2591543.313, 150
Trd, 2591543.746, 150
Trd, 2591545.046, 150
Trd, 2591545.413, 150
Trd, 2591545.446, 150
Trd, 2591545.646, 150
Trd, 2591545.913, 150
Trd, 2591546.129, 150
Trd, 2591546.463, 150
Trd, 2591546.529, 150
Trd, 2591546.629, 149
Trd, 2591547.113, 150
Trd, 2591547.179, 149
Trd, 2591547.713, 149
Trd, 2591547.963, 149
Trd, 2591547.996, 148
Trd, 2591548.113, 150
Trd, 2591548.363, 134
Trd, 2591549.063, 150
Trd, 2591550.063, 150
Trd, 2591550.329, 150
Trd, 2591550.813, 150
Trd, 2591551.413, 150
Trd, 2591551.746, 134
Trd, 2591552.246, 120
Trd, 2591552.329, 111
Trd, 2591552.863, 148
Trd, 2591553.163, 107
Trd, 2591553.463, 109
Trd, 2591553.696, 147
Trd, 2591554.329, 147
Trd, 2591554.463, 106
Trd, 2591554.896, 147
Trd, 2591555.046, 107
Trd, 2591556.246, 101
Trd, 2591556.379, 103
Trd, 2591557.396, 100
Trd, 2591557.529, 100
Trd, 2591557.596, 103
Trd, 2591558.363, 108
Trd, 2591559.046, 121
Trd, 2591559.113, 101
Trd, 2591559.496, 150
Trd, 2591559.813, 106
Trd, 2591560.229, 108
Trd, 2591560.879, 143
Trd, 2591562.363, 150
Trd, 2591562.596, 150
Trd, 2591562.679, 150
Trd, 2591563.813, 150
Trd, 2591564.263, 150
Trd, 2591564.779, 150
Trd, 2591565.096, 150
Trd, 2591565.729, 150
Trd, 2591565.813, 150
Trd, 2591565.929, 150
Trd, 2591566.229, 150
Trd, 2591566.496, 150
Trd, 2591567.029, 150
Trd, 2591567.329, 150
Trd, 2591567.363, 150
Trd, 2591567.896, 150
Trd, 2591568.313, 150
Trd, 2591568.329, 150
Trd, 2591568.646, 150
Trd, 2591569.829, 150
Trd, 2591570.029, 150
Trd, 2591570.096, 147
Trd, 2591570.279, 145
Trd, 2591571.196, 148
Trd, 2591571.629, 147
Trd, 2591571.996, 132
Trd, 2591572.079, 133
Trd, 2591572.579, 133
Trd, 2591572.746, 147
Trd, 2591572.763, 118
Trd, 2591573.146, 100
Trd, 2591573.496, 100
Trd, 2591573.663, 101
Trd, 2591575.079, 100
Trd, 2591575.496, 100
Trd, 2591576.329, 100
Trd, 2591576.396, 100
Trd, 2591577.163, 100
Trd, 2591577.246, 100
Trd, 2591577.663, 101
Trd, 2591577.746, 101
Trd, 2591578.513, 101
Trd, 2591578.879, 101
Trd, 2591578.946, 102
Trd, 2591579.513, 109
Trd, 2591579.613, 110
Trd, 2591579.729, 108
Trd, 2591580.296, 112
Trd, 2591580.979, 116
Trd, 2591581.063, 115
Trd, 2591581.363, 115
Trd, 2591581.579, 115
Trd, 2591581.829, 114
Trd, 2591581.946, 108
Trd, 2591582.829, 114
Trd, 2591582.896, 117
Trd, 2591583.096, 120
Trd, 2591583.629, 115
Trd, 2591583.913, 118
Trd, 2591584.263, 143
Trd, 2591584.363, 148
Trd, 2591585.029, 149
Trd, 2591585.096, 148
Trd, 2591585.296, 137
Trd, 2591585.796, 140
Trd, 2591585.829, 140
Trd, 2591585.979, 139
Trd, 2591585.996, 138
Trd, 2591586.196, 150
Trd, 2591586.546, 120
Trd, 2591587.196, 112
Trd, 2591587.946, 127
Trd, 2591588.613, 127
Trd, 2591588.879, 115
Trd, 2591589.013, 128
Trd, 2591589.063, 113
Trd, 2591590.013, 128
Trd, 2591590.213, 129
Trd, 2591590.429, 114
Trd, 2591591.529, 123
Trd, 2591591.613, 122
Trd, 2591592.363, 121
Trd, 2591592.896, 122
Trd, 2591592.929, 126
Trd, 2591593.246, 120
Trd, 2591593.279, 114
Trd, 2591594.546, 120
Trd, 2591595.496, 150
Trd, 2591596.679, 150
Trd, 2591597.029, 150
Trd, 2591597.729, 150
Trd, 2591598.179, 150
Trd, 2591598.479, 150
Trd, 2591598.763, 150
Trd, 2591598.996, 150
Trd, 2591599.413, 150
Trd, 2591599.496, 150
Trd, 2591599.529, 150
Trd, 2591599.763, 150
Trd, 2591600.646, 150
Trd, 2591600.729, 150
Trd, 2591601.179, 150
Trd, 2591601.413, 150
Trd, 2591601.863, 149
Trd, 2591602.346, 150
Trd, 2591602.679, 149
Trd, 2591603.263, 150
Trd, 2591603.279, 150
Trd, 2591603.863, 150
Trd, 2591604.196, 150
Trd, 2591604.579, 149
Trd, 2591604.846, 143
Trd, 2591605.229, 143
Trd, 2591605.446, 117
Trd, 2591606.346, 100
Trd, 2591606.463, 100
Trd, 2591607.063, 150
Trd, 2591608.479, 140
Trd, 2591608.663, 150
Trd, 2591609.013, 140
Trd, 2591609.479, 150
Trd, 2591609.529, 150
Trd, 2591609.629, 150
Trd, 2591609.996, 150
Trd, 2591610.013, 150
Trd, 2591610.596, 150
Trd, 2591610.746, 150
Trd, 2591611.079, 144
Trd, 2591611.096, 143
Trd, 2591611.296, 145
Trd, 2591611.379, 144
Trd, 2591611.729, 150
Trd, 2591611.979, 142
Trd, 2591612.346, 150
Trd, 2591612.696, 150
Trd, 2591614.096, 139
Trd, 2591615.263, 143
Trd, 2591615.479, 143
Trd, 2591616.046, 127
Trd, 2591616.146, 117
Trd, 2591616.163, 113
Trd, 2591616.513, 101
Trd, 2591616.546, 104
Trd, 2591616.996, 102
Trd, 2591617.263, 103
Trd, 2591617.429, 102
Trd, 2591617.629, 100
Trd, 2591618.029, 101
Trd, 2591618.529, 101
Trd, 2591618.596, 102
Trd, 2591618.863, 101
Trd, 2591619.496, 104
Trd, 2591619.529, 102
Trd, 2591619.696, 103
Trd, 2591620.379, 102
Trd, 2591621.446, 117
Trd, 2591621.713, 117
Trd, 2591621.863, 120
Trd, 2591621.946, 119
Trd, 2591622.129, 120
Trd, 2591622.896, 150
Trd, 2591623.563, 149
Trd, 2591624.563, 150
Trd, 2591624.863, 150
Trd, 2591625.779, 150
Trd, 2591626.146, 150
Trd, 2591626.163, 150
Trd, 2591626.496, 150
Trd, 2591627.263, 150
Trd, 2591627.429, 150
Trd, 2591627.479, 150
Trd, 2591627.613, 148
Trd, 2591628.229, 148
Trd, 2591628.379, 147
Trd, 2591631.129, 150
Trd, 2591631.679, 150
Trd, 2591631.846, 150
Trd, 2591632.179, 150
Trd, 2591632.529, 150
Trd, 2591632.746, 150
Trd, 2591632.796, 150
Trd, 2591632.829, 150
Trd, 2591632.879, 150
Trd, 2591633.146, 150
Trd, 2591633.963, 150
Trd, 2591634.579, 150
Trd, 2591635.113, 150
Trd, 2591635.229, 150
Trd, 2591635.546, 150
Trd, 2591635.929, 150
Trd, 2591636.363, 150
Trd, 2591636.663, 149
Trd, 2591637.179, 150
Trd, 2591637.296, 146
Trd, 2591637.763, 150
Trd, 2591638.779, 100
Trd, 2591638.929, 101
Trd, 2591639.029, 102
Trd, 2591640.446, 150
Trd, 2591640.579, 150
Trd, 2591640.963, 150
Trd, 2591641.296, 150
Trd, 2591641.329, 150
Trd, 2591641.929, 150
Trd, 2591641.996, 150
Trd, 2591642.029, 150
Trd, 2591642.429, 150
Trd, 2591642.613, 148
Trd, 2591642.679, 150
Trd, 2591642.863, 147
Trd, 2591643.013, 146
Trd, 2591643.096, 141
Trd, 2591643.463, 116
Trd, 2591644.063, 102
Trd, 2591644.213, 100
Trd, 2591644.313, 100
Trd, 2591644.396, 112
Trd, 2591645.446, 105
Trd, 2591646.013, 106
Trd, 2591646.379, 111
Trd, 2591646.796, 148
Trd, 2591646.846, 147
Trd, 2591646.863, 146
Trd, 2591648.396, 103
Trd, 2591648.663, 102
Trd, 2591649.696, 105
Trd, 2591651.179, 114
Trd, 2591651.246, 114
Trd, 2591651.746, 113
Trd, 2591652.179, 150
Trd, 2591652.429, 150
Trd, 2591653.196, 150
Trd, 2591653.396, 150
Trd, 2591653.663, 150
Trd, 2591653.679, 150
Trd, 2591654.513, 150
Trd, 2591654.546, 150
Trd, 2591655.696, 150
Trd, 2591655.729, 150
Trd, 2591656.246, 150
Trd, 2591657.763, 150
Trd, 2591658.979, 150
Trd, 2591659.346, 150
Trd, 2591660.079, 150
Trd, 2591660.763, 150
Trd, 2591661.263, 150
Trd, 2591661.329, 150
Trd, 2591661.346, 150
Trd, 2591661.729, 150
Trd, 2591661.879, 150
Trd, 2591661.946, 150
Trd, 2591661.979, 150
Trd, 2591662.496, 150
Trd, 2591662.563, 150
Trd, 2591662.963, 150
Trd, 2591663.163, 150
Trd, 2591663.413, 150
Trd, 2591663.629, 150
Trd, 2591663.713, 148
Trd, 2591664.063, 147
Trd, 2591664.129, 148
Trd, 2591664.396, 150
Trd, 2591665.063, 150
Trd, 2591665.513, 150
Trd, 2591665.763, 150
Trd, 2591666.013, 150
Trd, 2591666.296, 150
Trd, 2591666.663, 149
Trd, 2591666.729, 146
Trd, 2591667.213, 149
Trd, 2591667.563, 150
Trd, 2591667.629, 149
Trd, 2591667.646, 147
Trd, 2591668.179, 130
Trd, 2591668.663, 122
Trd, 2591668.913, 122
Trd, 2591669.346, 128
Trd, 2591669.446, 128
Trd, 2591669.529, 129
Trd, 2591669.729, 130
Trd, 2591669.879, 128
Trd, 2591670.179, 127
Trd, 2591670.796, 125
Trd, 2591670.929, 143
Trd, 2591671.946, 150
Trd, 2591672.063, 149
Trd, 2591672.196, 145
Trd, 2591672.329, 129
Trd, 2591672.846, 124
Trd, 2591673.463, 149
Trd, 2591673.679, 148
Trd, 2591674.579, 118
Trd, 2591675.113, 103
Trd, 2591675.596, 103
Trd, 2591675.663, 111
Trd, 2591676.163, 100
Trd, 2591677.329, 100
Trd, 2591677.429, 100
Trd, 2591677.446, 100
Trd, 2591677.496, 102
Trd, 2591678.929, 150
Trd, 2591680.163, 150
Trd, 2591680.496, 150
Trd, 2591681.013, 150
Trd, 2591681.479, 150
Trd, 2591681.696, 150
Trd, 2591681.813, 150
Trd, 2591682.013, 150
Trd, 2591682.579, 150
Trd, 2591682.663, 150
Trd, 2591683.146, 150
Trd, 2591683.413, 150
Trd, 2591684.663, 150
Trd, 2591685.096, 150
Trd, 2591685.529, 150
Trd, 2591685.763, 150
Trd, 2591685.829, 150
Trd, 2591686.179, 150
Trd, 2591686.629, 150
Trd, 2591686.663, 150
Trd, 2591686.946, 150
Trd, 2591687.196, 150
Trd, 2591687.346, 150
Trd, 2591688.096, 150
Trd, 2591689.063, 150
Trd, 2591689.146, 150
Trd, 2591689.646, 150
Trd, 2591689.679, 150
Trd, 2591689.913, 150
Trd, 2591690.163, 147
Trd, 2591690.196, 146
Trd, 2591691.513, 150
Trd, 2591692.029, 150
Trd, 2591692.796, 150
Trd, 2591692.863, 150
Trd, 2591693.063, 150
Trd, 2591693.096, 150
Trd, 2591693.296, 150
Trd, 2591693.613, 150
Trd, 2591694.196, 150
Trd, 2591694.346, 149
Trd, 2591694.863, 149
Trd, 2591694.879, 149
Trd, 2591694.963, 134
Trd, 2591695.163, 123
Trd, 2591695.863, 150
Trd, 2591695.996, 150
Trd, 2591696.146, 123
Trd, 2591696.163, 122
Trd, 2591698.279, 100
Trd, 2591698.563, 100
Trd, 2591699.363, 100
Trd, 2591699.996, 100
Trd, 2591700.279, 100
Trd, 2591700.546, 107
Trd, 2591701.429, 108
Trd, 2591701.446, 106
Trd, 2591701.779, 105
Trd, 2591701.813, 144
Trd, 2591702.046, 113
Trd, 2591702.446, 117
Trd, 2591702.696, 118
Trd, 2591702.979, 143
Trd, 2591703.296, 136
Trd, 2591703.346, 123
Trd, 2591704.013, 141
Trd, 2591704.779, 144
Trd, 2591705.496, 150
Trd, 2591705.529, 150
Trd, 2591705.596, 150
Trd, 2591706.663, 150
Trd, 2591706.896, 150
Trd, 2591708.263, 150
Trd, 2591708.979, 150
Trd, 2591709.246, 150
Trd, 2591709.496, 150
Trd, 2591709.929, 150
Trd, 2591710.096, 150
Trd, 2591710.379, 150
Trd, 2591710.979, 150
Trd, 2591711.013, 149
Trd, 2591711.379, 150
Trd, 2591711.829, 150
Trd, 2591711.963, 150
Trd, 2591712.163, 150
Trd, 2591712.296, 150
Trd, 2591713.046, 150
Trd, 2591713.063, 150
Trd, 2591713.329, 150
Trd, 2591713.613, 150
Trd, 2591713.779, 150
Trd, 2591713.863, 150
Trd, 2591714.013, 150
Trd, 2591714.579, 150
Trd, 2591715.329, 150
Trd, 2591715.396, 150
Trd, 2591715.479, 150
Trd, 2591715.896, 150
Trd, 2591715.996, 150
Trd, 2591716.496, 150
Trd, 2591716.629, 150
Trd, 2591717.296, 150
Trd, 2591717.829, 148
Trd, 2591719.046, 150
Trd, 2591719.329, 150
Trd, 2591719.779, 150
Trd, 2591719.896, 150
Trd, 2591719.913, 147
Trd, 2591720.563, 130
Trd, 2591720.579, 131
Trd, 2591720.963, 135
Trd, 2591723.029, 150
Trd, 2591723.379, 150
Trd, 2591723.763, 150
Trd, 2591724.463, 150
Trd, 2591724.479, 150
Trd, 2591724.646, 150
Trd, 2591724.713, 150
Trd, 2591724.896, 150
Trd, 2591725.363, 150
Trd, 2591725.429, 150
Trd, 2591725.579, 150
Trd, 2591726.013, 150
Trd, 2591726.679, 150
Trd, 2591726.813, 150
Trd, 2591727.146, 150
Trd, 2591727.496, 150
Trd, 2591728.263, 150
Trd, 2591728.663, 150
Trd, 2591728.896, 150
Trd, 2591729.329, 149
Trd, 2591729.646, 148
Trd, 2591729.946, 150
Trd, 2591730.229, 137
Trd, 2591730.696, 137
Trd, 2591731.129, 139
Trd, 2591731.413, 132
Trd, 2591731.579, 114
Trd, 2591732.763, 104
Trd, 2591732.863, 141
Trd, 2591732.963, 142
Trd, 2591733.663, 102
Trd, 2591733.946, 144
Trd, 2591734.163, 109
Trd, 2591734.663, 103
Trd, 2591734.846, 149
Trd, 2591735.163, 103
Trd, 2591735.729, 122
Trd, 2591736.063, 101
Trd, 2591736.296, 102
Trd, 2591736.546, 101
Trd, 2591737.196, 101
Trd, 2591738.429, 102
Trd, 2591738.863, 105
Trd, 2591739.529, 107
Trd, 2591740.613, 102
Trd, 2591740.663, 103
Trd, 2591741.663, 107
Trd, 2591741.679, 140
Trd, 2591741.946, 150
Trd, 2591742.296, 150
Trd, 2591742.329, 150
Trd, 2591742.513, 150
Trd, 2591743.263, 150
Trd, 2591743.396, 150
Trd, 2591743.946, 150
Trd, 2591743.963, 150
Trd, 2591744.096, 150
Trd, 2591744.529, 149
Trd, 2591744.979, 150
Trd, 2591745.229, 150
Trd, 2591747.546, 150
Trd, 2591748.179, 150
Trd, 2591748.363, 150
Trd, 2591748.513, 150
Trd, 2591748.713, 150
Trd, 2591749.146, 150
Trd, 2591749.179, 150
Trd, 2591749.196, 150
Trd, 2591749.396, 150
Trd, 2591749.779, 150
Trd, 2591749.879, 150
Trd, 2591750.246, 150
Trd, 2591750.629, 150
Trd, 2591750.646, 150
Trd, 2591752.446, 150
Trd, 2591753.146, 150
Trd, 2591753.429, 150
Trd, 2591753.996, 150
Trd, 2591756.179, 150
Trd, 2591756.829, 150
Trd, 2591756.913, 150
Trd, 2591757.013, 150
Trd, 2591757.079, 150
Trd, 2591757.163, 150
Trd, 2591757.196, 150
Trd, 2591757.563, 150
Trd, 2591757.746, 150
Trd, 2591758.529, 150
Trd, 2591758.779, 150
Trd, 2591758.979, 150
Trd, 2591760.079, 150
Trd, 2591760.263, 150
Trd, 2591760.496, 150
Trd, 2591760.896, 150
Trd, 2591760.979, 150
Trd, 2591761.813, 150
Trd, 2591762.113, 150
Trd, 2591762.396, 150
Trd, 2591763.179, 150
Trd, 2591763.613, 150
Trd, 2591763.763, 150
Trd, 2591764.013, 150
Trd, 2591764.246, 150
Trd, 2591764.746, 150
Trd, 2591764.913, 149
Trd, 2591765.379, 147
Trd, 2591766.013, 146
Trd, 2591766.629, 144
Trd, 2591767.279, 134
Trd, 2591767.629, 143
Trd, 2591768.379, 144
Trd, 2591769.163, 138
Trd, 2591769.196, 137
Trd, 2591769.229, 133
Trd, 2591770.246, 132
Trd, 2591770.313, 131
Trd, 2591770.763, 107
Trd, 2591771.229, 100
Trd, 2591771.263, 112
Trd, 2591771.429, 145
Trd, 2591771.629, 122
Trd, 2591772.013, 107
Trd, 2591772.229, 107
Trd, 2591772.379, 106
Trd, 2591772.846, 108
Trd, 2591773.179, 109
Trd, 2591773.429, 107
Trd, 2591773.979, 110
Trd, 2591774.213, 111
Trd, 2591774.263, 142
Trd, 2591774.829, 112
Trd, 2591775.129, 112
Trd, 2591775.279, 112
Trd, 2591775.413, 109
Trd, 2591775.446, 145
Trd, 2591775.546, 101
Trd, 2591776.063, 127
Trd, 2591776.513, 111
Trd, 2591776.946, 103
Trd, 2591778.096, 138
Trd, 2591778.579, 149
Trd, 2591779.513, 150
Trd, 2591780.446, 150
Trd, 2591780.496, 150
Trd, 2591781.096, 150
Trd, 2591781.879, 150
Trd, 2591781.946, 150
Trd, 2591782.329, 150
Trd, 2591782.496, 150
Trd, 2591782.729, 150
Trd, 2591782.963, 150
Trd, 2591783.213, 150
Trd, 2591783.446, 150
Trd, 2591783.913, 150
Trd, 2591784.513, 150
Trd, 2591785.346, 150
Trd, 2591785.613, 150
Trd, 2591786.346, 150
Trd, 2591786.363, 150
Trd, 2591786.529, 150
Trd, 2591786.646, 150
Trd, 2591786.896, 150
Trd, 2591787.063, 150
Trd, 2591788.346, 150
Trd, 2591789.363, 150
Trd, 2591789.513, 150
Trd, 2591789.963, 150
Trd, 2591790.313, 150
Trd, 2591790.396, 150
Trd, 2591790.413, 150
Trd, 2591792.246, 150
Trd, 2591792.263, 150
Trd, 2591792.379, 150
Trd, 2591793.429, 150
Trd, 2591793.813, 150
Trd, 2591793.963, 150
Trd, 2591794.329, 150
Trd, 2591794.779, 150
Trd, 2591795.196, 150
Trd, 2591795.479, 150
Trd, 2591795.529, 149
Trd, 2591796.229, 150
Trd, 2591796.413, 150
Trd, 2591796.579, 150
Trd, 2591796.729, 149
Trd, 2591797.379, 150
Trd, 2591797.479, 149
Trd, 2591797.763, 147
Trd, 2591798.379, 150
Trd, 2591798.763, 150
Trd, 2591800.196, 150
Trd, 2591800.229, 150
Trd, 2591800.579, 150
Trd, 2591800.713, 150
Trd, 2591800.829, 150
Trd, 2591800.963, 150
Trd, 2591801.079, 150
Trd, 2591801.096, 150
Trd, 2591801.146, 150
Trd, 2591801.546, 150
Trd, 2591802.379, 150
Trd, 2591802.396, 150
Trd, 2591802.963, 150
Trd, 2591803.196, 149
Trd, 2591803.263, 148
Trd, 2591803.546, 150
Trd, 2591803.996, 133
Trd, 2591804.263, 118
Trd, 2591804.846, 144
Trd, 2591805.179, 107
Trd, 2591805.446, 115
Trd, 2591805.529, 116
Trd, 2591806.429, 100
Trd, 2591807.629, 150
Trd, 2591807.696, 150
Trd, 2591807.796, 150
Trd, 2591808.379, 150
Trd, 2591808.913, 150
Trd, 2591809.546, 150
Trd, 2591809.596, 150
Trd, 2591810.246, 150
Trd, 2591810.729, 150
Trd, 2591811.313, 150
Trd, 2591811.329, 149
Trd, 2591811.696, 150
Trd, 2591812.063, 150
Trd, 2591813.313, 150
Trd, 2591813.713, 150
Trd, 2591813.796, 150
Trd, 2591813.813, 150
Trd, 2591814.029, 150
Trd, 2591814.196, 150
Trd, 2591814.463, 150
Trd, 2591814.529, 150
Trd, 2591814.946, 150
Trd, 2591817.146, 150
Trd, 2591817.379, 150
Trd, 2591817.746, 150
Trd, 2591818.029, 150
Trd, 2591818.279, 150
Trd, 2591818.613, 150
Trd, 2591818.713, 150
Trd, 2591818.829, 150
Trd, 2591819.046, 150
Trd, 2591819.596, 150
Trd, 2591819.663, 150
Trd, 2591820.346, 150
Trd, 2591820.479, 149
Trd, 2591820.579, 148
Trd, 2591821.829, 100
Trd, 2591822.263, 100
Trd, 2591822.429, 100
Trd, 2591822.863, 100
Trd, 2591823.129, 100
Trd, 2591823.613, 100
Trd, 2591824.013, 100
Trd, 2591824.046, 100
Trd, 2591824.163, 100
Trd, 2591824.396, 103
Trd, 2591824.596, 104
Trd, 2591824.679, 103
Trd, 2591825.429, 103
Trd, 2591825.646, 109
Trd, 2591825.763, 104
Trd, 2591825.896, 100
Trd, 2591826.146, 100
Trd, 2591826.329, 134
Trd, 2591827.079, 104
Trd, 2591827.629, 150
Trd, 2591827.663, 150
Trd, 2591828.046, 150
Trd, 2591828.196, 150
Trd, 2591828.496, 150
Trd, 2591828.529, 150
Trd, 2591829.279, 129
Trd, 2591829.379, 128
Trd, 2591829.713, 128
Trd, 2591829.846, 129
Trd, 2591829.963, 138
Trd, 2591830.413, 128
Trd, 2591830.796, 127
Trd, 2591831.146, 149
Trd, 2591831.263, 115
Trd, 2591833.096, 150
Trd, 2591833.796, 150
Trd, 2591834.996, 150
Trd, 2591835.029, 150
Trd, 2591835.479, 150
Trd, 2591835.529, 150
Trd, 2591835.929, 150
Trd, 2591836.529, 150
Trd, 2591836.596, 150
Trd, 2591836.979, 150
Trd, 2591837.046, 150
Trd, 2591837.763, 150
Trd, 2591838.413, 150
Trd, 2591838.479, 150
Trd, 2591838.679, 150
Trd, 2591839.129, 149
Trd, 2591839.363, 150
Trd, 2591839.596, 150
Trd, 2591839.813, 150
Trd, 2591840.129, 150
Trd, 2591840.196, 150
Trd, 2591840.229, 149
Trd, 2591840.246, 149
Trd, 2591840.629, 148
Trd, 2591840.663, 115
Trd, 2591841.213, 136
Trd, 2591842.096, 146
Trd, 2591842.179, 109
Trd, 2591842.629, 132
Trd, 2591842.646, 147
Trd, 2591842.796, 103
Trd, 2591843.246, 100
Trd, 2591844.763, 149
Trd, 2591845.063, 149
Trd, 2591846.113, 149
Trd, 2591846.579, 150
Trd, 2591846.979, 150
Trd, 2591847.246, 150
Trd, 2591847.313, 150
Trd, 2591847.613, 150
Trd, 2591847.713, 149
Trd, 2591849.563, 150
Trd, 2591850.379, 150
Trd, 2591850.696, 150
Trd, 2591850.763, 148
Trd, 2591850.929, 142
Trd, 2591851.096, 147
Trd, 2591851.313, 142
Trd, 2591851.379, 149
Trd, 2591852.429, 148
Trd, 2591852.646, 135
Trd, 2591853.329, 136
Trd, 2591853.663, 150
Trd, 2591853.913, 150
Trd, 2591853.963, 150
Trd, 2591854.196, 138
Trd, 2591854.996, 150
Trd, 2591855.096, 140
Trd, 2591855.279, 142
Trd, 2591855.296, 138
Trd, 2591855.579, 137
Trd, 2591856.379, 139
Trd, 2591857.379, 144
Trd, 2591857.446, 149
Trd, 2591857.996, 144
Trd, 2591858.096, 144
Trd, 2591858.563, 143
Trd, 2591858.746, 141
Trd, 2591859.129, 149
Trd, 2591859.729, 148
Trd, 2591860.163, 139
Trd, 2591860.246, 137
Trd, 2591860.363, 129
Trd, 2591860.463, 124
Trd, 2591860.596, 147
Trd, 2591861.046, 148
Trd, 2591861.113, 125
Trd, 2591861.196, 148
Trd, 2591861.229, 112
Trd, 2591861.829, 150
Trd, 2591864.229, 150
Trd, 2591864.396, 150
Trd, 2591865.779, 150
Trd, 2591866.663, 150
Trd, 2591867.246, 150
Trd, 2591867.746, 150
Trd, 2591867.779, 150
Trd, 2591868.629, 150
Trd, 2591868.646, 150
Trd, 2591868.729, 150
Trd, 2591868.746, 150
Trd, 2591869.029, 150
Trd, 2591869.196, 149
Trd, 2591869.829, 148
Trd, 2591870.313, 142
Trd, 2591870.763, 136
Trd, 2591871.013, 136
Trd, 2591871.029, 135
Trd, 2591871.096, 141
Trd, 2591871.179, 123
Trd, 2591871.196, 112
Trd, 2591871.413, 122
Trd, 2591872.796, 100
Trd, 2591873.529, 100
Trd, 2591873.579, 100
Trd, 2591873.646, 100
Trd, 2591873.913, 102
Trd, 2591874.213, 102
Trd, 2591874.729, 107
Trd, 2591874.813, 107
Trd, 2591874.846, 105
Trd, 2591875.129, 106
Trd, 2591876.263, 150
Trd, 2591876.679, 150
Trd, 2591876.696, 150
Trd, 2591876.996, 150
Trd, 2591877.363, 150
Trd, 2591877.713, 150
Trd, 2591877.913, 149
Trd, 2591878.046, 134
Trd, 2591879.096, 106
Trd, 2591879.613, 100
Trd, 2591879.796, 100
Trd, 2591879.846, 107
Trd, 2591880.829, 101
Trd, 2591881.579, 100
Trd, 2591882.129, 101
Trd, 2591882.179, 101
Trd, 2591882.413, 103
Trd, 2591882.646, 108
Trd, 2591882.863, 117
Trd, 2591882.913, 118
Trd, 2591883.429, 108
Trd, 2591883.696, 150
Trd, 2591884.146, 150
Trd, 2591884.196, 150
Trd, 2591884.313, 150
Trd, 2591884.779, 150
Trd, 2591886.863, 150
Trd, 2591887.246, 150
Trd, 2591887.296, 150
Trd, 2591887.896, 150
Trd, 2591888.079, 150
Trd, 2591888.179, 150
Trd, 2591888.646, 150
Trd, 2591888.813, 150
Trd, 2591889.029, 150
Trd, 2591889.096, 149
Trd, 2591889.346, 149
Trd, 2591889.596, 150
Trd, 2591890.563, 150
Trd, 2591890.913, 148
Trd, 2591890.946, 131
Trd, 2591891.246, 150
Trd, 2591892.029, 150
Trd, 2591892.313, 150
Trd, 2591892.413, 150
Trd, 2591892.829, 114
Trd, 2591893.746, 116
Trd, 2591893.929, 149
Trd, 2591894.146, 115
Trd, 2591894.396, 149
Trd, 2591895.196, 145
Trd, 2591895.463, 145
Trd, 2591895.613, 146
Trd, 2591895.896, 148
Trd, 2591896.079, 148
Trd, 2591896.196, 144
Trd, 2591896.579, 142
Trd, 2591896.863, 148
Trd, 2591897.163, 145
Trd, 2591897.396, 149
Trd, 2591898.296, 145
Trd, 2591898.546, 143
Trd, 2591898.713, 144
Trd, 2591899.463, 145
Trd, 2591899.613, 131
Trd, 2591901.163, 150
Trd, 2591901.229, 150
Trd, 2591901.296, 135
Trd, 2591901.463, 150
Trd, 2591901.813, 137
Trd, 2591901.913, 136
Trd, 2591902.496, 136
Trd, 2591902.563, 135
Trd, 2591902.813, 145
Trd, 2591904.313, 150
Trd, 2591904.579, 150
Trd, 2591904.829, 150
Trd, 2591905.096, 150
Trd, 2591905.529, 150
Trd, 2591905.929, 150
Trd, 2591907.179, 150
Trd, 2591907.313, 150
Trd, 2591907.779, 150
Trd, 2591907.879, 150
Trd, 2591908.179, 150
Trd, 2591908.229, 150
Trd, 2591909.779, 142
Trd, 2591909.829, 136
Trd, 2591910.763, 137
Trd, 2591910.879, 136
Trd, 2591910.963, 136
Trd, 2591911.063, 139
Trd, 2591911.196, 141
Trd, 2591911.613, 149
Trd, 2591912.213, 137
Trd, 2591912.863, 150
Trd, 2591913.229, 135
Trd, 2591913.563, 106
Trd, 2591913.696, 107
Trd, 2591913.729, 108
Trd, 2591913.979, 107
Trd, 2591914.396, 149
Trd, 2591914.763, 150
Trd, 2591914.979, 133
Trd, 2591915.079, 132
Trd, 2591915.829, 147
Trd, 2591916.446, 100
Trd, 2591916.679, 101
Trd, 2591916.779, 112
Trd, 2591917.463, 142
Trd, 2591917.929, 150
Trd, 2591918.063, 147
Trd, 2591918.163, 146
Trd, 2591918.979, 150
Trd, 2591920.629, 150
Trd, 2591921.113, 150
Trd, 2591921.213, 150
Trd, 2591921.296, 150
Trd, 2591921.446, 150
Trd, 2591921.813, 148
Trd, 2591922.396, 147
Trd, 2591922.729, 150
Trd, 2591922.746, 150
Trd, 2591922.796, 150
Trd, 2591922.929, 150
Trd, 2591923.696, 150
Trd, 2591924.063, 144
Trd, 2591924.196, 143
Trd, 2591924.479, 145
Trd, 2591924.513, 122
Trd, 2591924.846, 100
Trd, 2591926.313, 100
Trd, 2591926.413, 104
Trd, 2591926.513, 105
Trd, 2591926.829, 100
Trd, 2591928.663, 150
Trd, 2591928.696, 150
Trd, 2591929.513, 150
Trd, 2591930.496, 150
Trd, 2591930.946, 150
Trd, 2591931.113, 150
Trd, 2591931.129, 150
Trd, 2591931.163, 150
Trd, 2591931.229, 150
Trd, 2591931.396, 150
Trd, 2591931.496, 150
Trd, 2591931.663, 150
Trd, 2591932.496, 150
Trd, 2591932.679, 150
Trd, 2591932.963, 150
Trd, 2591932.979, 150
Trd, 2591933.479, 150
Trd, 2591933.779, 150
Trd, 2591933.796, 150
Trd, 2591933.813, 146
Trd, 2591934.079, 139
Trd, 2591934.496, 122
Trd, 2591934.596, 121
Trd, 2591935.329, 110
Trd, 2591935.496, 103
Trd, 2591936.579, 148
Trd, 2591936.896, 102
Trd, 2591937.063, 104
Trd, 2591937.513, 144
Trd, 2591938.596, 104
Trd, 2591938.879, 148
Trd, 2591939.113, 149
Trd, 2591940.379, 150
Trd, 2591940.663, 150
Trd, 2591941.646, 150
Trd, 2591941.713, 150
Trd, 2591942.346, 150
Trd, 2591942.879, 150
Trd, 2591943.963, 150
Trd, 2591944.063, 150
Trd, 2591944.229, 150
Trd, 2591944.296, 150
Trd, 2591944.413, 150
Trd, 2591944.513, 150
Trd, 2591944.946, 150
Trd, 2591945.879, 150
Trd, 2591945.946, 150
Trd, 2591945.996, 150
Trd, 2591946.313, 150
Trd, 2591946.529, 149
Trd, 2591946.579, 149
Trd, 2591947.246, 150
Trd, 2591947.429, 150
Trd, 2591947.513, 150
Trd, 2591947.763, 150
Trd, 2591948.413, 150
Trd, 2591948.496, 150
Trd, 2591948.696, 150
Trd, 2591950.313, 150
Trd, 2591950.363, 150
Trd, 2591951.346, 150
Trd, 2591951.713, 150
Trd, 2591951.729, 150
Trd, 2591951.996, 150
Trd, 2591953.046, 150
Trd, 2591953.079, 150
Trd, 2591953.279, 150
Trd, 2591953.446, 150
Trd, 2591953.696, 150
Trd, 2591953.913, 150
Trd, 2591954.029, 150
Trd, 2591954.079, 149
Trd, 2591954.446, 148
Trd, 2591956.079, 150
Trd, 2591956.313, 150
Trd, 2591956.596, 150
Trd, 2591957.479, 150
Trd, 2591957.663, 149
Trd, 2591958.346, 150
Trd, 2591958.496, 150
Trd, 2591958.713, 147
Trd, 2591958.979, 150
Trd, 2591959.013, 147
Trd, 2591959.379, 150
Trd, 2591960.613, 150
Trd, 2591961.713, 150
Trd, 2591962.046, 150
Trd, 2591962.246, 150
Trd, 2591962.363, 150
Trd, 2591962.863, 150
Trd, 2591963.663, 150
Trd, 2591964.263, 149
Trd, 2591964.346, 149
Trd, 2591964.746, 150
Trd, 2591964.996, 149
Trd, 2591965.296, 149
Trd, 2591965.313, 150
Trd, 2591965.913, 150
Trd, 2591966.096, 134
Trd, 2591967.263, 111
Trd, 2591967.529, 129
Trd, 2591967.696, 130
Trd, 2591967.879, 149
Trd, 2591968.313, 129
Trd, 2591969.046, 145
Trd, 2591969.063, 147
Trd, 2591970.279, 137
Trd, 2591970.429, 116
Trd, 2591971.229, 143
Trd, 2591971.713, 150
Trd, 2591971.746, 148
Trd, 2591972.196, 150
Trd, 2591972.446, 150
Trd, 2591972.729, 150
Trd, 2591972.996, 150
Trd, 2591974.129, 150
Trd, 2591974.313, 150
Trd, 2591974.463, 150
Trd, 2591974.713, 150
Trd, 2591974.746, 150
Trd, 2591975.229, 150
Trd, 2591975.313, 149
Trd, 2591975.329, 139
Trd, 2591975.496, 134
Trd, 2591976.929, 102
Trd, 2591977.129, 119
Trd, 2591977.779, 101
Trd, 2591978.346, 109
Trd, 2591978.913, 107
Trd, 2591979.396, 100
Trd, 2591979.929, 100
Trd, 2591980.779, 100
Trd, 2591981.063, 100
Trd, 2591981.146, 100
Trd, 2591981.346, 100
Trd, 2591981.363, 100
Trd, 2591981.513, 102
Trd, 2591981.996, 102
Trd, 2591982.163, 103
Trd, 2591982.829, 106
Trd, 2591983.446, 108
Trd, 2591983.579, 108
Trd, 2591983.613, 109
Trd, 2591983.963, 150
Trd, 2591984.046, 150
Trd, 2591984.763, 150
Trd, 2591985.363, 150
Trd, 2591985.496, 150
Trd, 2591985.629, 150
Trd, 2591986.513, 150
Trd, 2591986.779, 150
Trd, 2591987.246, 150
Trd, 2591987.413, 150
Trd, 2591987.779, 150
Trd, 2591988.096, 150
Trd, 2591988.229, 150
Trd, 2591989.446, 150
Trd, 2591989.713, 150
Trd, 2591989.913, 150
Trd, 2591990.063, 150
Trd, 2591990.546, 150
Trd, 2591990.729, 150
Trd, 2591991.379, 150
Trd, 2591991.529, 150
Trd, 2591991.913, 150
Trd, 2591991.963, 150
Trd, 2591992.129, 150
Trd, 2591992.179, 149
Trd, 2591992.613, 150
Trd, 2591992.963, 150
Trd, 2591994.029, 149
Trd, 2591994.329, 149
Trd, 2591996.029, 150
Trd, 2591996.079, 150
Trd, 2591996.196, 150
Trd, 2591996.296, 146
Trd, 2591997.563, 150
Trd, 2591997.796, 150
Trd, 2591998.596, 150
Trd, 2591999.713, 150
Trd, 2591999.796, 150
Trd, 2591999.813, 150
Trd, 2591999.896, 150
Trd, 2591999.996, 150
