Trd, 2590644.746, 111
Trd, 2590645.129, 105
Trd, 2590645.896, 98
Trd, 2590646.329, 89
Trd, 2590646.363, 110
Trd, 2590646.729, 97
Trd, 2590647.779, 108
Trd, 2590648.663, 109
Trd, 2590649.779, 114
Trd, 2590650.663, 103
Trd, 2590650.946, 101
Trd, 2590651.729, 106
Trd, 2590653.729, 114
Trd, 2590654.296, 119
Trd, 2590654.596, 109
Trd, 2590655.513, 111
Trd, 2590655.846, 105
Trd, 2590656.429, 107
Trd, 2590656.546, 103
Trd, 2590656.613, 99
Trd, 2590658.013, 92
Trd, 2590658.646, 96
Trd, 2590661.513, 104
Trd, 2590661.763, 112
Trd, 2590662.479, 95
Trd, 2590663.213, 99
Trd, 2590665.013, 95
Trd, 2590665.279, 103
Trd, 2590666.396, 109
Trd, 2590666.646, 100
Trd, 2590667.029, 97
Trd, 2590667.996, 112
Trd, 2590668.246, 122
Trd, 2590669.729, 99
Trd, 2590670.046, 89
Trd, 2590671.746, 97
Trd, 2590673.863, 105
Trd, 2590674.746, 97
Trd, 2590675.146, 95
Trd, 2590676.163, 89
Trd, 2590676.179, 85
Trd, 2590676.296, 85
Trd, 2590677.313, 110
Trd, 2590678.096, 115
Trd, 2590678.113, 98
Trd, 2590679.429, 111
Trd, 2590679.646, 99
Trd, 2590680.829, 113
Trd, 2590680.929, 102
Trd, 2590681.863, 104
Trd, 2590682.063, 105
Trd, 2590682.813, 104
Trd, 2590682.829, 111
Trd, 2590683.429, 98
Trd, 2590683.513, 89
Trd, 2590684.063, 111
Trd, 2590686.896, 102
Trd, 2590687.146, 96
Trd, 2590688.579, 94
Trd, 2590688.596, 91
Trd, 2590688.629, 91
Trd, 2590688.713, 89
Trd, 2590689.096, 88
Trd, 2590689.446, 92
Trd, 2590690.696, 92
Trd, 2590691.413, 108
Trd, 2590691.546, 118
Trd, 2590693.046, 103
Trd, 2590693.263, 96
Trd, 2590693.746, 93
Trd, 2590694.513, 109
Trd, 2590695.213, 103
Trd, 2590695.929, 98
Trd, 2590696.146, 86
Trd, 2590696.696, 117
Trd, 2590698.229, 110
Trd, 2590698.829, 125
Trd, 2590700.346, 130
Trd, 2590700.513, 122
Trd, 2590700.796, 132
Trd, 2590700.946, 110
Trd, 2590702.663, 111
Trd, 2590703.163, 102
Trd, 2590703.546, 100
Trd, 2590705.179, 96
Trd, 2590705.446, 101
Trd, 2590705.613, 113
Trd, 2590706.363, 97
Trd, 2590707.163, 95
Trd, 2590707.446, 92
Trd, 2590709.596, 89
Trd, 2590710.346, 87
Trd, 2590711.029, 85
Trd, 2590711.863, 83
Trd, 2590713.396, 87
Trd, 2590713.746, 82
Trd, 2590714.013, 98
Trd, 2590715.046, 98
Trd, 2590715.179, 97
Trd, 2590716.013, 87
Trd, 2590716.563, 101
Trd, 2590718.329, 109
Trd, 2590718.896, 89
Trd, 2590719.463, 101
Trd, 2590719.746, 88
Trd, 2590720.463, 91
Trd, 2590721.879, 98
Trd, 2590722.063, 93
Trd, 2590722.913, 91
Trd, 2590724.296, 99
Trd, 2590724.579, 95
Trd, 2590725.546, 89
Trd, 2590725.729, 115
Trd, 2590726.813, 121
Trd, 2590726.979, 108
Trd, 2590728.596, 114
Trd, 2590728.846, 103
Trd, 2590731.129, 94
Trd, 2590731.146, 91
Trd, 2590731.496, 90
Trd, 2590733.263, 121
Trd, 2590733.279, 89
Trd, 2590733.396, 122
Trd, 2590734.413, 113
Trd, 2590734.529, 111
Trd, 2590734.896, 99
Trd, 2590735.229, 111
Trd, 2590736.329, 99
Trd, 2590736.929, 105
Trd, 2590737.946, 103
Trd, 2590740.179, 102
Trd, 2590741.196, 95
Trd, 2590741.363, 105
Trd, 2590741.846, 103
Trd, 2590742.063, 103
Trd, 2590742.629, 97
Trd, 2590742.996, 123
Trd, 2590744.063, 89
Trd, 2590744.129, 89
Trd, 2590745.179, 96
Trd, 2590745.229, 114
Trd, 2590745.596, 96
Trd, 2590745.913, 105
Trd, 2590746.163, 110
Trd, 2590746.513, 98
Trd, 2590747.146, 102
Trd, 2590747.396, 88
Trd, 2590748.413, 85
Trd, 2590748.613, 83
Trd, 2590749.979, 99
Trd, 2590751.946, 96
Trd, 2590751.996, 105
Trd, 2590752.946, 115
Trd, 2590754.113, 103
Trd, 2590755.663, 101
Trd, 2590756.396, 100
Trd, 2590757.613, 101
Trd, 2590758.696, 104
Trd, 2590759.029, 99
Trd, 2590759.579, 98
Trd, 2590759.863, 109
Trd, 2590761.813, 104
Trd, 2590762.279, 104
Trd, 2590762.996, 98
Trd, 2590763.563, 95
Trd, 2590764.096, 89
Trd, 2590764.429, 103
Trd, 2590764.879, 95
Trd, 2590766.079, 107
Trd, 2590766.846, 115
Trd, 2590769.763, 105
Trd, 2590770.013, 95
Trd, 2590770.496, 93
Trd, 2590770.596, 97
Trd, 2590771.179, 104
Trd, 2590771.563, 95
Trd, 2590772.663, 114
Trd, 2590773.513, 91
Trd, 2590775.763, 106
Trd, 2590776.529, 99
Trd, 2590776.596, 119
Trd, 2590778.563, 89
Trd, 2590778.696, 101
Trd, 2590779.563, 106
Trd, 2590779.579, 108
Trd, 2590779.846, 93
Trd, 2590779.979, 97
Trd, 2590782.579, 109
Trd, 2590782.996, 109
Trd, 2590783.013, 108
Trd, 2590783.363, 92
Trd, 2590783.579, 111
Trd, 2590784.429, 119
Trd, 2590784.846, 104
Trd, 2590785.063, 89
Trd, 2590785.279, 83
Trd, 2590786.746, 95
Trd, 2590787.846, 78
Trd, 2590790.896, 111
Trd, 2590791.229, 111
Trd, 2590791.613, 96
Trd, 2590792.363, 116
Trd, 2590792.496, 95
Trd, 2590793.996, 120
Trd, 2590794.546, 104
Trd, 2590794.563, 95
Trd, 2590794.913, 94
Trd, 2590795.196, 112
Trd, 2590795.846, 127
Trd, 2590796.513, 103
Trd, 2590797.046, 110
Trd, 2590797.279, 100
Trd, 2590798.779, 102
Trd, 2590801.829, 96
Trd, 2590802.196, 92
Trd, 2590802.429, 90
Trd, 2590802.763, 105
Trd, 2590805.463, 106
Trd, 2590806.063, 88
Trd, 2590806.546, 108
Trd, 2590807.279, 105
Trd, 2590807.879, 85
Trd, 2590808.396, 86
Trd, 2590810.696, 98
Trd, 2590810.946, 97
Trd, 2590811.329, 97
Trd, 2590812.229, 111
Trd, 2590812.296, 97
Trd, 2590813.179, 98
Trd, 2590814.429, 94
Trd, 2590815.246, 109
Trd, 2590815.596, 109
Trd, 2590815.879, 89
Trd, 2590815.963, 89
Trd, 2590816.529, 95
Trd, 2590817.529, 103
Trd, 2590818.163, 88
Trd, 2590819.429, 93
Trd, 2590819.563, 94
Trd, 2590820.513, 110
Trd, 2590820.896, 88
Trd, 2590821.613, 97
Trd, 2590821.696, 90
Trd, 2590822.779, 96
Trd, 2590825.913, 89
Trd, 2590826.029, 108
Trd, 2590826.629, 98
Trd, 2590826.996, 112
Trd, 2590827.479, 119
Trd, 2590828.179, 96
Trd, 2590829.063, 119
Trd, 2590829.279, 116
Trd, 2590830.046, 103
Trd, 2590830.579, 89
Trd, 2590830.813, 88
Trd, 2590831.963, 106
Trd, 2590832.913, 113
Trd, 2590834.079, 102
Trd, 2590834.679, 102
Trd, 2590835.296, 101
Trd, 2590835.996, 89
Trd, 2590837.413, 101
Trd, 2590837.546, 112
Trd, 2590837.946, 105
Trd, 2590838.146, 94
Trd, 2590838.729, 92
Trd, 2590839.613, 92
Trd, 2590839.929, 117
Trd, 2590840.313, 88
Trd, 2590840.546, 118
Trd, 2590840.996, 86
Trd, 2590841.979, 85
Trd, 2590844.279, 98
Trd, 2590844.896, 98
Trd, 2590846.196, 80
Trd, 2590846.996, 85
Trd, 2590847.213, 84
Trd, 2590847.429, 81
Trd, 2590848.813, 78
Trd, 2590849.779, 100
Trd, 2590850.379, 103
Trd, 2590850.429, 101
Trd, 2590851.429, 101
Trd, 2590851.446, 100
Trd, 2590851.546, 89
Trd, 2590851.579, 105
Trd, 2590851.979, 89
Trd, 2590854.363, 90
Trd, 2590854.429, 89
Trd, 2590856.179, 93
Trd, 2590856.346, 98
Trd, 2590856.563, 85
Trd, 2590856.596, 82
Trd, 2590856.696, 111
Trd, 2590857.463, 108
Trd, 2590859.846, 94
Trd, 2590859.913, 108
Trd, 2590861.679, 81
Trd, 2590863.563, 93
Trd, 2590863.779, 83
Trd, 2590864.279, 108
Trd, 2590864.696, 102
Trd, 2590865.846, 98
Trd, 2590867.496, 104
Trd, 2590867.713, 101
Trd, 2590867.896, 106
Trd, 2590868.763, 96
Trd, 2590869.029, 94
Trd, 2590869.296, 90
Trd, 2590870.246, 98
Trd, 2590871.163, 115
Trd, 2590871.246, 117
Trd, 2590871.563, 97
Trd, 2590871.846, 108
Trd, 2590872.279, 89
Trd, 2590872.746, 95
Trd, 2590873.896, 101
Trd, 2590875.196, 105
Trd, 2590875.513, 89
Trd, 2590875.729, 86
Trd, 2590876.796, 109
Trd, 2590877.713, 97
Trd, 2590878.196, 92
Trd, 2590878.446, 105
Trd, 2590878.596, 111
Trd, 2590880.446, 119
Trd, 2590882.229, 122
Trd, 2590882.279, 120
Trd, 2590882.829, 117
Trd, 2590883.363, 127
Trd, 2590883.563, 115
Trd, 2590883.663, 98
Trd, 2590885.263, 130
Trd, 2590886.279, 91
Trd, 2590886.646, 107
Trd, 2590888.179, 94
Trd, 2590889.046, 86
Trd, 2590889.796, 109
Trd, 2590890.463, 93
Trd, 2590890.646, 96
Trd, 2590890.846, 90
Trd, 2590891.196, 89
Trd, 2590891.529, 87
Trd, 2590891.696, 86
Trd, 2590893.079, 94
Trd, 2590893.213, 84
Trd, 2590893.329, 81
Trd, 2590893.679, 80
Trd, 2590894.713, 103
Trd, 2590894.979, 108
Trd, 2590895.913, 91
Trd, 2590895.946, 103
Trd, 2590897.963, 106
Trd, 2590899.829, 103
Trd, 2590900.029, 106
Trd, 2590900.446, 116
Trd, 2590901.396, 100
Trd, 2590902.163, 99
Trd, 2590902.263, 96
Trd, 2590902.429, 88
Trd, 2590902.879, 85
Trd, 2590902.913, 105
Trd, 2590903.013, 82
Trd, 2590904.396, 113
Trd, 2590904.963, 103
Trd, 2590905.179, 89
Trd, 2590905.229, 108
Trd, 2590906.279, 105
Trd, 2590907.579, 92
Trd, 2590908.496, 88
Trd, 2590909.079, 107
Trd, 2590909.713, 87
Trd, 2590913.163, 91
Trd, 2590913.263, 107
Trd, 2590913.746, 84
Trd, 2590913.863, 83
Trd, 2590916.829, 99
Trd, 2590918.613, 89
Trd, 2590919.129, 90
Trd, 2590920.713, 101
Trd, 2590920.763, 85
Trd, 2590921.729, 105
Trd, 2590922.729, 107
Trd, 2590923.013, 103
Trd, 2590923.029, 108
Trd, 2590923.446, 114
Trd, 2590924.213, 95
Trd, 2590925.746, 121
Trd, 2590925.979, 111
Trd, 2590926.479, 102
Trd, 2590926.763, 96
Trd, 2590928.096, 95
Trd, 2590928.146, 94
Trd, 2590928.196, 89
Trd, 2590929.946, 105
Trd, 2590930.146, 101
Trd, 2590930.546, 100
Trd, 2590931.263, 85
Trd, 2590931.879, 93
Trd, 2590932.213, 79
Trd, 2590932.429, 106
Trd, 2590933.413, 89
Trd, 2590933.713, 81
Trd, 2590935.079, 102
Trd, 2590936.146, 111
Trd, 2590936.263, 99
Trd, 2590936.896, 113
Trd, 2590937.496, 112
Trd, 2590937.746, 119
Trd, 2590937.796, 90
Trd, 2590939.496, 91
Trd, 2590939.746, 110
Trd, 2590941.379, 96
Trd, 2590941.596, 90
Trd, 2590942.246, 109
Trd, 2590943.196, 88
Trd, 2590943.213, 109
Trd, 2590945.463, 107
Trd, 2590946.563, 85
Trd, 2590947.179, 87
Trd, 2590947.896, 110
Trd, 2590948.463, 96
Trd, 2590948.496, 95
Trd, 2590950.579, 99
Trd, 2590951.296, 111
Trd, 2590951.896, 88
Trd, 2590951.929, 86
Trd, 2590952.996, 111
Trd, 2590953.179, 100
Trd, 2590953.379, 80
Trd, 2590954.346, 105
Trd, 2590956.229, 98
Trd, 2590957.463, 99
Trd, 2590959.679, 101
Trd, 2590959.713, 110
Trd, 2590959.813, 97
Trd, 2590960.863, 98
Trd, 2590961.279, 117
Trd, 2590961.629, 95
Trd, 2590961.946, 109
Trd, 2590962.179, 95
Trd, 2590964.229, 90
Trd, 2590964.413, 88
Trd, 2590964.479, 88
Trd, 2590964.579, 101
Trd, 2590965.029, 104
Trd, 2590967.396, 106
Trd, 2590967.979, 113
Trd, 2590968.296, 101
Trd, 2590968.546, 98
Trd, 2590969.713, 96
Trd, 2590970.746, 94
Trd, 2590971.713, 89
Trd, 2590971.996, 122
Trd, 2590972.163, 128
Trd, 2590972.229, 89
Trd, 2590973.279, 118
Trd, 2590974.529, 88
Trd, 2590976.079, 102
Trd, 2590977.596, 102
Trd, 2590977.963, 102
Trd, 2590978.796, 104
Trd, 2590979.196, 103
Trd, 2590979.446, 99
Trd, 2590980.496, 111
Trd, 2590980.596, 105
Trd, 2590980.863, 120
Trd, 2590981.196, 108
Trd, 2590981.246, 101
Trd, 2590982.996, 96
Trd, 2590984.646, 112
Trd, 2590987.013, 110
Trd, 2590988.313, 102
Trd, 2590988.513, 104
Trd, 2590988.729, 102
Trd, 2590989.513, 97
Trd, 2590989.713, 107
Trd, 2590989.846, 110
Trd, 2590989.996, 107
Trd, 2590990.729, 104
Trd, 2590991.713, 106
Trd, 2590993.029, 102
Trd, 2590993.829, 87
Trd, 2590994.263, 105
Trd, 2590994.663, 89
Trd, 2590995.479, 105
Trd, 2590996.479, 109
Trd, 2590997.079, 86
Trd, 2590997.796, 112
Trd, 2590998.179, 116
Trd, 2590998.746, 103
Trd, 2590999.146, 94
Trd, 2590999.513, 105
Trd, 2591000.896, 105
Trd, 2591001.196, 94
Trd, 2591001.329, 92
Trd, 2591003.063, 87
Trd, 2591004.063, 86
Trd, 2591004.079, 113
Trd, 2591004.829, 84
Trd, 2591005.463, 106
Trd, 2591006.813, 95
Trd, 2591007.529, 93
Trd, 2591007.779, 110
Trd, 2591008.796, 105
Trd, 2591009.846, 98
Trd, 2591009.996, 96
Trd, 2591010.346, 105
Trd, 2591010.846, 94
Trd, 2591013.013, 92
Trd, 2591014.046, 105
Trd, 2591014.229, 118
Trd, 2591017.029, 91
Trd, 2591017.513, 93
Trd, 2591019.496, 88
Trd, 2591019.629, 90
Trd, 2591020.396, 88
Trd, 2591020.846, 87
Trd, 2591021.063, 90
Trd, 2591021.079, 98
Trd, 2591021.913, 93
Trd, 2591023.313, 104
Trd, 2591025.163, 103
Trd, 2591025.863, 97
Trd, 2591025.996, 96
Trd, 2591026.179, 102
Trd, 2591026.546, 89
Trd, 2591027.329, 109
Trd, 2591029.063, 90
Trd, 2591029.413, 86
Trd, 2591029.629, 84
Trd, 2591029.746, 115
Trd, 2591030.996, 93
Trd, 2591031.279, 101
Trd, 2591032.179, 106
Trd, 2591033.213, 88
Trd, 2591033.229, 87
Trd, 2591034.613, 86
Trd, 2591034.979, 90
Trd, 2591036.013, 118
Trd, 2591036.829, 113
Trd, 2591037.696, 87
Trd, 2591038.446, 101
Trd, 2591038.979, 103
Trd, 2591039.529, 101
Trd, 2591040.479, 97
Trd, 2591040.763, 91
Trd, 2591041.629, 88
Trd, 2591041.829, 88
Trd, 2591042.479, 106
Trd, 2591042.963, 112
Trd, 2591043.013, 109
Trd, 2591043.096, 109
Trd, 2591043.979, 102
Trd, 2591044.213, 98
Trd, 2591044.546, 84
Trd, 2591045.596, 97
Trd, 2591046.146, 103
Trd, 2591047.979, 95
Trd, 2591049.246, 119
Trd, 2591049.529, 93
Trd, 2591049.596, 94
Trd, 2591050.529, 119
Trd, 2591052.213, 109
Trd, 2591052.979, 108
Trd, 2591052.996, 89
Trd, 2591055.679, 98
Trd, 2591056.146, 96
Trd, 2591056.279, 95
Trd, 2591056.296, 106
Trd, 2591056.646, 89
Trd, 2591058.179, 91
Trd, 2591058.313, 81
Trd, 2591059.346, 108
Trd, 2591059.863, 76
Trd, 2591060.663, 75
Trd, 2591061.113, 83
Trd, 2591061.146, 101
Trd, 2591062.279, 101
Trd, 2591062.529, 100
Trd, 2591062.913, 92
Trd, 2591063.379, 97
Trd, 2591063.529, 100
Trd, 2591064.746, 109
Trd, 2591065.629, 111
Trd, 2591065.813, 83
Trd, 2591065.829, 81
Trd, 2591066.729, 78
Trd, 2591067.313, 92
Trd, 2591068.179, 89
Trd, 2591068.846, 86
Trd, 2591070.279, 94
Trd, 2591070.963, 110
Trd, 2591072.779, 90
Trd, 2591073.079, 89
Trd, 2591073.263, 86
Trd, 2591073.429, 85
Trd, 2591073.463, 110
Trd, 2591074.946, 110
Trd, 2591076.463, 108
Trd, 2591077.496, 114
Trd, 2591077.779, 106
Trd, 2591079.763, 110
Trd, 2591079.813, 108
Trd, 2591079.829, 99
Trd, 2591081.096, 109
Trd, 2591081.113, 115
Trd, 2591082.079, 92
Trd, 2591083.779, 94
Trd, 2591083.796, 98
Trd, 2591084.063, 105
Trd, 2591084.413, 86
Trd, 2591085.346, 92
Trd, 2591085.846, 100
Trd, 2591085.929, 101
Trd, 2591087.279, 104
Trd, 2591087.763, 96
Trd, 2591088.346, 101
Trd, 2591090.179, 94
Trd, 2591092.129, 93
Trd, 2591092.829, 92
Trd, 2591093.196, 93
Trd, 2591094.746, 88
Trd, 2591095.379, 110
Trd, 2591095.929, 86
Trd, 2591096.096, 118
Trd, 2591097.829, 111
Trd, 2591098.646, 92
Trd, 2591098.763, 97
Trd, 2591099.379, 84
Trd, 2591099.463, 114
Trd, 2591101.113, 87
Trd, 2591101.629, 104
Trd, 2591101.863, 106
Trd, 2591102.713, 110
Trd, 2591103.829, 101
Trd, 2591104.396, 99
Trd, 2591104.496, 114
Trd, 2591105.146, 89
Trd, 2591105.346, 104
Trd, 2591106.196, 97
Trd, 2591106.496, 111
Trd, 2591107.446, 95
Trd, 2591108.696, 127
Trd, 2591109.446, 105
Trd, 2591109.813, 89
Trd, 2591109.929, 105
Trd, 2591110.913, 96
Trd, 2591111.029, 95
Trd, 2591112.579, 102
Trd, 2591112.813, 89
Trd, 2591114.129, 95
Trd, 2591115.213, 90
Trd, 2591115.263, 89
Trd, 2591115.663, 89
Trd, 2591116.763, 109
Trd, 2591116.946, 114
Trd, 2591116.979, 122
Trd, 2591117.346, 128
Trd, 2591119.113, 90
Trd, 2591119.863, 83
Trd, 2591120.979, 91
Trd, 2591121.329, 83
Trd, 2591122.179, 102
Trd, 2591122.796, 82
Trd, 2591123.546, 89
Trd, 2591123.679, 100
Trd, 2591126.479, 108
Trd, 2591126.679, 121
Trd, 2591128.713, 102
Trd, 2591128.729, 112
Trd, 2591128.946, 99
Trd, 2591129.679, 111
Trd, 2591129.996, 124
Trd, 2591130.596, 104
Trd, 2591131.446, 95
Trd, 2591131.829, 105
Trd, 2591132.013, 98
Trd, 2591134.213, 107
Trd, 2591134.946, 108
Trd, 2591135.913, 90
Trd, 2591135.996, 105
Trd, 2591136.846, 98
Trd, 2591137.813, 88
Trd, 2591137.996, 88
Trd, 2591139.279, 94
Trd, 2591139.979, 91
Trd, 2591140.146, 90
Trd, 2591140.413, 87
Trd, 2591140.696, 87
Trd, 2591141.813, 96
Trd, 2591142.763, 100
Trd, 2591143.763, 92
Trd, 2591144.479, 98
Trd, 2591145.413, 109
Trd, 2591145.929, 114
Trd, 2591147.429, 87
Trd, 2591148.463, 95
Trd, 2591148.929, 98
Trd, 2591149.779, 94
Trd, 2591150.746, 99
Trd, 2591150.779, 97
Trd, 2591151.113, 94
Trd, 2591151.713, 109
Trd, 2591152.663, 91
Trd, 2591152.929, 100
Trd, 2591153.063, 107
Trd, 2591154.263, 112
Trd, 2591155.629, 121
Trd, 2591155.729, 115
Trd, 2591156.729, 104
Trd, 2591157.029, 99
Trd, 2591158.029, 106
Trd, 2591158.513, 99
Trd, 2591158.579, 97
Trd, 2591158.829, 89
Trd, 2591162.596, 87
Trd, 2591162.713, 99
Trd, 2591163.129, 83
Trd, 2591163.846, 97
Trd, 2591164.096, 85
Trd, 2591164.379, 95
Trd, 2591165.546, 105
Trd, 2591169.046, 98
Trd, 2591169.079, 105
Trd, 2591170.113, 97
Trd, 2591170.229, 93
Trd, 2591171.946, 105
Trd, 2591172.113, 104
Trd, 2591172.979, 104
Trd, 2591173.429, 101
Trd, 2591174.913, 100
Trd, 2591175.113, 109
Trd, 2591175.213, 98
Trd, 2591175.579, 97
Trd, 2591175.646, 89
Trd, 2591175.796, 92
Trd, 2591176.263, 99
Trd, 2591177.346, 111
Trd, 2591179.029, 103
Trd, 2591179.063, 103
Trd, 2591181.663, 89
Trd, 2591183.413, 110
Trd, 2591183.629, 87
Trd, 2591183.796, 115
Trd, 2591183.829, 117
Trd, 2591185.063, 117
Trd, 2591185.396, 108
Trd, 2591186.663, 96
Trd, 2591187.496, 95
Trd, 2591188.079, 95
Trd, 2591188.913, 95
Trd, 2591190.163, 98
Trd, 2591190.763, 99
Trd, 2591191.029, 95
Trd, 2591191.329, 105
Trd, 2591192.146, 94
Trd, 2591192.446, 89
Trd, 2591192.463, 101
Trd, 2591192.546, 107
Trd, 2591192.663, 114
Trd, 2591192.729, 89
Trd, 2591193.463, 87
Trd, 2591196.313, 105
Trd, 2591196.346, 103
Trd, 2591196.513, 91
Trd, 2591198.763, 91
Trd, 2591199.196, 87
Trd, 2591200.096, 90
Trd, 2591202.213, 98
Trd, 2591203.296, 106
Trd, 2591204.596, 110
Trd, 2591205.996, 104
Trd, 2591206.529, 121
Trd, 2591207.246, 104
Trd, 2591208.296, 105
Trd, 2591209.146, 97
Trd, 2591209.313, 97
Trd, 2591209.613, 96
Trd, 2591210.346, 93
Trd, 2591210.646, 98
Trd, 2591211.146, 96
Trd, 2591211.329, 88
Trd, 2591212.246, 90
Trd, 2591213.046, 86
Trd, 2591213.179, 100
Trd, 2591213.279, 85
Trd, 2591213.629, 81
Trd, 2591214.096, 90
Trd, 2591214.463, 108
Trd, 2591214.629, 121
Trd, 2591216.913, 118
Trd, 2591217.346, 94
Trd, 2591218.713, 97
Trd, 2591220.079, 100
Trd, 2591220.479, 100
Trd, 2591220.629, 89
Trd, 2591222.379, 99
Trd, 2591222.496, 98
Trd, 2591224.013, 106
Trd, 2591224.296, 108
Trd, 2591224.796, 109
Trd, 2591225.879, 85
Trd, 2591227.896, 87
Trd, 2591229.479, 93
Trd, 2591230.829, 89
Trd, 2591231.246, 87
Trd, 2591231.579, 85
Trd, 2591232.196, 90
Trd, 2591232.463, 94
Trd, 2591232.596, 107
Trd, 2591234.263, 103
Trd, 2591235.363, 101
Trd, 2591235.796, 99
Trd, 2591236.096, 108
Trd, 2591236.429, 109
Trd, 2591238.113, 107
Trd, 2591239.296, 96
Trd, 2591239.996, 89
Trd, 2591240.713, 108
Trd, 2591240.946, 113
Trd, 2591242.479, 111
Trd, 2591242.613, 115
Trd, 2591243.013, 95
Trd, 2591243.413, 88
Trd, 2591244.246, 128
Trd, 2591244.463, 87
Trd, 2591245.179, 122
Trd, 2591245.513, 86
Trd, 2591246.529, 79
Trd, 2591246.829, 115
Trd, 2591248.229, 92
Trd, 2591248.313, 91
Trd, 2591248.346, 89
Trd, 2591248.763, 89
Trd, 2591248.963, 108
Trd, 2591250.646, 101
Trd, 2591251.163, 109
Trd, 2591252.129, 98
Trd, 2591253.696, 113
Trd, 2591254.079, 113
Trd, 2591254.396, 122
Trd, 2591256.563, 105
Trd, 2591257.379, 102
Trd, 2591257.613, 108
Trd, 2591257.996, 113
Trd, 2591259.396, 99
Trd, 2591259.846, 90
Trd, 2591260.596, 88
Trd, 2591260.663, 86
Trd, 2591261.496, 80
Trd, 2591261.846, 84
Trd, 2591261.896, 107
Trd, 2591262.763, 83
Trd, 2591262.863, 91
Trd, 2591263.763, 93
Trd, 2591264.413, 91
Trd, 2591264.979, 106
Trd, 2591265.679, 91
Trd, 2591266.629, 92
Trd, 2591268.946, 108
Trd, 2591269.213, 96
Trd, 2591270.396, 109
Trd, 2591270.863, 110
Trd, 2591271.129, 117
Trd, 2591272.046, 104
Trd, 2591272.296, 115
Trd, 2591272.813, 102
Trd, 2591273.046, 99
Trd, 2591273.146, 122
Trd, 2591274.513, 93
Trd, 2591276.296, 95
Trd, 2591276.513, 96
Trd, 2591276.763, 95
Trd, 2591277.913, 100
Trd, 2591278.179, 117
Trd, 2591278.946, 99
Trd, 2591280.879, 93
Trd, 2591281.046, 89
Trd, 2591281.446, 101
Trd, 2591281.613, 89
Trd, 2591282.096, 109
Trd, 2591282.679, 115
Trd, 2591283.696, 88
Trd, 2591285.846, 104
Trd, 2591287.629, 92
Trd, 2591287.696, 111
Trd, 2591287.863, 91
Trd, 2591289.029, 89
Trd, 2591290.096, 118
Trd, 2591290.896, 111
Trd, 2591291.363, 115
Trd, 2591291.563, 111
Trd, 2591291.829, 110
Trd, 2591292.079, 108
Trd, 2591292.746, 110
Trd, 2591292.929, 121
Trd, 2591293.029, 99
Trd, 2591294.696, 89
Trd, 2591294.879, 100
Trd, 2591296.096, 108
Trd, 2591296.396, 102
Trd, 2591297.313, 116
Trd, 2591298.929, 117
Trd, 2591300.713, 93
Trd, 2591300.946, 91
Trd, 2591302.946, 108
Trd, 2591303.046, 107
Trd, 2591303.179, 94
Trd, 2591304.996, 93
Trd, 2591305.246, 89
Trd, 2591306.163, 119
Trd, 2591307.129, 106
Trd, 2591308.129, 87
Trd, 2591308.479, 102
Trd, 2591308.696, 97
Trd, 2591308.929, 112
Trd, 2591308.963, 93
Trd, 2591309.413, 125
Trd, 2591310.063, 85
Trd, 2591310.096, 84
Trd, 2591310.479, 83
Trd, 2591310.879, 95
Trd, 2591312.479, 84
Trd, 2591313.379, 94
Trd, 2591315.813, 107
Trd, 2591316.146, 108
Trd, 2591317.229, 120
Trd, 2591318.379, 108
Trd, 2591319.629, 104
Trd, 2591320.213, 102
Trd, 2591320.879, 96
Trd, 2591322.029, 93
Trd, 2591322.263, 91
Trd, 2591322.579, 101
Trd, 2591322.863, 105
Trd, 2591323.463, 97
Trd, 2591323.779, 89
Trd, 2591324.596, 95
Trd, 2591327.046, 99
Trd, 2591327.146, 91
Trd, 2591328.196, 106
Trd, 2591328.713, 92
Trd, 2591329.646, 101
Trd, 2591330.963, 103
Trd, 2591331.629, 103
Trd, 2591331.679, 109
Trd, 2591331.946, 111
Trd, 2591331.979, 99
Trd, 2591335.379, 104
Trd, 2591335.679, 91
Trd, 2591336.479, 89
Trd, 2591336.729, 113
Trd, 2591337.563, 106
Trd, 2591338.713, 99
Trd, 2591338.896, 99
Trd, 2591338.946, 98
Trd, 2591339.413, 112
Trd, 2591339.929, 89
Trd, 2591340.429, 87
Trd, 2591340.696, 108
Trd, 2591341.163, 105
Trd, 2591341.179, 117
Trd, 2591341.829, 80
Trd, 2591343.629, 109
Trd, 2591343.696, 110
Trd, 2591345.579, 89
Trd, 2591345.846, 88
Trd, 2591345.896, 85
Trd, 2591346.363, 115
Trd, 2591346.463, 104
Trd, 2591346.896, 116
Trd, 2591349.263, 96
Trd, 2591349.579, 98
Trd, 2591349.796, 86
Trd, 2591350.046, 110
Trd, 2591350.613, 107
Trd, 2591350.846, 105
Trd, 2591352.313, 105
Trd, 2591352.563, 111
Trd, 2591352.679, 110
Trd, 2591352.929, 113
Trd, 2591354.079, 118
Trd, 2591354.663, 100
Trd, 2591354.829, 96
Trd, 2591358.246, 89
Trd, 2591359.029, 94
Trd, 2591359.579, 97
Trd, 2591360.013, 96
Trd, 2591361.263, 107
Trd, 2591361.413, 97
Trd, 2591362.046, 101
Trd, 2591362.996, 102
Trd, 2591363.563, 108
Trd, 2591363.613, 110
Trd, 2591364.196, 100
Trd, 2591365.013, 111
Trd, 2591365.179, 109
Trd, 2591366.413, 99
Trd, 2591368.329, 95
Trd, 2591368.513, 104
Trd, 2591368.563, 112
Trd, 2591368.746, 120
Trd, 2591369.179, 111
Trd, 2591369.879, 103
Trd, 2591371.913, 110
Trd, 2591373.113, 107
Trd, 2591373.263, 86
Trd, 2591374.546, 99
Trd, 2591375.079, 89
Trd, 2591376.179, 103
Trd, 2591377.079, 81
Trd, 2591377.246, 95
Trd, 2591377.379, 80
Trd, 2591377.763, 104
Trd, 2591378.529, 82
Trd, 2591378.929, 103
Trd, 2591381.013, 90
Trd, 2591382.163, 110
Trd, 2591383.779, 107
Trd, 2591384.179, 100
Trd, 2591384.379, 93
Trd, 2591385.329, 109
Trd, 2591386.163, 112
Trd, 2591386.413, 99
Trd, 2591386.563, 91
Trd, 2591386.846, 90
Trd, 2591387.429, 94
Trd, 2591388.646, 102
Trd, 2591389.079, 86
Trd, 2591389.846, 108
Trd, 2591390.579, 105
Trd, 2591390.696, 103
Trd, 2591390.863, 99
Trd, 2591391.896, 109
Trd, 2591394.263, 92
Trd, 2591394.646, 88
Trd, 2591395.196, 103
Trd, 2591395.629, 89
Trd, 2591396.963, 112
Trd, 2591397.029, 105
Trd, 2591398.846, 98
Trd, 2591399.346, 96
Trd, 2591399.579, 107
Trd, 2591399.613, 86
Trd, 2591400.179, 118
Trd, 2591400.579, 102
Trd, 2591400.679, 80
Trd, 2591401.329, 87
Trd, 2591401.796, 86
Trd, 2591402.196, 83
Trd, 2591402.413, 100
Trd, 2591403.313, 120
Trd, 2591403.729, 128
Trd, 2591404.296, 116
Trd, 2591405.746, 110
Trd, 2591406.479, 111
Trd, 2591406.529, 114
Trd, 2591408.196, 97
Trd, 2591408.963, 95
Trd, 2591410.163, 90
Trd, 2591411.013, 86
Trd, 2591411.313, 84
Trd, 2591411.496, 100
Trd, 2591411.529, 114
Trd, 2591411.979, 89
Trd, 2591413.563, 106
Trd, 2591413.763, 125
Trd, 2591415.363, 83
Trd, 2591415.379, 93
Trd, 2591415.563, 82
Trd, 2591416.979, 104
Trd, 2591418.379, 103
Trd, 2591418.446, 102
Trd, 2591418.779, 103
Trd, 2591419.013, 104
Trd, 2591419.113, 90
Trd, 2591420.046, 97
Trd, 2591420.213, 94
Trd, 2591421.129, 84
Trd, 2591423.413, 85
Trd, 2591426.863, 91
Trd, 2591426.996, 85
Trd, 2591428.729, 109
Trd, 2591429.063, 109
Trd, 2591429.179, 107
Trd, 2591429.629, 97
Trd, 2591430.179, 98
Trd, 2591430.379, 98
Trd, 2591430.579, 101
Trd, 2591430.629, 84
Trd, 2591431.196, 105
Trd, 2591432.113, 92
Trd, 2591432.196, 89
Trd, 2591432.529, 97
Trd, 2591433.579, 108
Trd, 2591434.029, 94
Trd, 2591434.413, 88
Trd, 2591434.696, 114
Trd, 2591435.913, 79
Trd, 2591436.229, 79
Trd, 2591437.129, 103
Trd, 2591437.579, 77
Trd, 2591438.179, 87
Trd, 2591438.429, 94
Trd, 2591442.129, 96
Trd, 2591442.163, 116
Trd, 2591443.363, 89
Trd, 2591443.579, 90
Trd, 2591444.379, 93
Trd, 2591445.063, 93
Trd, 2591445.113, 102
Trd, 2591445.579, 105
Trd, 2591447.813, 92
Trd, 2591448.496, 93
Trd, 2591448.513, 100
Trd, 2591448.896, 108
Trd, 2591448.913, 91
Trd, 2591449.413, 87
Trd, 2591450.829, 114
Trd, 2591452.013, 93
Trd, 2591452.196, 95
Trd, 2591452.246, 98
Trd, 2591452.713, 82
Trd, 2591453.263, 96
Trd, 2591454.879, 106
Trd, 2591454.913, 111
Trd, 2591455.013, 89
Trd, 2591455.863, 118
Trd, 2591457.279, 98
Trd, 2591458.063, 97
Trd, 2591461.196, 93
Trd, 2591461.263, 89
Trd, 2591461.496, 85
Trd, 2591463.363, 103
Trd, 2591463.696, 98
Trd, 2591464.063, 99
Trd, 2591464.479, 105
Trd, 2591464.896, 98
Trd, 2591465.463, 97
Trd, 2591465.546, 98
Trd, 2591466.713, 112
Trd, 2591467.013, 92
Trd, 2591467.146, 92
Trd, 2591468.096, 101
Trd, 2591468.363, 90
Trd, 2591470.646, 109
Trd, 2591470.763, 89
Trd, 2591471.946, 107
Trd, 2591472.596, 104
Trd, 2591472.896, 96
Trd, 2591473.563, 88
Trd, 2591474.246, 113
Trd, 2591476.163, 101
Trd, 2591476.413, 115
Trd, 2591477.446, 114
Trd, 2591477.863, 99
Trd, 2591478.213, 97
Trd, 2591478.663, 106
Trd, 2591478.863, 96
Trd, 2591480.579, 97
Trd, 2591480.663, 97
Trd, 2591481.196, 90
Trd, 2591482.646, 89
Trd, 2591482.713, 99
Trd, 2591482.996, 111
Trd, 2591484.579, 95
Trd, 2591485.063, 94
Trd, 2591485.913, 108
Trd, 2591486.179, 120
Trd, 2591486.296, 87
Trd, 2591486.796, 96
Trd, 2591487.313, 86
Trd, 2591487.629, 101
Trd, 2591488.746, 91
Trd, 2591488.913, 92
Trd, 2591489.696, 115
Trd, 2591491.796, 100
Trd, 2591492.296, 107
Trd, 2591493.213, 99
Trd, 2591493.429, 106
Trd, 2591493.646, 98
Trd, 2591494.463, 89
Trd, 2591494.879, 107
Trd, 2591495.329, 83
Trd, 2591496.146, 105
Trd, 2591497.063, 89
Trd, 2591497.513, 108
Trd, 2591497.579, 79
Trd, 2591499.713, 81
Trd, 2591499.946, 111
Trd, 2591500.446, 92
Trd, 2591502.896, 104
Trd, 2591502.979, 108
Trd, 2591503.746, 87
Trd, 2591504.429, 86
Trd, 2591504.496, 86
Trd, 2591506.663, 88
Trd, 2591508.079, 91
Trd, 2591508.229, 86
Trd, 2591508.279, 84
Trd, 2591508.763, 106
Trd, 2591508.996, 108
Trd, 2591509.196, 92
Trd, 2591509.446, 105
Trd, 2591509.929, 88
Trd, 2591510.563, 110
Trd, 2591511.796, 113
Trd, 2591512.579, 94
Trd, 2591512.746, 113
Trd, 2591513.013, 92
Trd, 2591514.329, 97
Trd, 2591514.913, 94
Trd, 2591515.013, 101
Trd, 2591515.846, 110
Trd, 2591516.579, 118
Trd, 2591516.696, 95
Trd, 2591517.313, 94
Trd, 2591518.796, 100
Trd, 2591519.213, 105
Trd, 2591520.663, 115
Trd, 2591521.396, 114
Trd, 2591522.663, 96
Trd, 2591524.013, 91
Trd, 2591524.463, 90
Trd, 2591524.546, 100
Trd, 2591524.846, 90
Trd, 2591525.113, 86
Trd, 2591525.579, 84
Trd, 2591526.029, 109
Trd, 2591526.329, 110
Trd, 2591526.779, 83
Trd, 2591526.829, 82
Trd, 2591526.863, 104
Trd, 2591528.913, 86
Trd, 2591529.779, 106
Trd, 2591531.029, 99
Trd, 2591531.246, 90
Trd, 2591532.946, 92
Trd, 2591533.446, 91
Trd, 2591533.479, 90
Trd, 2591533.529, 113
Trd, 2591533.996, 84
Trd, 2591534.029, 107
Trd, 2591534.846, 104
Trd, 2591536.496, 100
Trd, 2591537.863, 85
Trd, 2591538.263, 112
Trd, 2591538.913, 100
Trd, 2591539.813, 99
Trd, 2591542.446, 99
Trd, 2591543.829, 97
Trd, 2591544.079, 122
Trd, 2591544.096, 97
Trd, 2591548.079, 97
Trd, 2591548.529, 99
Trd, 2591549.679, 107
Trd, 2591549.913, 99
Trd, 2591550.213, 96
Trd, 2591550.229, 95
Trd, 2591551.846, 105
Trd, 2591552.329, 107
Trd, 2591552.746, 96
Trd, 2591553.463, 111
Trd, 2591553.563, 113
Trd, 2591553.963, 107
Trd, 2591556.063, 102
Trd, 2591556.513, 99
Trd, 2591556.563, 98
Trd, 2591556.746, 94
Trd, 2591557.229, 97
Trd, 2591558.729, 115
Trd, 2591559.346, 109
Trd, 2591559.846, 99
Trd, 2591560.496, 113
Trd, 2591560.946, 102
Trd, 2591563.013, 85
Trd, 2591563.179, 112
Trd, 2591563.363, 81
Trd, 2591563.463, 79
Trd, 2591563.813, 119
Trd, 2591564.363, 92
Trd, 2591566.446, 110
Trd, 2591567.063, 93
Trd, 2591567.229, 111
Trd, 2591567.896, 91
Trd, 2591569.696, 109
Trd, 2591569.829, 98
Trd, 2591571.313, 103
Trd, 2591571.346, 96
Trd, 2591571.913, 106
Trd, 2591572.929, 89
Trd, 2591574.479, 101
Trd, 2591574.679, 103
Trd, 2591576.463, 120
Trd, 2591576.829, 104
Trd, 2591576.979, 99
Trd, 2591577.596, 113
Trd, 2591578.629, 104
Trd, 2591579.779, 100
Trd, 2591580.129, 89
Trd, 2591580.913, 102
Trd, 2591581.913, 96
Trd, 2591581.996, 95
Trd, 2591582.379, 95
Trd, 2591582.913, 98
Trd, 2591583.763, 105
Trd, 2591584.396, 97
Trd, 2591585.229, 89
Trd, 2591585.679, 98
Trd, 2591586.129, 87
Trd, 2591587.329, 89
Trd, 2591588.013, 106
Trd, 2591588.246, 101
Trd, 2591589.896, 101
Trd, 2591590.696, 97
Trd, 2591591.279, 95
Trd, 2591591.596, 89
Trd, 2591592.079, 111
Trd, 2591593.113, 97
Trd, 2591593.396, 103
Trd, 2591594.563, 108
Trd, 2591596.446, 108
Trd, 2591596.813, 112
Trd, 2591597.046, 114
Trd, 2591597.829, 105
Trd, 2591597.979, 119
Trd, 2591598.713, 106
Trd, 2591599.196, 106
Trd, 2591599.263, 106
Trd, 2591600.779, 107
Trd, 2591601.913, 99
Trd, 2591601.979, 98
Trd, 2591602.263, 96
Trd, 2591602.363, 116
Trd, 2591602.613, 89
Trd, 2591602.879, 89
Trd, 2591603.179, 109
Trd, 2591603.713, 87
Trd, 2591603.829, 86
Trd, 2591604.313, 83
Trd, 2591605.296, 101
Trd, 2591607.879, 97
Trd, 2591609.679, 112
Trd, 2591609.996, 106
Trd, 2591610.029, 94
Trd, 2591610.679, 114
Trd, 2591610.863, 117
Trd, 2591611.963, 88
Trd, 2591612.779, 95
Trd, 2591613.396, 98
Trd, 2591613.479, 93
Trd, 2591614.896, 98
Trd, 2591614.979, 90
Trd, 2591617.263, 108
Trd, 2591618.046, 96
Trd, 2591618.713, 96
Trd, 2591618.813, 95
Trd, 2591619.113, 105
Trd, 2591619.579, 108
Trd, 2591620.929, 105
Trd, 2591621.979, 97
Trd, 2591622.663, 96
Trd, 2591622.846, 110
Trd, 2591622.913, 94
Trd, 2591623.213, 97
Trd, 2591623.679, 94
Trd, 2591623.863, 114
Trd, 2591626.229, 87
Trd, 2591626.763, 88
Trd, 2591627.763, 93
Trd, 2591628.579, 89
Trd, 2591628.596, 83
Trd, 2591630.379, 112
Trd, 2591632.213, 101
Trd, 2591632.813, 97
Trd, 2591634.179, 98
Trd, 2591635.363, 113
Trd, 2591635.696, 102
Trd, 2591636.529, 99
Trd, 2591637.113, 104
Trd, 2591638.413, 91
Trd, 2591638.963, 110
Trd, 2591639.579, 98
Trd, 2591640.746, 95
Trd, 2591641.879, 98
Trd, 2591641.996, 104
Trd, 2591643.263, 95
Trd, 2591643.779, 89
Trd, 2591643.929, 88
Trd, 2591644.463, 87
Trd, 2591644.779, 105
Trd, 2591645.763, 112
Trd, 2591646.563, 85
Trd, 2591647.763, 90
Trd, 2591648.313, 104
Trd, 2591648.463, 118
Trd, 2591649.346, 96
Trd, 2591650.146, 108
Trd, 2591650.796, 114
Trd, 2591651.613, 109
Trd, 2591652.729, 89
Trd, 2591653.596, 112
Trd, 2591653.929, 112
Trd, 2591654.029, 103
Trd, 2591654.896, 99
Trd, 2591655.229, 119
Trd, 2591656.063, 112
Trd, 2591656.346, 123
Trd, 2591657.046, 110
Trd, 2591657.296, 122
Trd, 2591658.829, 96
Trd, 2591660.829, 91
Trd, 2591661.729, 99
Trd, 2591662.413, 101
Trd, 2591662.813, 106
Trd, 2591663.613, 106
Trd, 2591664.096, 89
Trd, 2591664.779, 96
Trd, 2591665.246, 87
Trd, 2591667.196, 80
Trd, 2591667.796, 98
Trd, 2591668.029, 81
Trd, 2591668.096, 99
Trd, 2591668.129, 79
Trd, 2591668.796, 110
Trd, 2591670.546, 91
Trd, 2591671.279, 104
Trd, 2591673.096, 90
Trd, 2591673.946, 89
Trd, 2591674.046, 113
Trd, 2591674.846, 121
Trd, 2591675.796, 118
Trd, 2591675.996, 117
Trd, 2591677.263, 113
Trd, 2591677.379, 111
Trd, 2591679.179, 89
Trd, 2591680.729, 109
Trd, 2591681.463, 99
Trd, 2591682.096, 90
Trd, 2591682.313, 89
Trd, 2591682.646, 100
Trd, 2591682.963, 114
Trd, 2591683.063, 117
Trd, 2591684.713, 89
Trd, 2591684.979, 93
Trd, 2591685.079, 121
Trd, 2591685.946, 90
Trd, 2591687.379, 113
Trd, 2591687.663, 108
Trd, 2591688.063, 115
Trd, 2591690.313, 97
Trd, 2591690.613, 107
Trd, 2591692.313, 99
Trd, 2591693.096, 95
Trd, 2591693.529, 105
Trd, 2591693.763, 112
Trd, 2591695.446, 101
Trd, 2591695.646, 98
Trd, 2591697.963, 101
Trd, 2591699.013, 109
Trd, 2591699.713, 100
Trd, 2591700.029, 108
Trd, 2591700.129, 99
Trd, 2591700.379, 97
Trd, 2591700.513, 96
Trd, 2591701.896, 94
Trd, 2591702.263, 99
Trd, 2591702.979, 111
Trd, 2591704.213, 87
Trd, 2591704.763, 103
Trd, 2591705.329, 97
Trd, 2591705.363, 91
Trd, 2591705.646, 112
Trd, 2591706.579, 85
Trd, 2591706.663, 83
Trd, 2591707.296, 83
Trd, 2591708.379, 96
Trd, 2591709.829, 93
Trd, 2591709.879, 98
Trd, 2591711.913, 93
Trd, 2591712.446, 91
Trd, 2591713.113, 88
Trd, 2591713.279, 95
Trd, 2591714.346, 108
Trd, 2591716.029, 99
Trd, 2591716.646, 99
Trd, 2591717.429, 98
Trd, 2591719.163, 100
Trd, 2591719.179, 98
Trd, 2591719.629, 98
Trd, 2591719.929, 102
Trd, 2591721.879, 92
Trd, 2591722.113, 89
Trd, 2591722.179, 87
Trd, 2591722.946, 110
Trd, 2591723.363, 107
Trd, 2591723.929, 108
Trd, 2591724.646, 98
Trd, 2591726.863, 110
Trd, 2591726.929, 106
Trd, 2591728.313, 97
Trd, 2591728.963, 105
Trd, 2591730.496, 114
Trd, 2591730.946, 94
Trd, 2591731.379, 98
Trd, 2591731.513, 97
Trd, 2591731.563, 112
Trd, 2591732.363, 94
Trd, 2591733.146, 114
Trd, 2591733.246, 110
Trd, 2591733.663, 87
Trd, 2591733.846, 86
Trd, 2591735.129, 77
Trd, 2591735.146, 108
Trd, 2591735.346, 85
Trd, 2591736.679, 110
Trd, 2591736.763, 105
Trd, 2591737.746, 94
Trd, 2591738.513, 92
Trd, 2591739.313, 106
Trd, 2591739.729, 85
Trd, 2591740.713, 90
Trd, 2591740.796, 99
Trd, 2591742.346, 92
Trd, 2591742.879, 80
Trd, 2591743.696, 81
Trd, 2591744.813, 91
Trd, 2591746.213, 106
Trd, 2591746.229, 106
Trd, 2591747.513, 106
Trd, 2591747.796, 105
Trd, 2591748.529, 98
Trd, 2591749.229, 101
Trd, 2591749.596, 98
Trd, 2591749.613, 109
Trd, 2591749.829, 95
Trd, 2591750.113, 89
Trd, 2591751.029, 83
Trd, 2591751.229, 82
Trd, 2591751.863, 97
Trd, 2591752.679, 97
Trd, 2591752.996, 108
Trd, 2591753.763, 108
Trd, 2591755.413, 101
Trd, 2591755.446, 129
Trd, 2591757.013, 108
Trd, 2591758.696, 116
Trd, 2591759.363, 105
Trd, 2591759.379, 99
Trd, 2591759.496, 97
Trd, 2591759.613, 117
Trd, 2591761.496, 102
Trd, 2591763.163, 89
Trd, 2591763.663, 95
Trd, 2591763.713, 92
Trd, 2591764.313, 101
Trd, 2591764.413, 86
Trd, 2591766.029, 86
Trd, 2591767.379, 84
Trd, 2591767.679, 81
Trd, 2591768.346, 94
Trd, 2591768.696, 95
Trd, 2591769.779, 99
Trd, 2591771.079, 111
Trd, 2591771.163, 98
Trd, 2591771.279, 112
Trd, 2591771.746, 96
Trd, 2591772.329, 94
Trd, 2591773.279, 103
Trd, 2591774.063, 109
Trd, 2591774.146, 103
Trd, 2591774.313, 113
Trd, 2591774.663, 84
Trd, 2591774.713, 87
Trd, 2591774.946, 95
Trd, 2591775.279, 84
Trd, 2591775.563, 108
Trd, 2591775.813, 102
Trd, 2591776.496, 100
Trd, 2591777.196, 95
Trd, 2591778.513, 98
Trd, 2591778.779, 114
Trd, 2591782.529, 100
Trd, 2591782.863, 109
Trd, 2591784.196, 97
Trd, 2591785.346, 89
Trd, 2591785.546, 89
Trd, 2591786.213, 83
Trd, 2591786.413, 78
Trd, 2591787.413, 95
Trd, 2591787.813, 114
Trd, 2591788.229, 114
Trd, 2591789.229, 92
Trd, 2591790.279, 99
Trd, 2591791.013, 105
Trd, 2591792.113, 94
Trd, 2591793.779, 95
Trd, 2591794.613, 95
Trd, 2591794.913, 91
Trd, 2591794.963, 90
Trd, 2591796.313, 102
Trd, 2591796.646, 93
Trd, 2591796.979, 105
Trd, 2591797.163, 88
Trd, 2591798.363, 108
Trd, 2591798.996, 93
Trd, 2591799.496, 116
Trd, 2591800.513, 87
Trd, 2591801.779, 86
Trd, 2591802.996, 90
Trd, 2591803.546, 99
Trd, 2591803.929, 87
Trd, 2591804.096, 85
Trd, 2591804.846, 104
Trd, 2591806.263, 83
Trd, 2591806.279, 87
Trd, 2591806.613, 81
Trd, 2591806.896, 89
Trd, 2591807.763, 100
Trd, 2591808.713, 107
Trd, 2591809.729, 108
Trd, 2591813.313, 96
Trd, 2591813.329, 98
Trd, 2591813.596, 100
Trd, 2591813.779, 113
Trd, 2591814.346, 94
Trd, 2591815.413, 101
Trd, 2591816.663, 110
Trd, 2591816.863, 116
Trd, 2591817.246, 99
Trd, 2591817.813, 103
Trd, 2591818.196, 98
Trd, 2591819.263, 96
Trd, 2591820.013, 86
Trd, 2591820.879, 101
Trd, 2591822.246, 124
Trd, 2591822.646, 111
Trd, 2591823.296, 116
Trd, 2591823.896, 95
Trd, 2591824.696, 106
Trd, 2591825.263, 100
Trd, 2591826.796, 93
Trd, 2591826.829, 89
Trd, 2591828.246, 112
Trd, 2591828.329, 113
Trd, 2591829.579, 97
Trd, 2591829.663, 89
Trd, 2591831.263, 98
Trd, 2591831.563, 90
Trd, 2591832.546, 104
Trd, 2591832.763, 98
Trd, 2591834.696, 110
Trd, 2591835.163, 98
Trd, 2591836.563, 97
Trd, 2591839.596, 104
Trd, 2591840.496, 99
Trd, 2591840.929, 94
Trd, 2591841.446, 99
Trd, 2591842.313, 95
Trd, 2591842.563, 104
Trd, 2591842.996, 103
Trd, 2591843.063, 102
Trd, 2591843.829, 99
Trd, 2591844.013, 99
Trd, 2591845.013, 105
Trd, 2591845.129, 98
Trd, 2591847.163, 100
Trd, 2591847.463, 95
Trd, 2591847.529, 94
Trd, 2591847.813, 94
Trd, 2591849.113, 109
Trd, 2591849.663, 96
Trd, 2591850.096, 92
Trd, 2591850.379, 108
Trd, 2591850.429, 119
Trd, 2591850.613, 90
Trd, 2591851.029, 105
Trd, 2591852.379, 109
Trd, 2591852.513, 89
Trd, 2591852.979, 104
Trd, 2591853.813, 99
Trd, 2591854.313, 99
Trd, 2591854.546, 96
Trd, 2591855.096, 85
Trd, 2591856.129, 90
Trd, 2591856.196, 103
Trd, 2591856.579, 113
Trd, 2591856.696, 87
Trd, 2591859.213, 120
Trd, 2591861.029, 100
Trd, 2591861.179, 103
Trd, 2591861.563, 89
Trd, 2591861.929, 108
Trd, 2591862.463, 110
Trd, 2591863.096, 103
Trd, 2591863.263, 94
Trd, 2591863.613, 88
Trd, 2591863.846, 87
Trd, 2591864.146, 86
Trd, 2591864.996, 110
Trd, 2591865.546, 102
Trd, 2591865.563, 85
Trd, 2591866.563, 94
Trd, 2591867.179, 99
Trd, 2591867.929, 117
Trd, 2591869.446, 90
Trd, 2591870.396, 89
Trd, 2591872.296, 99
Trd, 2591872.329, 98
Trd, 2591873.046, 103
Trd, 2591873.529, 96
Trd, 2591873.779, 91
Trd, 2591874.629, 100
Trd, 2591875.146, 104
Trd, 2591875.429, 109
Trd, 2591876.113, 106
Trd, 2591876.296, 94
Trd, 2591876.946, 89
Trd, 2591878.329, 99
Trd, 2591879.296, 94
Trd, 2591879.779, 105
Trd, 2591880.996, 87
Trd, 2591881.846, 95
Trd, 2591882.146, 104
Trd, 2591882.879, 113
Trd, 2591883.329, 81
Trd, 2591884.246, 95
Trd, 2591884.863, 105
Trd, 2591885.396, 99
Trd, 2591885.446, 105
Trd, 2591885.513, 108
Trd, 2591887.913, 103
Trd, 2591888.963, 91
Trd, 2591889.946, 107
Trd, 2591890.063, 112
Trd, 2591890.213, 112
Trd, 2591890.746, 95
Trd, 2591891.363, 90
Trd, 2591891.596, 89
Trd, 2591893.663, 98
Trd, 2591893.863, 100
Trd, 2591894.213, 97
Trd, 2591895.413, 98
Trd, 2591896.413, 95
Trd, 2591897.546, 96
Trd, 2591898.146, 110
Trd, 2591899.179, 118
Trd, 2591899.729, 122
Trd, 2591900.446, 109
Trd, 2591900.763, 94
Trd, 2591900.896, 92
Trd, 2591900.979, 86
Trd, 2591901.763, 85
Trd, 2591901.913, 84
Trd, 2591902.646, 90
Trd, 2591902.913, 97
Trd, 2591903.313, 83
Trd, 2591903.679, 82
Trd, 2591904.396, 88
Trd, 2591905.346, 83
Trd, 2591906.179, 106
Trd, 2591906.413, 107
Trd, 2591910.096, 105
Trd, 2591910.179, 111
Trd, 2591910.479, 112
Trd, 2591910.713, 94
Trd, 2591911.463, 110
Trd, 2591912.796, 104
Trd, 2591913.129, 89
Trd, 2591913.296, 88
Trd, 2591913.513, 99
Trd, 2591914.179, 90
Trd, 2591915.213, 103
Trd, 2591917.229, 99
Trd, 2591917.363, 100
Trd, 2591917.679, 114
Trd, 2591918.113, 102
Trd, 2591918.246, 100
Trd, 2591918.729, 97
Trd, 2591918.813, 83
Trd, 2591919.563, 97
Trd, 2591919.979, 117
Trd, 2591920.846, 95
Trd, 2591921.446, 93
Trd, 2591921.796, 94
Trd, 2591923.096, 95
Trd, 2591924.696, 102
Trd, 2591926.396, 92
Trd, 2591926.996, 106
Trd, 2591927.163, 87
Trd, 2591928.163, 87
Trd, 2591928.679, 92
Trd, 2591929.413, 95
Trd, 2591930.713, 85
Trd, 2591931.096, 91
Trd, 2591932.279, 113
Trd, 2591932.979, 88
Trd, 2591933.263, 88
Trd, 2591933.913, 86
Trd, 2591934.029, 84
Trd, 2591934.379, 112
Trd, 2591936.013, 100
Trd, 2591936.096, 88
Trd, 2591939.229, 87
Trd, 2591940.779, 85
Trd, 2591941.246, 83
Trd, 2591941.396, 108
Trd, 2591941.913, 97
Trd, 2591942.646, 82
Trd, 2591943.263, 99
Trd, 2591943.863, 105
Trd, 2591944.479, 113
Trd, 2591944.513, 85
Trd, 2591944.879, 85
Trd, 2591944.929, 113
Trd, 2591945.496, 120
Trd, 2591945.579, 89
Trd, 2591947.296, 94
Trd, 2591948.779, 109
Trd, 2591949.063, 127
Trd, 2591950.179, 100
Trd, 2591950.646, 105
Trd, 2591951.196, 97
Trd, 2591952.263, 96
Trd, 2591952.846, 95
Trd, 2591952.879, 89
Trd, 2591953.996, 89
Trd, 2591954.246, 109
Trd, 2591955.663, 123
Trd, 2591957.563, 109
Trd, 2591958.096, 109
Trd, 2591958.796, 107
Trd, 2591959.213, 106
Trd, 2591959.363, 89
Trd, 2591959.629, 84
Trd, 2591961.513, 99
Trd, 2591961.663, 99
Trd, 2591961.846, 110
Trd, 2591962.296, 112
Trd, 2591962.729, 113
Trd, 2591963.346, 121
Trd, 2591964.163, 115
Trd, 2591964.179, 95
Trd, 2591964.813, 89
Trd, 2591966.763, 109
Trd, 2591968.096, 105
Trd, 2591968.846, 84
Trd, 2591969.329, 98
Trd, 2591969.363, 105
Trd, 2591969.613, 110
Trd, 2591969.796, 91
Trd, 2591970.296, 85
Trd, 2591971.079, 90
Trd, 2591972.213, 91
Trd, 2591972.813, 105
Trd, 2591973.429, 93
Trd, 2591973.629, 90
Trd, 2591974.996, 104
Trd, 2591975.646, 121
Trd, 2591976.313, 99
Trd, 2591976.546, 110
Trd, 2591976.796, 97
Trd, 2591977.029, 90
Trd, 2591977.746, 96
Trd, 2591978.146, 118
Trd, 2591978.379, 91
Trd, 2591979.163, 118
Trd, 2591979.746, 128
Trd, 2591980.579, 101
Trd, 2591980.779, 94
Trd, 2591980.979, 116
Trd, 2591983.096, 85
Trd, 2591983.679, 84
Trd, 2591985.363, 86
Trd, 2591985.579, 90
Trd, 2591986.613, 88
Trd, 2591986.679, 106
Trd, 2591987.813, 100
Trd, 2591988.629, 107
Trd, 2591989.329, 96
Trd, 2591989.929, 87
Trd, 2591990.813, 78
Trd, 2591991.029, 105
Trd, 2591992.213, 86
Trd, 2591992.829, 84
Trd, 2591993.813, 94
Trd, 2591993.846, 96
Trd, 2591993.896, 93
Trd, 2591994.129, 103
Trd, 2591994.463, 115
Trd, 2591997.363, 94
Trd, 2591997.729, 86
Trd, 2591998.463, 87
Trd, 2591998.496, 86
