Trd, 2590652.163, 106
Trd, 2590653.046, 108
Trd, 2590653.379, 108
Trd, 2590654.246, 89
Trd, 2590654.746, 91
Trd, 2590654.896, 87
Trd, 2590656.296, 108
Trd, 2590656.979, 92
Trd, 2590657.046, 89
Trd, 2590657.563, 111
Trd, 2590658.013, 105
Trd, 2590659.129, 110
Trd, 2590659.479, 113
Trd, 2590659.696, 118
Trd, 2590659.829, 101
Trd, 2590660.329, 100
Trd, 2590660.646, 100
Trd, 2590660.713, 94
Trd, 2590661.913, 91
Trd, 2590664.379, 100
Trd, 2590664.663, 97
Trd, 2590665.046, 97
Trd, 2590666.729, 105
Trd, 2590666.929, 105
Trd, 2590667.279, 104
Trd, 2590667.296, 103
Trd, 2590667.829, 106
Trd, 2590668.146, 99
Trd, 2590669.829, 93
Trd, 2590670.013, 108
Trd, 2590671.163, 99
Trd, 2590674.579, 108
Trd, 2590675.013, 111
Trd, 2590675.046, 107
Trd, 2590675.879, 105
Trd, 2590676.629, 107
Trd, 2590676.863, 106
Trd, 2590677.696, 95
Trd, 2590677.929, 91
Trd, 2590677.963, 118
Trd, 2590678.646, 114
Trd, 2590678.979, 90
Trd, 2590680.013, 89
Trd, 2590680.646, 95
Trd, 2590681.813, 89
Trd, 2590682.113, 86
Trd, 2590683.013, 83
Trd, 2590683.046, 103
Trd, 2590683.213, 80
Trd, 2590683.496, 75
Trd, 2590683.713, 77
Trd, 2590684.246, 105
Trd, 2590684.346, 91
Trd, 2590684.529, 77
Trd, 2590684.913, 113
Trd, 2590686.363, 89
Trd, 2590688.329, 98
Trd, 2590688.546, 97
Trd, 2590688.896, 107
Trd, 2590690.129, 105
Trd, 2590690.596, 102
Trd, 2590690.896, 110
Trd, 2590693.146, 99
Trd, 2590693.429, 99
Trd, 2590693.863, 97
Trd, 2590695.346, 96
Trd, 2590695.529, 94
Trd, 2590696.479, 94
Trd, 2590696.613, 94
Trd, 2590696.729, 97
Trd, 2590698.479, 94
Trd, 2590698.546, 92
Trd, 2590699.079, 102
Trd, 2590699.746, 105
Trd, 2590700.096, 91
Trd, 2590700.896, 87
Trd, 2590701.396, 85
Trd, 2590702.246, 85
Trd, 2590704.329, 85
Trd, 2590705.379, 99
Trd, 2590705.696, 95
Trd, 2590705.879, 110
Trd, 2590706.329, 87
Trd, 2590706.763, 90
Trd, 2590709.146, 100
Trd, 2590709.796, 98
Trd, 2590710.029, 97
Trd, 2590710.546, 109
Trd, 2590711.129, 94
Trd, 2590711.879, 97
Trd, 2590712.079, 96
Trd, 2590713.113, 109
Trd, 2590713.129, 108
Trd, 2590713.196, 105
Trd, 2590714.996, 103
Trd, 2590715.196, 101
Trd, 2590715.379, 91
Trd, 2590719.196, 98
Trd, 2590719.296, 94
Trd, 2590719.429, 91
Trd, 2590719.496, 94
Trd, 2590720.263, 98
Trd, 2590721.029, 103
Trd, 2590721.396, 105
Trd, 2590723.163, 108
Trd, 2590723.696, 94
Trd, 2590725.846, 105
Trd, 2590726.846, 108
Trd, 2590726.896, 104
Trd, 2590727.046, 101
Trd, 2590727.363, 95
Trd, 2590727.763, 94
Trd, 2590729.063, 96
Trd, 2590729.163, 92
Trd, 2590729.413, 97
Trd, 2590729.946, 87
Trd, 2590730.113, 98
Trd, 2590730.796, 86
Trd, 2590731.213, 92
Trd, 2590731.413, 93
Trd, 2590731.663, 113
Trd, 2590731.763, 84
Trd, 2590732.013, 84
Trd, 2590732.613, 83
Trd, 2590732.696, 81
Trd, 2590733.246, 80
Trd, 2590733.913, 114
Trd, 2590734.946, 113
Trd, 2590735.629, 94
Trd, 2590736.246, 96
Trd, 2590737.463, 102
Trd, 2590738.029, 102
Trd, 2590739.296, 101
Trd, 2590739.929, 99
Trd, 2590740.046, 97
Trd, 2590740.113, 103
Trd, 2590741.196, 98
Trd, 2590743.013, 98
Trd, 2590744.829, 98
Trd, 2590744.846, 95
Trd, 2590745.079, 94
Trd, 2590747.179, 88
Trd, 2590748.029, 102
Trd, 2590748.146, 101
Trd, 2590748.413, 94
Trd, 2590750.629, 104
Trd, 2590750.863, 105
Trd, 2590751.196, 101
Trd, 2590751.679, 96
Trd, 2590751.713, 93
Trd, 2590752.529, 112
Trd, 2590753.546, 91
Trd, 2590755.446, 91
Trd, 2590756.446, 108
Trd, 2590756.696, 106
Trd, 2590756.929, 97
Trd, 2590757.029, 96
Trd, 2590757.563, 110
Trd, 2590757.613, 92
Trd, 2590758.913, 113
Trd, 2590759.463, 91
Trd, 2590759.646, 90
Trd, 2590760.729, 87
Trd, 2590761.879, 102
Trd, 2590762.413, 99
Trd, 2590762.979, 90
Trd, 2590763.263, 97
Trd, 2590763.696, 93
Trd, 2590764.663, 79
Trd, 2590765.246, 84
Trd, 2590766.879, 86
Trd, 2590767.846, 104
Trd, 2590768.079, 108
Trd, 2590768.546, 99
Trd, 2590769.413, 107
Trd, 2590769.863, 108
Trd, 2590769.946, 104
Trd, 2590770.529, 106
Trd, 2590770.863, 104
Trd, 2590771.479, 94
Trd, 2590771.963, 100
Trd, 2590772.029, 86
Trd, 2590772.863, 100
Trd, 2590773.829, 101
Trd, 2590774.029, 93
Trd, 2590774.263, 112
Trd, 2590776.429, 102
Trd, 2590778.046, 104
Trd, 2590778.613, 103
Trd, 2590778.779, 101
Trd, 2590779.463, 97
Trd, 2590779.713, 92
Trd, 2590779.846, 93
Trd, 2590780.646, 101
Trd, 2590780.779, 93
Trd, 2590781.629, 88
Trd, 2590782.913, 99
Trd, 2590782.996, 98
Trd, 2590784.446, 93
Trd, 2590785.246, 97
Trd, 2590786.246, 98
Trd, 2590786.729, 106
Trd, 2590787.429, 104
Trd, 2590788.763, 104
Trd, 2590788.846, 102
Trd, 2590789.713, 98
Trd, 2590790.113, 92
Trd, 2590790.713, 88
Trd, 2590790.746, 83
Trd, 2590791.079, 105
Trd, 2590791.696, 113
Trd, 2590791.946, 100
Trd, 2590792.713, 98
Trd, 2590793.029, 94
Trd, 2590793.096, 86
Trd, 2590794.129, 98
Trd, 2590796.729, 94
Trd, 2590796.946, 97
Trd, 2590797.146, 110
Trd, 2590797.179, 93
Trd, 2590797.546, 112
Trd, 2590797.829, 107
Trd, 2590799.163, 107
Trd, 2590799.963, 107
Trd, 2590801.763, 111
Trd, 2590801.779, 111
Trd, 2590802.829, 97
Trd, 2590803.663, 93
Trd, 2590803.896, 90
Trd, 2590805.396, 95
Trd, 2590806.479, 86
Trd, 2590807.163, 100
Trd, 2590807.829, 87
Trd, 2590807.979, 81
Trd, 2590808.079, 81
Trd, 2590809.729, 81
Trd, 2590809.779, 84
Trd, 2590809.879, 105
Trd, 2590810.279, 112
Trd, 2590812.129, 100
Trd, 2590812.479, 105
Trd, 2590813.129, 98
Trd, 2590813.663, 111
Trd, 2590815.163, 100
Trd, 2590815.229, 93
Trd, 2590815.713, 85
Trd, 2590815.763, 81
Trd, 2590816.763, 88
Trd, 2590817.079, 93
Trd, 2590817.996, 115
Trd, 2590818.196, 116
Trd, 2590818.313, 119
Trd, 2590818.529, 109
Trd, 2590819.179, 106
Trd, 2590819.979, 106
Trd, 2590820.063, 101
Trd, 2590821.146, 100
Trd, 2590822.246, 97
Trd, 2590822.546, 96
Trd, 2590822.613, 107
Trd, 2590824.529, 105
Trd, 2590825.479, 99
Trd, 2590825.879, 91
Trd, 2590826.613, 107
Trd, 2590826.979, 96
Trd, 2590827.863, 95
Trd, 2590830.879, 106
Trd, 2590830.963, 107
Trd, 2590831.079, 97
Trd, 2590832.913, 91
Trd, 2590833.363, 93
Trd, 2590833.863, 88
Trd, 2590834.113, 87
Trd, 2590834.363, 101
Trd, 2590835.196, 95
Trd, 2590837.779, 95
Trd, 2590837.979, 94
Trd, 2590838.163, 94
Trd, 2590838.446, 91
Trd, 2590839.146, 100
Trd, 2590839.379, 95
Trd, 2590841.729, 104
Trd, 2590842.046, 90
Trd, 2590842.679, 85
Trd, 2590842.746, 104
Trd, 2590842.896, 80
Trd, 2590844.479, 101
Trd, 2590844.746, 85
Trd, 2590844.829, 83
Trd, 2590846.563, 93
Trd, 2590847.146, 98
Trd, 2590847.596, 83
Trd, 2590847.896, 84
Trd, 2590850.846, 99
Trd, 2590851.696, 99
Trd, 2590851.946, 98
Trd, 2590852.029, 85
Trd, 2590852.046, 84
Trd, 2590852.579, 101
Trd, 2590853.279, 102
Trd, 2590854.196, 87
Trd, 2590854.646, 98
Trd, 2590855.479, 95
Trd, 2590855.679, 92
Trd, 2590858.163, 99
Trd, 2590858.446, 98
Trd, 2590858.646, 94
Trd, 2590861.613, 102
Trd, 2590861.779, 101
Trd, 2590861.979, 106
Trd, 2590862.896, 93
Trd, 2590864.246, 92
Trd, 2590864.879, 102
Trd, 2590865.546, 91
Trd, 2590866.063, 102
Trd, 2590866.946, 101
Trd, 2590866.996, 101
Trd, 2590868.813, 102
Trd, 2590868.929, 102
Trd, 2590869.696, 102
Trd, 2590870.096, 103
Trd, 2590870.146, 101
Trd, 2590870.929, 106
Trd, 2590871.463, 104
Trd, 2590872.563, 99
Trd, 2590873.779, 112
Trd, 2590874.546, 105
Trd, 2590874.763, 105
Trd, 2590875.129, 104
Trd, 2590875.496, 105
Trd, 2590876.796, 95
Trd, 2590877.496, 108
Trd, 2590877.963, 102
Trd, 2590878.029, 91
Trd, 2590880.446, 96
Trd, 2590880.679, 94
Trd, 2590881.313, 92
Trd, 2590881.463, 85
Trd, 2590881.813, 89
Trd, 2590882.246, 98
Trd, 2590883.063, 90
Trd, 2590883.396, 84
Trd, 2590885.163, 93
Trd, 2590887.029, 90
Trd, 2590887.913, 106
Trd, 2590888.196, 95
Trd, 2590888.496, 101
Trd, 2590889.946, 93
Trd, 2590891.296, 94
Trd, 2590891.363, 96
Trd, 2590891.729, 96
Trd, 2590891.879, 96
Trd, 2590893.046, 98
Trd, 2590893.313, 101
Trd, 2590893.996, 100
Trd, 2590894.696, 108
Trd, 2590895.863, 107
Trd, 2590897.696, 105
Trd, 2590897.729, 102
Trd, 2590897.846, 96
Trd, 2590898.263, 94
Trd, 2590899.463, 107
Trd, 2590900.013, 98
Trd, 2590900.696, 92
Trd, 2590902.613, 97
Trd, 2590903.979, 105
Trd, 2590904.413, 94
Trd, 2590904.996, 105
Trd, 2590905.696, 94
Trd, 2590906.363, 92
Trd, 2590907.229, 91
Trd, 2590907.313, 88
Trd, 2590907.963, 97
Trd, 2590908.213, 98
Trd, 2590908.279, 102
Trd, 2590908.429, 93
Trd, 2590908.696, 90
Trd, 2590908.813, 105
Trd, 2590911.413, 112
Trd, 2590911.696, 100
Trd, 2590914.196, 97
Trd, 2590915.246, 104
Trd, 2590916.446, 99
Trd, 2590917.696, 95
Trd, 2590918.729, 102
Trd, 2590918.763, 105
Trd, 2590918.963, 99
Trd, 2590919.063, 92
Trd, 2590919.196, 92
Trd, 2590920.263, 95
Trd, 2590920.713, 104
Trd, 2590920.846, 103
Trd, 2590921.896, 97
Trd, 2590922.129, 77
Trd, 2590924.046, 104
Trd, 2590924.113, 87
Trd, 2590924.279, 88
Trd, 2590926.429, 94
Trd, 2590926.979, 89
Trd, 2590927.846, 98
Trd, 2590928.229, 87
Trd, 2590929.613, 97
Trd, 2590930.479, 86
Trd, 2590930.779, 86
Trd, 2590931.596, 87
Trd, 2590931.796, 103
Trd, 2590931.979, 108
Trd, 2590932.213, 108
Trd, 2590932.879, 102
Trd, 2590933.146, 106
Trd, 2590933.346, 98
Trd, 2590933.496, 98
Trd, 2590934.263, 95
Trd, 2590934.446, 94
Trd, 2590934.479, 92
Trd, 2590935.146, 89
Trd, 2590935.796, 107
Trd, 2590935.996, 103
Trd, 2590937.563, 93
Trd, 2590939.679, 103
Trd, 2590939.763, 94
Trd, 2590940.479, 107
Trd, 2590942.213, 108
Trd, 2590942.563, 101
Trd, 2590942.779, 96
Trd, 2590942.896, 112
Trd, 2590943.129, 110
Trd, 2590943.979, 101
Trd, 2590945.563, 102
Trd, 2590945.813, 101
Trd, 2590946.929, 101
Trd, 2590946.946, 102
Trd, 2590947.013, 104
Trd, 2590947.146, 95
Trd, 2590947.246, 94
Trd, 2590947.663, 91
Trd, 2590951.546, 98
Trd, 2590952.129, 96
Trd, 2590953.429, 95
Trd, 2590953.629, 100
Trd, 2590954.529, 97
Trd, 2590955.513, 97
Trd, 2590955.829, 99
Trd, 2590956.263, 98
Trd, 2590957.713, 86
Trd, 2590958.396, 91
Trd, 2590959.213, 82
Trd, 2590959.463, 93
Trd, 2590960.296, 83
Trd, 2590960.429, 94
Trd, 2590962.963, 103
Trd, 2590963.063, 100
Trd, 2590963.496, 99
Trd, 2590963.629, 96
Trd, 2590963.679, 100
Trd, 2590966.396, 102
Trd, 2590967.179, 82
Trd, 2590968.263, 98
Trd, 2590968.796, 105
Trd, 2590969.496, 85
Trd, 2590969.596, 102
Trd, 2590969.763, 85
Trd, 2590970.063, 84
Trd, 2590971.213, 94
Trd, 2590973.579, 96
Trd, 2590974.629, 92
Trd, 2590976.396, 93
Trd, 2590976.463, 96
Trd, 2590976.579, 91
Trd, 2590976.863, 89
Trd, 2590976.963, 90
Trd, 2590977.846, 92
Trd, 2590978.179, 104
Trd, 2590978.363, 92
Trd, 2590980.129, 98
Trd, 2590980.513, 97
Trd, 2590981.996, 96
Trd, 2590982.029, 111
Trd, 2590982.313, 97
Trd, 2590982.629, 98
Trd, 2590983.313, 112
Trd, 2590983.713, 106
Trd, 2590983.996, 105
Trd, 2590984.763, 91
Trd, 2590985.096, 105
Trd, 2590986.763, 106
Trd, 2590986.996, 104
Trd, 2590987.529, 99
Trd, 2590988.013, 95
Trd, 2590990.796, 92
Trd, 2590992.696, 108
Trd, 2590992.996, 94
Trd, 2590993.446, 97
Trd, 2590993.946, 98
Trd, 2590994.696, 101
Trd, 2590995.596, 98
Trd, 2590995.913, 99
Trd, 2590996.779, 94
Trd, 2590997.696, 97
Trd, 2590997.946, 99
Trd, 2590998.713, 90
Trd, 2590999.346, 90
Trd, 2591000.229, 89
Trd, 2591000.413, 94
Trd, 2591000.679, 104
Trd, 2591001.313, 93
Trd, 2591002.346, 106
Trd, 2591003.679, 88
Trd, 2591004.546, 88
Trd, 2591005.196, 91
Trd, 2591005.213, 92
Trd, 2591005.979, 96
Trd, 2591006.779, 98
Trd, 2591007.463, 94
Trd, 2591008.929, 94
Trd, 2591010.263, 91
Trd, 2591010.329, 88
Trd, 2591010.646, 87
Trd, 2591011.346, 111
Trd, 2591011.929, 113
Trd, 2591013.363, 107
Trd, 2591013.479, 102
Trd, 2591014.846, 105
Trd, 2591014.963, 106
Trd, 2591015.413, 93
Trd, 2591015.846, 91
Trd, 2591016.229, 93
Trd, 2591017.146, 95
Trd, 2591017.829, 104
Trd, 2591018.163, 93
Trd, 2591018.846, 94
Trd, 2591019.113, 104
Trd, 2591019.463, 115
Trd, 2591019.696, 105
Trd, 2591020.679, 109
Trd, 2591021.129, 108
Trd, 2591022.479, 94
Trd, 2591023.063, 90
Trd, 2591024.196, 88
Trd, 2591024.279, 87
Trd, 2591026.896, 83
Trd, 2591027.596, 92
Trd, 2591027.863, 84
Trd, 2591028.413, 85
Trd, 2591028.996, 98
Trd, 2591029.479, 101
Trd, 2591030.013, 103
Trd, 2591030.396, 101
Trd, 2591032.446, 104
Trd, 2591032.679, 103
Trd, 2591033.096, 105
Trd, 2591033.129, 100
Trd, 2591033.379, 98
Trd, 2591033.446, 93
Trd, 2591033.563, 93
Trd, 2591034.079, 105
Trd, 2591034.429, 103
Trd, 2591035.379, 94
Trd, 2591035.396, 91
Trd, 2591036.346, 90
Trd, 2591037.013, 88
Trd, 2591037.879, 92
Trd, 2591038.096, 105
Trd, 2591040.813, 111
Trd, 2591041.296, 112
Trd, 2591041.496, 107
Trd, 2591041.813, 97
Trd, 2591042.996, 84
Trd, 2591043.679, 85
Trd, 2591043.746, 83
Trd, 2591044.729, 80
Trd, 2591044.946, 96
Trd, 2591045.846, 87
Trd, 2591046.179, 112
Trd, 2591047.763, 115
Trd, 2591047.996, 100
Trd, 2591048.346, 84
Trd, 2591051.929, 101
Trd, 2591052.146, 101
Trd, 2591052.196, 102
Trd, 2591053.113, 100
Trd, 2591054.446, 104
Trd, 2591054.863, 105
Trd, 2591055.029, 101
Trd, 2591055.063, 97
Trd, 2591055.563, 93
Trd, 2591055.829, 99
Trd, 2591056.346, 94
Trd, 2591056.713, 98
Trd, 2591058.563, 88
Trd, 2591058.863, 85
Trd, 2591059.063, 81
Trd, 2591060.179, 87
Trd, 2591062.029, 97
Trd, 2591062.629, 98
Trd, 2591062.696, 97
Trd, 2591063.996, 102
Trd, 2591064.946, 101
Trd, 2591065.479, 101
Trd, 2591067.413, 106
Trd, 2591067.596, 105
Trd, 2591067.613, 104
Trd, 2591068.213, 103
Trd, 2591068.496, 102
Trd, 2591069.396, 97
Trd, 2591069.713, 96
Trd, 2591070.829, 94
Trd, 2591071.513, 88
Trd, 2591071.529, 99
Trd, 2591073.113, 87
Trd, 2591074.396, 105
Trd, 2591075.946, 96
Trd, 2591076.729, 102
Trd, 2591076.796, 106
Trd, 2591077.729, 102
Trd, 2591078.596, 101
Trd, 2591078.779, 99
Trd, 2591080.113, 97
Trd, 2591080.146, 95
Trd, 2591081.446, 98
Trd, 2591081.829, 97
Trd, 2591082.546, 109
Trd, 2591083.129, 100
Trd, 2591083.646, 108
Trd, 2591086.029, 94
Trd, 2591086.996, 95
Trd, 2591087.529, 104
Trd, 2591088.096, 93
Trd, 2591088.346, 90
Trd, 2591088.629, 100
Trd, 2591091.196, 94
Trd, 2591092.029, 95
Trd, 2591092.529, 105
Trd, 2591092.796, 97
Trd, 2591092.929, 95
Trd, 2591093.329, 97
Trd, 2591093.796, 109
Trd, 2591094.163, 97
Trd, 2591094.496, 94
Trd, 2591094.696, 93
Trd, 2591094.729, 89
Trd, 2591095.163, 86
Trd, 2591099.113, 104
Trd, 2591100.313, 110
Trd, 2591100.663, 100
Trd, 2591101.546, 97
Trd, 2591102.029, 80
Trd, 2591102.613, 85
Trd, 2591102.996, 87
Trd, 2591103.096, 89
Trd, 2591104.763, 91
Trd, 2591104.813, 84
Trd, 2591105.613, 90
Trd, 2591105.813, 90
Trd, 2591105.846, 92
Trd, 2591106.546, 98
Trd, 2591106.846, 88
Trd, 2591108.246, 81
Trd, 2591111.046, 90
Trd, 2591111.113, 105
Trd, 2591111.713, 96
Trd, 2591112.229, 95
Trd, 2591112.579, 103
Trd, 2591112.646, 94
Trd, 2591113.413, 93
Trd, 2591114.446, 106
Trd, 2591115.363, 105
Trd, 2591116.713, 98
Trd, 2591117.263, 96
Trd, 2591117.813, 99
Trd, 2591118.579, 102
Trd, 2591119.079, 103
Trd, 2591119.179, 98
Trd, 2591119.513, 94
Trd, 2591119.846, 95
Trd, 2591120.129, 101
Trd, 2591121.163, 90
Trd, 2591121.563, 91
Trd, 2591121.929, 105
Trd, 2591122.296, 89
Trd, 2591123.929, 87
Trd, 2591125.229, 91
Trd, 2591125.796, 91
Trd, 2591127.279, 96
Trd, 2591128.096, 93
Trd, 2591128.646, 93
Trd, 2591128.679, 99
Trd, 2591128.813, 108
Trd, 2591129.796, 112
Trd, 2591130.029, 115
Trd, 2591130.679, 102
Trd, 2591131.896, 99
Trd, 2591132.596, 108
Trd, 2591132.746, 116
Trd, 2591133.129, 107
Trd, 2591134.896, 89
Trd, 2591136.629, 91
Trd, 2591136.729, 85
Trd, 2591137.829, 91
Trd, 2591138.813, 87
Trd, 2591139.313, 87
Trd, 2591139.346, 85
Trd, 2591139.663, 81
Trd, 2591140.363, 90
Trd, 2591140.579, 89
Trd, 2591141.179, 97
Trd, 2591141.713, 91
Trd, 2591141.896, 89
Trd, 2591142.863, 90
Trd, 2591143.129, 98
Trd, 2591143.363, 109
Trd, 2591143.996, 89
Trd, 2591145.479, 91
Trd, 2591145.746, 94
Trd, 2591145.796, 84
Trd, 2591146.779, 95
Trd, 2591146.946, 80
Trd, 2591147.679, 82
Trd, 2591148.313, 79
Trd, 2591148.813, 78
Trd, 2591150.446, 89
Trd, 2591151.763, 107
Trd, 2591152.396, 106
Trd, 2591152.996, 105
Trd, 2591153.346, 90
Trd, 2591154.629, 105
Trd, 2591154.729, 107
Trd, 2591155.463, 101
Trd, 2591156.429, 92
Trd, 2591157.363, 104
Trd, 2591157.479, 115
Trd, 2591157.746, 104
Trd, 2591157.946, 83
Trd, 2591158.179, 94
Trd, 2591161.079, 89
Trd, 2591161.096, 88
Trd, 2591161.296, 87
Trd, 2591161.313, 98
Trd, 2591162.013, 92
Trd, 2591162.446, 88
Trd, 2591162.796, 85
Trd, 2591162.863, 98
Trd, 2591164.096, 103
Trd, 2591165.379, 86
Trd, 2591166.213, 99
Trd, 2591166.396, 111
Trd, 2591166.796, 98
Trd, 2591167.846, 101
Trd, 2591167.963, 100
Trd, 2591168.213, 97
Trd, 2591169.679, 92
Trd, 2591170.246, 85
Trd, 2591170.479, 93
Trd, 2591170.913, 89
Trd, 2591172.229, 95
Trd, 2591172.329, 98
Trd, 2591173.596, 106
Trd, 2591173.713, 90
Trd, 2591174.496, 88
Trd, 2591175.863, 87
Trd, 2591177.796, 81
Trd, 2591178.313, 80
Trd, 2591178.879, 85
Trd, 2591179.546, 91
Trd, 2591180.313, 88
Trd, 2591180.996, 98
Trd, 2591182.596, 97
Trd, 2591182.863, 100
Trd, 2591183.279, 101
Trd, 2591183.829, 95
Trd, 2591184.296, 101
Trd, 2591184.929, 95
Trd, 2591186.029, 105
Trd, 2591188.296, 113
Trd, 2591189.313, 103
Trd, 2591189.963, 102
Trd, 2591190.363, 105
Trd, 2591190.763, 101
Trd, 2591191.079, 102
Trd, 2591191.446, 93
Trd, 2591191.579, 106
Trd, 2591192.496, 94
Trd, 2591193.679, 97
Trd, 2591193.829, 104
Trd, 2591193.963, 112
Trd, 2591194.279, 93
Trd, 2591195.046, 89
Trd, 2591196.013, 97
Trd, 2591196.129, 80
Trd, 2591197.046, 93
Trd, 2591197.229, 91
Trd, 2591197.363, 87
Trd, 2591197.479, 101
Trd, 2591199.546, 92
Trd, 2591200.813, 96
Trd, 2591202.229, 98
Trd, 2591202.346, 97
Trd, 2591202.863, 105
Trd, 2591203.313, 104
Trd, 2591205.013, 98
Trd, 2591205.079, 93
Trd, 2591205.196, 94
Trd, 2591205.546, 93
Trd, 2591207.846, 92
Trd, 2591208.413, 98
Trd, 2591208.963, 101
Trd, 2591209.763, 105
Trd, 2591210.063, 103
Trd, 2591210.296, 102
Trd, 2591210.646, 108
Trd, 2591211.413, 99
Trd, 2591212.213, 105
Trd, 2591212.679, 97
Trd, 2591213.546, 98
Trd, 2591214.046, 103
Trd, 2591214.129, 101
Trd, 2591214.329, 97
Trd, 2591214.379, 105
Trd, 2591217.046, 97
Trd, 2591217.346, 93
Trd, 2591217.379, 92
Trd, 2591217.979, 82
Trd, 2591218.246, 87
Trd, 2591219.529, 98
Trd, 2591221.629, 101
Trd, 2591221.646, 93
Trd, 2591221.863, 110
Trd, 2591222.146, 99
Trd, 2591222.163, 94
Trd, 2591223.696, 101
Trd, 2591225.829, 100
Trd, 2591226.413, 99
Trd, 2591227.663, 96
Trd, 2591227.679, 94
Trd, 2591229.179, 94
Trd, 2591229.529, 100
Trd, 2591229.913, 93
Trd, 2591230.813, 105
Trd, 2591231.963, 110
Trd, 2591231.979, 87
Trd, 2591233.979, 94
Trd, 2591235.429, 96
Trd, 2591235.779, 103
Trd, 2591235.846, 94
Trd, 2591235.996, 106
Trd, 2591237.213, 103
Trd, 2591237.329, 96
Trd, 2591237.513, 102
Trd, 2591238.813, 103
Trd, 2591238.863, 112
Trd, 2591241.029, 101
Trd, 2591241.579, 102
Trd, 2591243.096, 102
Trd, 2591243.546, 99
Trd, 2591244.029, 94
Trd, 2591245.479, 94
Trd, 2591246.113, 84
Trd, 2591246.246, 82
Trd, 2591246.346, 89
Trd, 2591248.413, 98
Trd, 2591248.879, 101
Trd, 2591249.279, 97
Trd, 2591249.429, 96
Trd, 2591249.446, 93
Trd, 2591249.679, 91
Trd, 2591249.696, 106
Trd, 2591249.863, 90
Trd, 2591250.363, 112
Trd, 2591250.979, 108
Trd, 2591251.713, 110
Trd, 2591252.413, 109
Trd, 2591252.696, 106
Trd, 2591253.796, 105
Trd, 2591254.229, 93
Trd, 2591255.263, 102
Trd, 2591258.629, 97
Trd, 2591258.696, 98
Trd, 2591258.946, 92
Trd, 2591259.046, 87
Trd, 2591259.813, 89
Trd, 2591260.263, 88
Trd, 2591261.596, 104
Trd, 2591261.796, 101
Trd, 2591262.563, 98
Trd, 2591263.196, 96
Trd, 2591264.663, 98
Trd, 2591265.379, 95
Trd, 2591265.846, 94
Trd, 2591266.263, 92
Trd, 2591266.729, 87
Trd, 2591267.696, 86
Trd, 2591268.046, 103
Trd, 2591268.413, 104
Trd, 2591270.063, 89
Trd, 2591270.713, 93
Trd, 2591271.329, 98
Trd, 2591271.446, 97
Trd, 2591272.413, 101
Trd, 2591272.996, 101
Trd, 2591273.279, 98
Trd, 2591273.746, 94
Trd, 2591273.896, 105
Trd, 2591274.446, 90
Trd, 2591276.496, 97
Trd, 2591276.663, 94
Trd, 2591277.713, 107
Trd, 2591278.329, 105
Trd, 2591279.129, 107
Trd, 2591279.613, 105
Trd, 2591280.296, 104
Trd, 2591282.246, 105
Trd, 2591282.263, 110
Trd, 2591282.363, 102
Trd, 2591282.629, 91
Trd, 2591282.679, 111
Trd, 2591283.513, 100
Trd, 2591285.529, 92
Trd, 2591286.046, 92
Trd, 2591286.263, 91
Trd, 2591287.429, 98
Trd, 2591287.679, 111
Trd, 2591289.213, 88
Trd, 2591289.563, 106
Trd, 2591289.796, 91
Trd, 2591290.279, 94
Trd, 2591291.213, 99
Trd, 2591292.179, 94
Trd, 2591293.413, 102
Trd, 2591294.913, 103
Trd, 2591294.946, 104
Trd, 2591295.229, 104
Trd, 2591295.329, 101
Trd, 2591295.546, 100
Trd, 2591297.229, 104
Trd, 2591297.263, 91
Trd, 2591298.763, 95
Trd, 2591300.446, 99
Trd, 2591300.496, 94
Trd, 2591301.729, 99
Trd, 2591302.313, 100
Trd, 2591302.429, 98
Trd, 2591303.329, 97
Trd, 2591303.513, 93
Trd, 2591305.329, 95
Trd, 2591305.829, 87
Trd, 2591306.579, 88
Trd, 2591306.829, 98
Trd, 2591307.146, 90
Trd, 2591307.679, 82
Trd, 2591309.046, 101
Trd, 2591309.296, 111
Trd, 2591311.129, 108
Trd, 2591311.679, 108
Trd, 2591312.079, 100
Trd, 2591312.163, 95
Trd, 2591312.329, 94
Trd, 2591312.646, 101
Trd, 2591313.863, 95
Trd, 2591314.079, 94
Trd, 2591314.263, 105
Trd, 2591314.646, 92
Trd, 2591315.479, 109
Trd, 2591315.496, 94
Trd, 2591318.796, 112
Trd, 2591318.879, 112
Trd, 2591319.746, 101
Trd, 2591319.879, 100
Trd, 2591319.946, 94
Trd, 2591320.796, 93
Trd, 2591322.179, 95
Trd, 2591322.563, 90
Trd, 2591322.863, 107
Trd, 2591323.029, 88
Trd, 2591324.129, 94
Trd, 2591324.546, 118
Trd, 2591325.163, 87
Trd, 2591325.796, 116
Trd, 2591326.413, 105
Trd, 2591327.129, 105
Trd, 2591328.646, 108
Trd, 2591330.379, 110
Trd, 2591330.929, 107
Trd, 2591331.179, 106
Trd, 2591331.513, 107
Trd, 2591331.763, 105
Trd, 2591332.863, 94
Trd, 2591333.279, 93
Trd, 2591335.029, 99
Trd, 2591337.546, 111
Trd, 2591338.279, 110
Trd, 2591338.696, 108
Trd, 2591339.079, 105
Trd, 2591339.246, 94
Trd, 2591339.579, 93
Trd, 2591339.679, 87
Trd, 2591340.329, 98
Trd, 2591340.663, 92
Trd, 2591341.363, 106
Trd, 2591342.079, 93
Trd, 2591343.229, 91
Trd, 2591344.163, 95
Trd, 2591344.396, 91
Trd, 2591344.579, 103
Trd, 2591344.929, 93
Trd, 2591345.296, 90
Trd, 2591346.513, 104
Trd, 2591349.529, 98
Trd, 2591350.796, 98
Trd, 2591350.896, 101
Trd, 2591352.746, 92
Trd, 2591353.096, 91
Trd, 2591353.579, 83
Trd, 2591353.863, 99
Trd, 2591354.396, 82
Trd, 2591354.413, 100
Trd, 2591354.779, 79
Trd, 2591355.463, 78
Trd, 2591357.196, 101
Trd, 2591358.729, 100
Trd, 2591361.129, 97
Trd, 2591361.596, 96
Trd, 2591362.196, 100
Trd, 2591363.246, 96
Trd, 2591363.763, 94
Trd, 2591363.896, 93
Trd, 2591365.796, 107
Trd, 2591366.013, 106
Trd, 2591366.196, 108
Trd, 2591366.729, 104
Trd, 2591367.179, 104
Trd, 2591367.563, 94
Trd, 2591367.729, 105
Trd, 2591368.046, 93
Trd, 2591369.379, 94
Trd, 2591369.979, 102
Trd, 2591371.746, 102
Trd, 2591372.446, 91
Trd, 2591372.613, 90
Trd, 2591373.846, 81
Trd, 2591374.179, 88
Trd, 2591374.879, 94
Trd, 2591376.129, 98
Trd, 2591376.363, 105
Trd, 2591377.296, 93
Trd, 2591378.629, 100
Trd, 2591379.696, 86
Trd, 2591380.346, 85
Trd, 2591380.463, 98
Trd, 2591381.096, 98
Trd, 2591381.763, 84
Trd, 2591381.979, 101
Trd, 2591382.413, 83
Trd, 2591382.913, 85
Trd, 2591383.246, 105
Trd, 2591384.613, 84
Trd, 2591385.529, 91
Trd, 2591385.729, 100
Trd, 2591387.096, 97
Trd, 2591387.796, 99
Trd, 2591388.496, 102
Trd, 2591389.896, 105
Trd, 2591391.029, 103
Trd, 2591391.379, 100
Trd, 2591391.746, 101
Trd, 2591392.013, 94
Trd, 2591393.013, 91
Trd, 2591393.563, 92
Trd, 2591393.946, 102
Trd, 2591394.229, 100
Trd, 2591394.846, 112
Trd, 2591395.279, 103
Trd, 2591395.596, 97
Trd, 2591396.013, 92
Trd, 2591397.296, 95
Trd, 2591397.746, 91
Trd, 2591397.763, 90
Trd, 2591400.379, 98
Trd, 2591401.046, 94
Trd, 2591402.046, 96
Trd, 2591402.313, 103
Trd, 2591402.546, 91
Trd, 2591403.979, 89
Trd, 2591404.246, 91
Trd, 2591404.829, 102
Trd, 2591405.313, 101
Trd, 2591405.629, 98
Trd, 2591406.146, 95
Trd, 2591407.629, 94
Trd, 2591408.229, 98
Trd, 2591408.713, 95
Trd, 2591409.929, 97
Trd, 2591410.779, 95
Trd, 2591411.379, 99
Trd, 2591411.429, 93
Trd, 2591412.446, 96
Trd, 2591413.179, 101
Trd, 2591414.063, 94
Trd, 2591414.146, 91
Trd, 2591415.079, 83
Trd, 2591415.313, 83
Trd, 2591415.796, 104
Trd, 2591416.663, 96
Trd, 2591418.413, 94
Trd, 2591418.429, 109
Trd, 2591419.296, 105
Trd, 2591419.429, 103
Trd, 2591420.429, 105
Trd, 2591420.613, 95
Trd, 2591421.979, 107
Trd, 2591425.246, 101
Trd, 2591425.946, 94
Trd, 2591426.063, 83
Trd, 2591426.379, 86
Trd, 2591426.629, 105
Trd, 2591427.313, 88
Trd, 2591428.063, 108
Trd, 2591429.113, 106
Trd, 2591429.696, 104
Trd, 2591429.729, 91
Trd, 2591429.863, 112
Trd, 2591429.963, 113
Trd, 2591430.229, 104
Trd, 2591430.296, 100
Trd, 2591432.529, 89
Trd, 2591434.213, 95
Trd, 2591434.479, 98
Trd, 2591435.046, 95
Trd, 2591435.629, 98
Trd, 2591435.913, 107
Trd, 2591436.263, 94
Trd, 2591437.329, 92
Trd, 2591437.613, 90
Trd, 2591439.113, 89
Trd, 2591441.446, 93
Trd, 2591441.613, 96
Trd, 2591442.013, 99
Trd, 2591442.063, 91
Trd, 2591442.196, 87
Trd, 2591442.396, 88
Trd, 2591443.396, 104
Trd, 2591443.596, 105
Trd, 2591446.479, 100
Trd, 2591447.113, 113
Trd, 2591448.663, 100
Trd, 2591449.946, 101
Trd, 2591450.229, 99
Trd, 2591450.696, 94
Trd, 2591450.913, 115
Trd, 2591450.996, 115
Trd, 2591451.163, 94
Trd, 2591452.579, 104
Trd, 2591453.913, 107
Trd, 2591453.963, 93
Trd, 2591454.013, 90
Trd, 2591454.863, 102
Trd, 2591456.013, 105
Trd, 2591456.829, 109
Trd, 2591458.379, 105
Trd, 2591458.496, 95
Trd, 2591459.213, 94
Trd, 2591460.063, 95
Trd, 2591460.713, 96
Trd, 2591460.896, 94
Trd, 2591461.463, 94
Trd, 2591462.046, 92
Trd, 2591463.113, 93
Trd, 2591464.096, 98
Trd, 2591464.713, 102
Trd, 2591465.046, 91
Trd, 2591465.963, 95
Trd, 2591466.396, 95
Trd, 2591466.679, 97
Trd, 2591468.046, 105
Trd, 2591468.163, 102
Trd, 2591469.113, 113
Trd, 2591469.413, 105
Trd, 2591469.979, 115
Trd, 2591471.279, 105
Trd, 2591471.446, 104
Trd, 2591471.663, 94
Trd, 2591471.679, 94
Trd, 2591472.029, 94
Trd, 2591472.513, 86
Trd, 2591472.646, 84
Trd, 2591474.279, 95
Trd, 2591474.729, 92
Trd, 2591475.179, 98
Trd, 2591476.963, 96
Trd, 2591477.996, 94
Trd, 2591478.129, 94
Trd, 2591478.329, 93
Trd, 2591478.729, 102
Trd, 2591479.146, 101
Trd, 2591479.213, 94
Trd, 2591479.813, 103
Trd, 2591480.113, 106
Trd, 2591481.246, 87
Trd, 2591482.846, 98
Trd, 2591483.329, 101
Trd, 2591484.929, 94
Trd, 2591485.346, 120
Trd, 2591485.579, 104
Trd, 2591485.963, 98
Trd, 2591486.179, 97
Trd, 2591486.213, 108
Trd, 2591487.629, 97
Trd, 2591489.079, 102
Trd, 2591489.963, 102
Trd, 2591490.279, 101
Trd, 2591491.296, 94
Trd, 2591491.529, 103
Trd, 2591491.796, 91
Trd, 2591492.729, 96
Trd, 2591494.563, 93
Trd, 2591494.996, 92
Trd, 2591495.113, 90
Trd, 2591495.529, 97
Trd, 2591495.646, 79
Trd, 2591496.196, 92
Trd, 2591497.013, 88
Trd, 2591498.163, 88
Trd, 2591498.729, 89
Trd, 2591499.563, 91
Trd, 2591499.763, 95
Trd, 2591500.229, 98
Trd, 2591501.513, 107
Trd, 2591502.146, 106
Trd, 2591503.246, 105
Trd, 2591503.263, 104
Trd, 2591503.729, 112
Trd, 2591507.579, 110
Trd, 2591508.213, 94
Trd, 2591508.463, 93
Trd, 2591508.729, 112
Trd, 2591508.846, 90
Trd, 2591509.429, 113
Trd, 2591509.813, 117
Trd, 2591511.329, 117
Trd, 2591511.363, 100
Trd, 2591511.696, 118
Trd, 2591512.079, 100
Trd, 2591512.563, 95
Trd, 2591513.379, 101
Trd, 2591513.913, 106
Trd, 2591514.913, 103
Trd, 2591515.046, 102
Trd, 2591515.313, 102
Trd, 2591515.346, 94
Trd, 2591516.279, 105
Trd, 2591517.546, 92
Trd, 2591518.263, 97
Trd, 2591518.863, 97
Trd, 2591519.729, 89
Trd, 2591520.813, 82
Trd, 2591522.163, 95
Trd, 2591523.229, 97
Trd, 2591523.329, 92
Trd, 2591523.546, 98
Trd, 2591523.746, 111
Trd, 2591524.113, 95
Trd, 2591525.379, 86
Trd, 2591526.479, 89
Trd, 2591527.146, 87
Trd, 2591528.796, 98
Trd, 2591529.079, 92
Trd, 2591529.763, 113
Trd, 2591529.779, 94
Trd, 2591530.296, 110
Trd, 2591532.813, 95
Trd, 2591533.996, 95
Trd, 2591534.579, 93
Trd, 2591535.879, 92
Trd, 2591537.296, 90
Trd, 2591537.613, 96
Trd, 2591538.246, 109
Trd, 2591538.563, 94
Trd, 2591539.013, 92
Trd, 2591539.846, 111
Trd, 2591540.063, 110
Trd, 2591540.679, 118
Trd, 2591540.996, 115
Trd, 2591541.479, 95
Trd, 2591542.013, 103
Trd, 2591542.746, 98
Trd, 2591543.979, 89
Trd, 2591544.096, 101
Trd, 2591544.679, 104
Trd, 2591545.513, 103
Trd, 2591545.663, 104
Trd, 2591546.429, 92
Trd, 2591546.863, 98
Trd, 2591548.313, 100
Trd, 2591549.546, 96
Trd, 2591550.596, 92
Trd, 2591551.246, 90
Trd, 2591551.279, 114
Trd, 2591552.246, 117
Trd, 2591553.013, 94
Trd, 2591554.613, 109
Trd, 2591555.246, 105
Trd, 2591555.913, 91
Trd, 2591557.846, 93
Trd, 2591558.246, 87
Trd, 2591558.979, 88
Trd, 2591560.363, 96
Trd, 2591560.513, 95
Trd, 2591560.696, 95
Trd, 2591560.946, 85
Trd, 2591562.346, 96
Trd, 2591562.363, 105
Trd, 2591562.513, 91
Trd, 2591563.163, 113
Trd, 2591563.863, 111
Trd, 2591564.513, 112
Trd, 2591565.179, 114
Trd, 2591565.246, 100
Trd, 2591565.479, 99
Trd, 2591565.913, 92
Trd, 2591566.429, 85
Trd, 2591567.946, 97
Trd, 2591568.396, 100
Trd, 2591568.463, 102
Trd, 2591569.146, 112
Trd, 2591570.346, 93
Trd, 2591571.079, 106
Trd, 2591572.863, 106
Trd, 2591573.846, 94
Trd, 2591574.629, 89
Trd, 2591574.679, 87
Trd, 2591574.796, 83
Trd, 2591575.179, 99
Trd, 2591576.746, 105
Trd, 2591577.129, 104
Trd, 2591577.529, 102
Trd, 2591578.246, 95
Trd, 2591579.129, 101
Trd, 2591582.496, 96
Trd, 2591583.229, 93
Trd, 2591583.579, 98
Trd, 2591584.296, 98
Trd, 2591584.779, 97
Trd, 2591585.496, 98
Trd, 2591586.096, 96
Trd, 2591586.896, 94
Trd, 2591587.863, 91
Trd, 2591587.913, 90
Trd, 2591589.329, 94
Trd, 2591589.513, 98
Trd, 2591589.929, 102
Trd, 2591590.196, 93
Trd, 2591591.846, 93
Trd, 2591591.863, 91
Trd, 2591592.179, 85
Trd, 2591592.579, 103
Trd, 2591596.779, 97
Trd, 2591597.813, 98
Trd, 2591597.829, 95
Trd, 2591597.896, 94
Trd, 2591597.913, 93
Trd, 2591598.096, 85
Trd, 2591599.246, 94
Trd, 2591600.379, 89
Trd, 2591600.463, 108
Trd, 2591600.546, 86
Trd, 2591602.013, 110
Trd, 2591602.696, 107
Trd, 2591603.396, 109
Trd, 2591603.513, 108
Trd, 2591604.979, 104
Trd, 2591604.996, 94
Trd, 2591606.179, 90
Trd, 2591606.296, 89
Trd, 2591606.379, 85
Trd, 2591606.779, 112
Trd, 2591608.146, 87
Trd, 2591608.313, 86
Trd, 2591608.463, 88
Trd, 2591609.213, 90
Trd, 2591609.296, 88
Trd, 2591609.479, 98
Trd, 2591610.129, 98
Trd, 2591610.229, 100
Trd, 2591612.363, 99
Trd, 2591612.729, 101
Trd, 2591613.779, 111
Trd, 2591613.863, 112
Trd, 2591614.179, 104
Trd, 2591615.696, 112
Trd, 2591616.796, 113
Trd, 2591616.863, 112
Trd, 2591617.813, 106
Trd, 2591617.879, 97
Trd, 2591618.079, 118
Trd, 2591618.329, 86
Trd, 2591619.279, 108
Trd, 2591619.513, 110
Trd, 2591619.796, 98
Trd, 2591621.696, 96
Trd, 2591621.746, 94
Trd, 2591622.279, 98
Trd, 2591622.313, 91
Trd, 2591622.813, 85
Trd, 2591623.079, 85
Trd, 2591625.946, 83
Trd, 2591626.463, 98
Trd, 2591626.963, 110
Trd, 2591627.746, 111
Trd, 2591629.029, 106
Trd, 2591629.063, 94
Trd, 2591630.146, 105
Trd, 2591630.379, 84
Trd, 2591631.846, 109
Trd, 2591632.279, 94
Trd, 2591633.163, 93
Trd, 2591633.763, 104
Trd, 2591634.313, 107
Trd, 2591634.729, 112
Trd, 2591635.213, 109
Trd, 2591635.996, 109
Trd, 2591636.363, 107
Trd, 2591636.496, 97
Trd, 2591637.513, 107
Trd, 2591638.929, 102
Trd, 2591639.479, 94
Trd, 2591639.663, 92
Trd, 2591642.179, 97
Trd, 2591642.296, 86
Trd, 2591642.563, 98
Trd, 2591643.596, 90
Trd, 2591645.113, 105
Trd, 2591645.663, 108
Trd, 2591646.496, 90
Trd, 2591647.079, 81
Trd, 2591647.229, 80
Trd, 2591647.746, 86
Trd, 2591648.079, 91
Trd, 2591650.063, 105
Trd, 2591650.179, 106
Trd, 2591650.279, 105
Trd, 2591650.363, 107
Trd, 2591651.429, 97
Trd, 2591652.429, 96
Trd, 2591653.629, 104
Trd, 2591653.879, 105
Trd, 2591653.913, 100
Trd, 2591654.913, 100
Trd, 2591656.213, 98
Trd, 2591656.229, 94
Trd, 2591656.246, 105
Trd, 2591656.596, 87
Trd, 2591657.113, 100
Trd, 2591658.413, 92
Trd, 2591659.113, 117
Trd, 2591660.413, 103
Trd, 2591661.029, 103
Trd, 2591661.179, 101
Trd, 2591661.913, 103
Trd, 2591662.096, 106
Trd, 2591662.463, 101
Trd, 2591663.179, 101
Trd, 2591663.446, 88
Trd, 2591663.913, 97
Trd, 2591666.646, 89
Trd, 2591667.463, 93
Trd, 2591668.646, 88
Trd, 2591669.296, 84
Trd, 2591669.763, 80
Trd, 2591670.429, 98
Trd, 2591670.646, 78
Trd, 2591671.146, 107
Trd, 2591671.329, 97
Trd, 2591672.213, 87
Trd, 2591672.529, 80
Trd, 2591673.863, 96
Trd, 2591674.779, 111
Trd, 2591675.563, 90
Trd, 2591676.079, 94
Trd, 2591676.896, 95
Trd, 2591678.613, 97
Trd, 2591679.163, 97
Trd, 2591679.596, 98
Trd, 2591680.796, 100
Trd, 2591682.179, 106
Trd, 2591682.279, 101
Trd, 2591683.263, 97
Trd, 2591683.429, 103
Trd, 2591685.013, 95
Trd, 2591685.163, 93
Trd, 2591686.813, 97
Trd, 2591687.113, 95
Trd, 2591687.146, 105
Trd, 2591687.479, 109
Trd, 2591688.129, 111
Trd, 2591688.179, 91
Trd, 2591688.196, 112
Trd, 2591689.896, 94
Trd, 2591689.996, 93
Trd, 2591690.179, 90
Trd, 2591690.429, 82
Trd, 2591691.913, 90
Trd, 2591692.446, 88
Trd, 2591693.796, 91
Trd, 2591696.029, 100
Trd, 2591697.046, 111
Trd, 2591698.129, 109
Trd, 2591699.046, 107
Trd, 2591699.079, 106
Trd, 2591699.113, 109
Trd, 2591699.446, 103
Trd, 2591699.479, 91
Trd, 2591699.946, 100
Trd, 2591702.213, 90
Trd, 2591702.729, 87
Trd, 2591703.096, 95
Trd, 2591703.196, 98
Trd, 2591703.479, 90
Trd, 2591703.546, 100
Trd, 2591703.579, 85
Trd, 2591704.313, 102
Trd, 2591704.829, 107
Trd, 2591705.796, 93
Trd, 2591708.246, 109
Trd, 2591708.963, 93
Trd, 2591709.613, 96
Trd, 2591709.879, 95
Trd, 2591709.896, 103
Trd, 2591710.413, 105
Trd, 2591710.429, 97
Trd, 2591712.679, 95
Trd, 2591712.979, 93
Trd, 2591713.246, 88
Trd, 2591713.546, 98
Trd, 2591713.863, 108
Trd, 2591715.579, 95
Trd, 2591715.596, 94
Trd, 2591715.946, 98
Trd, 2591716.179, 91
Trd, 2591716.329, 84
Trd, 2591716.479, 105
Trd, 2591716.729, 88
Trd, 2591718.813, 98
Trd, 2591720.463, 105
Trd, 2591720.513, 97
Trd, 2591720.913, 99
Trd, 2591721.713, 96
Trd, 2591721.746, 93
Trd, 2591723.479, 88
Trd, 2591725.963, 105
Trd, 2591727.296, 98
Trd, 2591728.313, 105
Trd, 2591729.279, 89
Trd, 2591729.346, 87
Trd, 2591731.313, 100
Trd, 2591731.679, 101
Trd, 2591732.296, 100
Trd, 2591732.663, 94
Trd, 2591732.746, 101
Trd, 2591733.363, 98
Trd, 2591733.579, 94
Trd, 2591734.279, 87
Trd, 2591735.013, 103
Trd, 2591735.863, 104
Trd, 2591736.646, 95
Trd, 2591738.196, 109
Trd, 2591738.546, 111
Trd, 2591738.779, 106
Trd, 2591739.396, 102
Trd, 2591740.846, 103
Trd, 2591741.179, 103
Trd, 2591741.296, 102
Trd, 2591742.679, 97
Trd, 2591742.696, 94
Trd, 2591742.863, 115
Trd, 2591744.313, 113
Trd, 2591744.396, 112
Trd, 2591744.513, 99
Trd, 2591746.163, 103
Trd, 2591746.696, 90
Trd, 2591747.263, 99
Trd, 2591747.379, 92
Trd, 2591748.429, 95
Trd, 2591750.946, 95
Trd, 2591751.163, 92
Trd, 2591752.196, 100
Trd, 2591753.013, 97
Trd, 2591755.263, 99
Trd, 2591755.463, 98
Trd, 2591755.713, 105
Trd, 2591756.296, 105
Trd, 2591757.146, 105
Trd, 2591757.263, 96
Trd, 2591757.513, 96
Trd, 2591757.613, 93
Trd, 2591758.029, 106
Trd, 2591758.813, 96
Trd, 2591760.379, 99
Trd, 2591760.413, 101
Trd, 2591760.663, 97
Trd, 2591761.113, 94
Trd, 2591762.846, 94
Trd, 2591763.946, 105
Trd, 2591764.479, 106
Trd, 2591765.846, 107
Trd, 2591767.879, 109
Trd, 2591768.429, 94
Trd, 2591768.596, 93
Trd, 2591769.313, 100
Trd, 2591770.446, 109
Trd, 2591771.279, 97
Trd, 2591771.346, 95
Trd, 2591771.429, 105
Trd, 2591772.713, 104
Trd, 2591773.046, 103
Trd, 2591773.196, 101
Trd, 2591773.379, 111
Trd, 2591773.929, 99
Trd, 2591774.146, 98
Trd, 2591774.313, 94
Trd, 2591774.779, 87
Trd, 2591777.529, 91
Trd, 2591777.679, 93
Trd, 2591777.713, 94
Trd, 2591778.246, 88
Trd, 2591778.529, 90
Trd, 2591779.029, 89
Trd, 2591779.213, 104
Trd, 2591779.313, 105
Trd, 2591782.063, 92
Trd, 2591783.746, 109
Trd, 2591783.796, 107
Trd, 2591784.446, 102
Trd, 2591785.663, 100
Trd, 2591785.696, 105
Trd, 2591786.429, 103
Trd, 2591786.563, 109
Trd, 2591787.846, 109
Trd, 2591788.363, 104
Trd, 2591791.529, 109
Trd, 2591791.963, 109
Trd, 2591792.213, 108
Trd, 2591793.246, 101
Trd, 2591793.329, 93
Trd, 2591793.413, 111
Trd, 2591794.879, 105
Trd, 2591795.229, 99
Trd, 2591796.246, 100
Trd, 2591796.446, 105
Trd, 2591796.713, 99
Trd, 2591798.363, 92
Trd, 2591798.779, 89
Trd, 2591798.846, 84
Trd, 2591802.546, 103
Trd, 2591802.563, 98
Trd, 2591803.929, 93
Trd, 2591803.996, 92
Trd, 2591804.163, 99
Trd, 2591804.879, 82
Trd, 2591805.463, 95
Trd, 2591805.896, 86
Trd, 2591806.029, 82
Trd, 2591806.379, 94
Trd, 2591807.579, 95
Trd, 2591809.013, 98
Trd, 2591809.146, 106
Trd, 2591809.213, 107
Trd, 2591809.363, 100
Trd, 2591809.479, 97
Trd, 2591809.563, 91
Trd, 2591809.613, 82
Trd, 2591812.029, 95
Trd, 2591813.496, 111
Trd, 2591814.279, 110
Trd, 2591814.363, 107
Trd, 2591815.146, 111
Trd, 2591815.463, 111
Trd, 2591816.296, 109
Trd, 2591817.046, 107
Trd, 2591818.846, 103
Trd, 2591819.179, 100
Trd, 2591819.596, 92
Trd, 2591821.813, 88
Trd, 2591822.279, 84
Trd, 2591823.779, 97
Trd, 2591824.046, 97
Trd, 2591824.563, 99
Trd, 2591825.129, 105
Trd, 2591825.213, 102
Trd, 2591827.063, 96
Trd, 2591827.179, 98
Trd, 2591827.529, 111
Trd, 2591827.596, 96
Trd, 2591828.179, 96
Trd, 2591828.513, 94
Trd, 2591829.429, 93
Trd, 2591829.663, 94
Trd, 2591830.979, 91
Trd, 2591833.596, 101
Trd, 2591833.763, 94
Trd, 2591834.096, 105
Trd, 2591834.313, 106
Trd, 2591835.013, 92
Trd, 2591835.713, 94
Trd, 2591837.329, 107
Trd, 2591838.929, 92
Trd, 2591840.096, 94
Trd, 2591840.629, 98
Trd, 2591840.729, 94
Trd, 2591842.879, 100
Trd, 2591843.096, 98
Trd, 2591843.563, 101
Trd, 2591844.329, 101
Trd, 2591845.463, 101
Trd, 2591846.096, 101
Trd, 2591846.996, 103
Trd, 2591849.063, 101
Trd, 2591849.663, 99
Trd, 2591850.363, 98
Trd, 2591850.513, 94
Trd, 2591850.796, 106
Trd, 2591850.813, 94
Trd, 2591851.129, 91
Trd, 2591851.179, 91
Trd, 2591851.513, 92
Trd, 2591851.896, 105
Trd, 2591852.796, 82
Trd, 2591853.313, 109
Trd, 2591853.996, 85
Trd, 2591854.313, 84
Trd, 2591856.246, 88
Trd, 2591856.379, 81
Trd, 2591857.746, 94
Trd, 2591858.446, 99
Trd, 2591859.363, 87
Trd, 2591861.046, 107
Trd, 2591861.179, 116
Trd, 2591862.096, 112
Trd, 2591863.429, 109
Trd, 2591865.279, 104
Trd, 2591865.446, 108
Trd, 2591865.979, 112
Trd, 2591866.046, 103
Trd, 2591866.363, 102
Trd, 2591867.146, 101
Trd, 2591867.863, 100
Trd, 2591868.729, 102
Trd, 2591869.313, 108
Trd, 2591869.379, 112
Trd, 2591869.946, 108
Trd, 2591870.063, 104
Trd, 2591870.779, 105
Trd, 2591871.863, 96
Trd, 2591872.513, 94
Trd, 2591872.879, 105
Trd, 2591874.813, 103
Trd, 2591875.246, 107
Trd, 2591876.696, 108
Trd, 2591876.713, 107
Trd, 2591877.579, 101
Trd, 2591878.329, 102
Trd, 2591879.629, 99
Trd, 2591879.746, 91
Trd, 2591880.646, 94
Trd, 2591881.096, 81
Trd, 2591881.363, 87
Trd, 2591882.946, 103
Trd, 2591883.313, 95
Trd, 2591883.329, 91
Trd, 2591883.963, 104
Trd, 2591884.563, 105
Trd, 2591884.929, 98
Trd, 2591885.163, 97
Trd, 2591885.263, 97
Trd, 2591886.329, 98
Trd, 2591887.279, 102
Trd, 2591888.113, 98
Trd, 2591888.429, 99
Trd, 2591888.513, 96
Trd, 2591889.029, 97
Trd, 2591889.763, 94
Trd, 2591891.779, 83
Trd, 2591892.479, 106
Trd, 2591892.496, 85
Trd, 2591894.196, 98
Trd, 2591894.463, 96
Trd, 2591894.746, 96
Trd, 2591895.296, 91
Trd, 2591895.729, 95
Trd, 2591895.946, 89
Trd, 2591896.913, 100
Trd, 2591898.529, 98
Trd, 2591899.063, 93
Trd, 2591900.129, 91
Trd, 2591900.846, 93
Trd, 2591900.979, 87
Trd, 2591901.546, 86
Trd, 2591902.846, 85
Trd, 2591904.979, 90
Trd, 2591905.713, 90
Trd, 2591906.513, 92
Trd, 2591907.029, 98
Trd, 2591907.396, 97
Trd, 2591907.713, 103
Trd, 2591907.896, 97
Trd, 2591908.496, 95
Trd, 2591911.396, 100
Trd, 2591911.496, 97
Trd, 2591911.663, 93
Trd, 2591912.096, 92
Trd, 2591913.046, 95
Trd, 2591914.613, 97
Trd, 2591915.296, 96
Trd, 2591915.346, 97
Trd, 2591916.029, 97
Trd, 2591916.563, 98
Trd, 2591916.829, 105
Trd, 2591918.363, 95
Trd, 2591918.963, 98
Trd, 2591919.896, 95
Trd, 2591920.413, 93
Trd, 2591920.879, 90
Trd, 2591922.046, 89
Trd, 2591923.429, 105
Trd, 2591923.879, 99
Trd, 2591924.329, 88
Trd, 2591925.513, 103
Trd, 2591925.829, 102
Trd, 2591926.529, 104
Trd, 2591927.013, 98
Trd, 2591927.446, 110
Trd, 2591927.713, 106
Trd, 2591929.863, 97
Trd, 2591931.429, 99
Trd, 2591931.463, 100
Trd, 2591931.496, 96
Trd, 2591932.646, 110
Trd, 2591932.679, 97
Trd, 2591933.563, 99
Trd, 2591934.063, 101
Trd, 2591935.696, 91
Trd, 2591937.313, 91
Trd, 2591937.463, 99
Trd, 2591938.379, 88
Trd, 2591938.913, 93
Trd, 2591938.996, 88
Trd, 2591939.413, 103
Trd, 2591940.346, 106
Trd, 2591941.029, 101
Trd, 2591941.546, 111
Trd, 2591942.346, 110
Trd, 2591942.546, 109
Trd, 2591943.413, 106
Trd, 2591943.613, 102
Trd, 2591943.896, 94
Trd, 2591944.496, 92
Trd, 2591945.063, 89
Trd, 2591946.696, 95
Trd, 2591947.896, 98
Trd, 2591948.029, 97
Trd, 2591948.346, 103
Trd, 2591948.529, 97
Trd, 2591949.863, 84
Trd, 2591950.963, 90
Trd, 2591952.046, 94
Trd, 2591952.896, 91
Trd, 2591952.963, 98
Trd, 2591953.913, 96
Trd, 2591954.479, 95
Trd, 2591954.613, 111
Trd, 2591954.829, 113
Trd, 2591958.013, 105
Trd, 2591958.246, 97
Trd, 2591958.463, 109
Trd, 2591959.596, 95
Trd, 2591960.296, 93
Trd, 2591960.663, 102
Trd, 2591962.213, 92
Trd, 2591962.579, 95
Trd, 2591962.946, 104
Trd, 2591964.196, 104
Trd, 2591964.346, 111
Trd, 2591964.696, 95
Trd, 2591965.096, 94
Trd, 2591965.329, 99
Trd, 2591965.846, 82
Trd, 2591966.663, 87
Trd, 2591966.829, 99
Trd, 2591969.079, 92
Trd, 2591969.163, 86
Trd, 2591969.713, 101
Trd, 2591969.779, 87
Trd, 2591971.629, 100
Trd, 2591972.329, 105
Trd, 2591972.629, 102
Trd, 2591972.846, 102
Trd, 2591974.946, 108
Trd, 2591975.929, 110
Trd, 2591975.946, 109
Trd, 2591976.896, 109
Trd, 2591977.129, 105
Trd, 2591977.429, 93
Trd, 2591977.596, 83
Trd, 2591979.296, 113
Trd, 2591979.946, 102
Trd, 2591980.479, 91
Trd, 2591980.946, 106
Trd, 2591982.029, 104
Trd, 2591982.113, 103
Trd, 2591982.329, 105
Trd, 2591982.779, 118
Trd, 2591985.463, 94
Trd, 2591985.913, 95
Trd, 2591987.963, 91
Trd, 2591989.029, 88
Trd, 2591989.163, 86
Trd, 2591989.429, 85
Trd, 2591989.829, 92
Trd, 2591991.046, 85
Trd, 2591992.979, 101
Trd, 2591993.096, 99
Trd, 2591993.913, 98
Trd, 2591993.979, 105
Trd, 2591994.729, 93
Trd, 2591995.963, 95
Trd, 2591996.329, 97
Trd, 2591997.646, 92
Trd, 2591997.863, 92
Trd, 2591998.263, 98
Trd, 2591999.396, 98
Trd, 2591999.896, 110
