Trd, 2590684.196, 121
Trd, 2590684.563, 103
Trd, 2590684.796, 109
Trd, 2590685.029, 100
Trd, 2590685.796, 91
Trd, 2590685.846, 85
Trd, 2590687.163, 91
Trd, 2590688.329, 89
Trd, 2590689.113, 93
Trd, 2590690.529, 93
Trd, 2590690.713, 101
Trd, 2590691.679, 98
Trd, 2590691.996, 94
Trd, 2590692.246, 94
Trd, 2590692.696, 106
Trd, 2590693.096, 113
Trd, 2590693.379, 88
Trd, 2590693.796, 99
Trd, 2590694.113, 79
Trd, 2590694.463, 77
Trd, 2590694.779, 82
Trd, 2590696.796, 92
Trd, 2590697.196, 119
Trd, 2590698.196, 104
Trd, 2590699.463, 111
Trd, 2590700.396, 112
Trd, 2590701.546, 114
Trd, 2590701.629, 115
Trd, 2590701.746, 116
Trd, 2590702.179, 122
Trd, 2590702.529, 104
Trd, 2590703.146, 113
Trd, 2590703.513, 104
Trd, 2590704.113, 95
Trd, 2590704.146, 87
Trd, 2590704.379, 85
Trd, 2590708.513, 103
Trd, 2590708.663, 92
Trd, 2590708.679, 106
Trd, 2590708.796, 90
Trd, 2590709.029, 85
Trd, 2590709.379, 112
Trd, 2590710.079, 85
Trd, 2590710.096, 83
Trd, 2590711.396, 114
Trd, 2590712.396, 113
Trd, 2590712.879, 115
Trd, 2590714.763, 109
Trd, 2590714.946, 100
Trd, 2590714.963, 92
Trd, 2590715.096, 88
Trd, 2590715.796, 113
Trd, 2590717.663, 91
Trd, 2590717.713, 98
Trd, 2590717.896, 82
Trd, 2590718.746, 102
Trd, 2590719.329, 97
Trd, 2590720.029, 96
Trd, 2590720.679, 96
Trd, 2590720.979, 95
Trd, 2590721.279, 122
Trd, 2590722.146, 84
Trd, 2590722.879, 86
Trd, 2590723.929, 93
Trd, 2590724.646, 105
Trd, 2590724.796, 85
Trd, 2590725.263, 110
Trd, 2590725.813, 102
Trd, 2590726.146, 101
Trd, 2590726.613, 102
Trd, 2590727.313, 87
Trd, 2590727.346, 81
Trd, 2590730.063, 105
Trd, 2590730.429, 94
Trd, 2590731.863, 88
Trd, 2590732.546, 105
Trd, 2590732.613, 84
Trd, 2590732.746, 79
Trd, 2590733.596, 113
Trd, 2590734.546, 107
Trd, 2590735.046, 99
Trd, 2590735.379, 118
Trd, 2590735.529, 80
Trd, 2590735.679, 103
Trd, 2590737.263, 104
Trd, 2590737.363, 115
Trd, 2590737.396, 95
Trd, 2590737.779, 79
Trd, 2590738.479, 108
Trd, 2590739.496, 87
Trd, 2590739.613, 78
Trd, 2590739.863, 119
Trd, 2590740.529, 119
Trd, 2590742.646, 115
Trd, 2590743.279, 112
Trd, 2590743.446, 107
Trd, 2590744.879, 89
Trd, 2590744.913, 82
Trd, 2590746.129, 85
Trd, 2590746.196, 80
Trd, 2590746.679, 96
Trd, 2590746.896, 80
Trd, 2590747.196, 83
Trd, 2590747.379, 99
Trd, 2590747.479, 120
Trd, 2590749.646, 105
Trd, 2590750.296, 84
Trd, 2590750.779, 107
Trd, 2590750.879, 116
Trd, 2590751.229, 105
Trd, 2590751.629, 101
Trd, 2590752.246, 112
Trd, 2590752.529, 90
Trd, 2590752.629, 96
Trd, 2590753.596, 92
Trd, 2590754.696, 100
Trd, 2590755.563, 107
Trd, 2590755.729, 86
Trd, 2590756.779, 80
Trd, 2590757.396, 84
Trd, 2590757.946, 98
Trd, 2590759.346, 93
Trd, 2590759.896, 99
Trd, 2590760.113, 83
Trd, 2590760.679, 104
Trd, 2590761.846, 103
Trd, 2590762.079, 95
Trd, 2590762.913, 109
Trd, 2590763.663, 111
Trd, 2590764.179, 85
Trd, 2590764.996, 98
Trd, 2590765.213, 115
Trd, 2590765.763, 88
Trd, 2590767.246, 82
Trd, 2590767.979, 81
Trd, 2590768.096, 97
Trd, 2590768.779, 80
Trd, 2590769.846, 101
Trd, 2590770.446, 102
Trd, 2590771.696, 100
Trd, 2590771.829, 97
Trd, 2590772.346, 96
Trd, 2590772.429, 88
Trd, 2590773.179, 84
Trd, 2590774.496, 90
Trd, 2590774.846, 87
Trd, 2590775.563, 100
Trd, 2590775.646, 106
Trd, 2590776.046, 84
Trd, 2590776.396, 92
Trd, 2590776.696, 82
Trd, 2590777.496, 95
Trd, 2590778.363, 116
Trd, 2590779.413, 103
Trd, 2590780.146, 112
Trd, 2590780.579, 95
Trd, 2590780.996, 122
Trd, 2590783.363, 95
Trd, 2590783.396, 92
Trd, 2590786.046, 80
Trd, 2590786.563, 90
Trd, 2590786.713, 112
Trd, 2590786.846, 81
Trd, 2590787.713, 103
Trd, 2590788.379, 109
Trd, 2590788.446, 112
Trd, 2590789.246, 90
Trd, 2590789.396, 112
Trd, 2590789.513, 90
Trd, 2590789.529, 86
Trd, 2590791.713, 106
Trd, 2590792.179, 101
Trd, 2590794.279, 112
Trd, 2590794.446, 110
Trd, 2590794.696, 119
Trd, 2590795.796, 101
Trd, 2590795.846, 117
Trd, 2590796.163, 125
Trd, 2590797.063, 108
Trd, 2590798.313, 104
Trd, 2590798.579, 95
Trd, 2590798.696, 93
Trd, 2590799.079, 88
Trd, 2590799.896, 100
Trd, 2590800.113, 86
Trd, 2590801.113, 93
Trd, 2590801.663, 94
Trd, 2590802.063, 93
Trd, 2590803.079, 88
Trd, 2590803.129, 84
Trd, 2590803.663, 112
Trd, 2590804.096, 96
Trd, 2590804.646, 83
Trd, 2590804.746, 108
Trd, 2590804.813, 112
Trd, 2590805.879, 85
Trd, 2590807.296, 115
Trd, 2590807.896, 106
Trd, 2590809.079, 81
Trd, 2590810.263, 90
Trd, 2590810.446, 92
Trd, 2590810.796, 110
Trd, 2590810.963, 84
Trd, 2590811.379, 103
Trd, 2590814.063, 100
Trd, 2590814.229, 98
Trd, 2590814.763, 94
Trd, 2590815.446, 88
Trd, 2590816.463, 90
Trd, 2590817.163, 114
Trd, 2590817.263, 104
Trd, 2590817.279, 119
Trd, 2590817.779, 92
Trd, 2590818.429, 85
Trd, 2590818.546, 81
Trd, 2590820.446, 102
Trd, 2590820.579, 83
Trd, 2590821.396, 100
Trd, 2590821.479, 104
Trd, 2590821.979, 83
Trd, 2590823.379, 86
Trd, 2590823.513, 106
Trd, 2590823.696, 78
Trd, 2590824.096, 116
Trd, 2590824.229, 91
Trd, 2590824.879, 83
Trd, 2590826.813, 95
Trd, 2590826.863, 96
Trd, 2590826.879, 78
Trd, 2590827.996, 99
Trd, 2590828.029, 76
Trd, 2590829.013, 77
Trd, 2590829.513, 82
Trd, 2590830.113, 105
Trd, 2590831.163, 84
Trd, 2590831.379, 84
Trd, 2590831.529, 82
Trd, 2590831.879, 107
Trd, 2590831.929, 112
Trd, 2590833.196, 110
Trd, 2590833.813, 104
Trd, 2590834.246, 105
Trd, 2590834.946, 81
Trd, 2590835.179, 83
Trd, 2590836.879, 82
Trd, 2590837.613, 79
Trd, 2590838.046, 80
Trd, 2590838.096, 84
Trd, 2590838.946, 100
Trd, 2590839.113, 78
Trd, 2590840.629, 93
Trd, 2590842.413, 106
Trd, 2590843.213, 108
Trd, 2590843.646, 101
Trd, 2590844.446, 109
Trd, 2590845.213, 113
Trd, 2590846.179, 98
Trd, 2590846.329, 103
Trd, 2590846.596, 112
Trd, 2590846.963, 94
Trd, 2590847.446, 91
Trd, 2590848.013, 98
Trd, 2590848.079, 90
Trd, 2590848.179, 117
Trd, 2590850.113, 114
Trd, 2590852.629, 98
Trd, 2590852.813, 102
Trd, 2590853.313, 105
Trd, 2590854.163, 113
Trd, 2590854.346, 112
Trd, 2590854.963, 115
Trd, 2590855.096, 95
Trd, 2590855.396, 89
Trd, 2590855.563, 116
Trd, 2590856.013, 118
Trd, 2590856.029, 83
Trd, 2590856.246, 109
Trd, 2590856.663, 83
Trd, 2590858.363, 96
Trd, 2590858.546, 90
Trd, 2590858.713, 82
Trd, 2590859.229, 112
Trd, 2590860.513, 81
Trd, 2590860.796, 99
Trd, 2590861.546, 112
Trd, 2590861.579, 107
Trd, 2590862.896, 109
Trd, 2590863.846, 113
Trd, 2590864.113, 111
Trd, 2590866.146, 91
Trd, 2590866.513, 95
Trd, 2590867.029, 115
Trd, 2590867.446, 82
Trd, 2590867.963, 84
Trd, 2590868.229, 114
Trd, 2590868.496, 101
Trd, 2590869.129, 115
Trd, 2590869.229, 84
Trd, 2590871.513, 89
Trd, 2590871.696, 90
Trd, 2590871.863, 91
Trd, 2590871.946, 89
Trd, 2590873.096, 104
Trd, 2590873.196, 86
Trd, 2590873.579, 102
Trd, 2590874.879, 110
Trd, 2590875.429, 88
Trd, 2590875.829, 88
Trd, 2590876.579, 95
Trd, 2590876.629, 88
Trd, 2590877.096, 113
Trd, 2590879.079, 111
Trd, 2590879.813, 112
Trd, 2590880.696, 109
Trd, 2590881.896, 96
Trd, 2590882.429, 104
Trd, 2590882.563, 97
Trd, 2590883.563, 104
Trd, 2590884.063, 105
Trd, 2590884.296, 117
Trd, 2590885.179, 122
Trd, 2590885.746, 110
Trd, 2590885.846, 108
Trd, 2590885.896, 107
Trd, 2590886.546, 97
Trd, 2590886.746, 89
Trd, 2590886.913, 114
Trd, 2590887.113, 96
Trd, 2590890.863, 90
Trd, 2590890.929, 96
Trd, 2590891.729, 98
Trd, 2590892.213, 89
Trd, 2590892.446, 100
Trd, 2590892.996, 108
Trd, 2590894.029, 83
Trd, 2590896.129, 92
Trd, 2590896.196, 93
Trd, 2590896.246, 114
Trd, 2590896.579, 90
Trd, 2590896.613, 90
Trd, 2590897.213, 90
Trd, 2590897.829, 114
Trd, 2590898.096, 117
Trd, 2590899.146, 94
Trd, 2590899.696, 104
Trd, 2590900.046, 105
Trd, 2590900.246, 94
Trd, 2590900.479, 100
Trd, 2590900.513, 91
Trd, 2590900.663, 105
Trd, 2590901.779, 86
Trd, 2590902.296, 97
Trd, 2590903.413, 101
Trd, 2590904.146, 118
Trd, 2590905.263, 117
Trd, 2590906.813, 84
Trd, 2590907.113, 90
Trd, 2590907.196, 81
Trd, 2590908.113, 77
Trd, 2590909.296, 101
Trd, 2590909.546, 102
Trd, 2590909.829, 98
Trd, 2590910.246, 91
Trd, 2590910.763, 106
Trd, 2590911.129, 108
Trd, 2590911.479, 104
Trd, 2590912.329, 114
Trd, 2590912.429, 96
Trd, 2590912.563, 118
Trd, 2590912.929, 103
Trd, 2590913.079, 89
Trd, 2590914.646, 110
Trd, 2590914.846, 103
Trd, 2590917.313, 104
Trd, 2590918.329, 100
Trd, 2590918.479, 106
Trd, 2590918.563, 99
Trd, 2590918.846, 102
Trd, 2590918.946, 99
Trd, 2590918.963, 96
Trd, 2590919.163, 107
Trd, 2590919.313, 94
Trd, 2590919.529, 79
Trd, 2590919.829, 84
Trd, 2590921.429, 110
Trd, 2590921.979, 87
Trd, 2590923.163, 75
Trd, 2590924.796, 86
Trd, 2590924.846, 84
Trd, 2590925.463, 112
Trd, 2590927.363, 92
Trd, 2590927.863, 112
Trd, 2590927.879, 116
Trd, 2590928.129, 86
Trd, 2590928.363, 84
Trd, 2590929.796, 94
Trd, 2590930.496, 85
Trd, 2590930.696, 105
Trd, 2590930.879, 83
Trd, 2590931.029, 117
Trd, 2590931.496, 96
Trd, 2590932.013, 97
Trd, 2590932.379, 99
Trd, 2590933.729, 107
Trd, 2590933.779, 97
Trd, 2590933.946, 89
Trd, 2590934.146, 94
Trd, 2590934.563, 100
Trd, 2590934.929, 85
Trd, 2590937.196, 118
Trd, 2590937.396, 117
Trd, 2590938.463, 114
Trd, 2590939.996, 115
Trd, 2590940.079, 94
Trd, 2590940.729, 88
Trd, 2590941.846, 91
Trd, 2590942.296, 88
Trd, 2590942.529, 99
Trd, 2590943.229, 93
Trd, 2590943.996, 105
Trd, 2590944.696, 110
Trd, 2590945.029, 105
Trd, 2590945.396, 117
Trd, 2590946.196, 116
Trd, 2590947.696, 112
Trd, 2590947.746, 100
Trd, 2590948.813, 121
Trd, 2590949.129, 88
Trd, 2590949.363, 126
Trd, 2590949.696, 105
Trd, 2590949.846, 84
Trd, 2590951.413, 104
Trd, 2590951.829, 84
Trd, 2590952.363, 100
Trd, 2590952.996, 105
Trd, 2590953.379, 97
Trd, 2590953.446, 85
Trd, 2590953.463, 82
Trd, 2590953.529, 108
Trd, 2590954.429, 111
Trd, 2590955.413, 127
Trd, 2590955.579, 129
Trd, 2590955.896, 100
Trd, 2590955.979, 86
Trd, 2590956.496, 91
Trd, 2590957.613, 102
Trd, 2590957.929, 97
Trd, 2590960.546, 96
Trd, 2590960.663, 97
Trd, 2590961.346, 95
Trd, 2590961.363, 108
Trd, 2590961.429, 112
Trd, 2590962.979, 98
Trd, 2590963.963, 112
Trd, 2590964.329, 108
Trd, 2590964.646, 87
Trd, 2590966.429, 100
Trd, 2590967.763, 112
Trd, 2590967.979, 90
Trd, 2590968.346, 90
Trd, 2590969.229, 86
Trd, 2590969.313, 87
Trd, 2590969.829, 94
Trd, 2590969.896, 83
Trd, 2590970.646, 97
Trd, 2590970.696, 76
Trd, 2590970.963, 74
Trd, 2590971.196, 95
Trd, 2590971.829, 104
Trd, 2590972.279, 99
Trd, 2590972.663, 96
Trd, 2590973.179, 93
Trd, 2590973.279, 121
Trd, 2590973.463, 88
Trd, 2590973.579, 123
Trd, 2590975.463, 92
Trd, 2590975.613, 112
Trd, 2590976.763, 80
Trd, 2590976.896, 87
Trd, 2590978.079, 109
Trd, 2590978.179, 83
Trd, 2590979.263, 81
Trd, 2590979.596, 82
Trd, 2590980.763, 83
Trd, 2590981.063, 86
Trd, 2590981.129, 77
Trd, 2590981.296, 111
Trd, 2590982.363, 109
Trd, 2590983.279, 105
Trd, 2590983.413, 105
Trd, 2590983.829, 73
Trd, 2590985.246, 102
Trd, 2590985.629, 94
Trd, 2590986.496, 105
Trd, 2590987.579, 106
Trd, 2590989.279, 99
Trd, 2590990.663, 98
Trd, 2590990.679, 97
Trd, 2590990.929, 115
Trd, 2590991.029, 89
Trd, 2590991.596, 89
Trd, 2590992.413, 91
Trd, 2590992.929, 98
Trd, 2590993.329, 81
Trd, 2590993.379, 108
Trd, 2590993.929, 113
Trd, 2590994.496, 94
Trd, 2590994.679, 83
Trd, 2590994.796, 83
Trd, 2590996.913, 107
Trd, 2590996.996, 113
Trd, 2590999.246, 110
Trd, 2590999.329, 115
Trd, 2590999.646, 107
Trd, 2591000.196, 99
Trd, 2591001.129, 112
Trd, 2591001.179, 89
Trd, 2591001.779, 95
Trd, 2591002.429, 89
Trd, 2591002.629, 115
Trd, 2591004.646, 91
Trd, 2591005.213, 84
Trd, 2591005.446, 111
Trd, 2591005.579, 84
Trd, 2591006.496, 84
Trd, 2591007.829, 108
Trd, 2591008.613, 108
Trd, 2591009.479, 104
Trd, 2591009.879, 105
Trd, 2591010.229, 106
Trd, 2591011.313, 106
Trd, 2591012.313, 101
Trd, 2591012.613, 102
Trd, 2591012.829, 98
Trd, 2591013.046, 92
Trd, 2591013.463, 105
Trd, 2591014.496, 93
Trd, 2591015.146, 112
Trd, 2591016.296, 107
Trd, 2591017.579, 101
Trd, 2591018.346, 116
Trd, 2591019.496, 106
Trd, 2591019.513, 105
Trd, 2591020.113, 113
Trd, 2591020.196, 105
Trd, 2591020.963, 93
Trd, 2591021.079, 116
Trd, 2591021.163, 93
Trd, 2591021.263, 91
Trd, 2591022.363, 117
Trd, 2591022.529, 98
Trd, 2591022.979, 94
Trd, 2591025.479, 94
Trd, 2591025.846, 83
Trd, 2591025.863, 80
Trd, 2591026.046, 84
Trd, 2591026.229, 94
Trd, 2591027.813, 99
Trd, 2591027.913, 105
Trd, 2591028.179, 98
Trd, 2591029.529, 90
Trd, 2591029.813, 105
Trd, 2591030.296, 88
Trd, 2591030.646, 89
Trd, 2591030.796, 81
Trd, 2591032.129, 109
Trd, 2591032.813, 78
Trd, 2591034.146, 96
Trd, 2591034.213, 86
Trd, 2591034.263, 86
Trd, 2591034.363, 116
Trd, 2591034.679, 95
Trd, 2591034.763, 79
Trd, 2591036.813, 105
Trd, 2591037.629, 89
Trd, 2591038.413, 90
Trd, 2591038.879, 91
Trd, 2591039.829, 102
Trd, 2591040.329, 101
Trd, 2591041.046, 93
Trd, 2591042.679, 94
Trd, 2591042.763, 103
Trd, 2591043.246, 93
Trd, 2591043.896, 93
Trd, 2591044.246, 112
Trd, 2591044.796, 89
Trd, 2591045.346, 86
Trd, 2591046.079, 95
Trd, 2591046.663, 88
Trd, 2591046.763, 82
Trd, 2591046.779, 117
Trd, 2591048.113, 108
Trd, 2591048.979, 106
Trd, 2591050.363, 101
Trd, 2591051.163, 85
Trd, 2591051.179, 78
Trd, 2591051.729, 101
Trd, 2591051.996, 77
Trd, 2591052.063, 76
Trd, 2591052.813, 103
Trd, 2591053.063, 109
Trd, 2591053.496, 106
Trd, 2591053.713, 114
Trd, 2591054.029, 118
Trd, 2591055.346, 106
Trd, 2591057.129, 95
Trd, 2591057.779, 113
Trd, 2591059.596, 114
Trd, 2591060.179, 120
Trd, 2591060.246, 107
Trd, 2591060.679, 110
Trd, 2591061.729, 101
Trd, 2591062.463, 114
Trd, 2591062.513, 102
Trd, 2591062.796, 96
Trd, 2591063.079, 114
Trd, 2591063.529, 99
Trd, 2591063.879, 100
Trd, 2591064.129, 95
Trd, 2591066.346, 106
Trd, 2591066.613, 115
Trd, 2591067.546, 103
Trd, 2591068.246, 102
Trd, 2591068.596, 112
Trd, 2591069.813, 94
Trd, 2591070.746, 83
Trd, 2591071.079, 95
Trd, 2591071.796, 87
Trd, 2591072.279, 84
Trd, 2591072.579, 113
Trd, 2591072.863, 88
Trd, 2591075.013, 103
Trd, 2591075.663, 102
Trd, 2591075.713, 102
Trd, 2591076.246, 102
Trd, 2591076.529, 98
Trd, 2591077.179, 92
Trd, 2591078.013, 90
Trd, 2591078.196, 92
Trd, 2591078.879, 83
Trd, 2591079.029, 94
Trd, 2591079.163, 83
Trd, 2591081.546, 100
Trd, 2591082.013, 108
Trd, 2591082.879, 108
Trd, 2591083.879, 107
Trd, 2591083.913, 104
Trd, 2591085.213, 115
Trd, 2591085.229, 103
Trd, 2591085.696, 102
Trd, 2591086.963, 88
Trd, 2591087.213, 115
Trd, 2591088.863, 98
Trd, 2591088.979, 95
Trd, 2591089.179, 99
Trd, 2591089.279, 124
Trd, 2591090.696, 99
Trd, 2591090.979, 96
Trd, 2591091.279, 93
Trd, 2591091.363, 99
Trd, 2591091.796, 105
Trd, 2591092.413, 86
Trd, 2591092.729, 79
Trd, 2591093.246, 119
Trd, 2591094.763, 116
Trd, 2591094.963, 111
Trd, 2591095.163, 121
Trd, 2591095.779, 98
Trd, 2591095.846, 97
Trd, 2591095.879, 82
Trd, 2591097.329, 115
Trd, 2591097.596, 112
Trd, 2591099.363, 84
Trd, 2591100.046, 92
Trd, 2591101.029, 92
Trd, 2591102.563, 102
Trd, 2591102.896, 97
Trd, 2591103.213, 103
Trd, 2591103.463, 94
Trd, 2591103.763, 90
Trd, 2591104.229, 88
Trd, 2591104.313, 84
Trd, 2591104.479, 115
Trd, 2591105.546, 90
Trd, 2591105.663, 90
Trd, 2591107.863, 105
Trd, 2591108.729, 98
Trd, 2591108.829, 89
Trd, 2591110.363, 94
Trd, 2591110.696, 83
Trd, 2591111.896, 82
Trd, 2591112.813, 106
Trd, 2591113.046, 118
Trd, 2591113.163, 95
Trd, 2591113.246, 92
Trd, 2591115.763, 99
Trd, 2591115.863, 115
Trd, 2591116.379, 119
Trd, 2591116.446, 100
Trd, 2591116.529, 122
Trd, 2591116.679, 123
Trd, 2591117.596, 84
Trd, 2591117.663, 111
Trd, 2591117.696, 126
Trd, 2591118.979, 85
Trd, 2591119.046, 103
Trd, 2591120.396, 84
Trd, 2591120.696, 83
Trd, 2591120.896, 89
Trd, 2591121.379, 83
Trd, 2591123.463, 91
Trd, 2591124.863, 108
Trd, 2591125.179, 115
Trd, 2591125.746, 113
Trd, 2591126.046, 108
Trd, 2591126.346, 88
Trd, 2591126.963, 91
Trd, 2591127.379, 101
Trd, 2591127.779, 114
Trd, 2591127.829, 117
Trd, 2591128.113, 100
Trd, 2591128.863, 90
Trd, 2591128.896, 90
Trd, 2591128.979, 95
Trd, 2591130.846, 95
Trd, 2591130.863, 88
Trd, 2591131.613, 86
Trd, 2591131.796, 86
Trd, 2591132.929, 98
Trd, 2591133.679, 79
Trd, 2591133.996, 84
Trd, 2591135.196, 113
Trd, 2591136.146, 80
Trd, 2591136.929, 119
Trd, 2591137.496, 101
Trd, 2591138.829, 111
Trd, 2591139.346, 96
Trd, 2591139.529, 114
Trd, 2591139.679, 87
Trd, 2591140.229, 79
Trd, 2591140.713, 80
Trd, 2591140.996, 105
Trd, 2591141.446, 93
Trd, 2591141.879, 90
Trd, 2591142.096, 83
Trd, 2591143.013, 92
Trd, 2591143.146, 116
Trd, 2591143.463, 90
Trd, 2591143.579, 88
Trd, 2591143.763, 78
Trd, 2591144.463, 76
Trd, 2591144.546, 105
Trd, 2591145.363, 81
Trd, 2591147.163, 91
Trd, 2591147.479, 80
Trd, 2591147.496, 79
Trd, 2591147.696, 111
Trd, 2591147.913, 74
Trd, 2591148.213, 119
Trd, 2591150.179, 97
Trd, 2591150.563, 91
Trd, 2591150.963, 113
Trd, 2591152.663, 93
Trd, 2591152.763, 88
Trd, 2591152.946, 110
Trd, 2591153.046, 104
Trd, 2591157.929, 104
Trd, 2591158.846, 109
Trd, 2591159.579, 87
Trd, 2591159.863, 85
Trd, 2591159.996, 98
Trd, 2591160.946, 84
Trd, 2591161.179, 101
Trd, 2591161.779, 103
Trd, 2591162.263, 105
Trd, 2591162.463, 106
Trd, 2591162.496, 114
Trd, 2591162.763, 82
Trd, 2591162.929, 84
Trd, 2591163.113, 115
Trd, 2591163.413, 77
Trd, 2591164.379, 109
Trd, 2591165.163, 115
Trd, 2591165.396, 91
Trd, 2591166.446, 92
Trd, 2591168.013, 91
Trd, 2591168.363, 108
Trd, 2591169.629, 112
Trd, 2591169.696, 87
Trd, 2591169.796, 86
Trd, 2591171.129, 102
Trd, 2591171.396, 106
Trd, 2591171.529, 93
Trd, 2591172.729, 106
Trd, 2591174.029, 114
Trd, 2591174.163, 119
Trd, 2591174.913, 97
Trd, 2591175.096, 109
Trd, 2591175.213, 80
Trd, 2591175.779, 83
Trd, 2591176.013, 105
Trd, 2591176.346, 92
Trd, 2591176.429, 101
Trd, 2591177.329, 93
Trd, 2591177.996, 86
Trd, 2591179.579, 94
Trd, 2591179.746, 95
Trd, 2591180.029, 93
Trd, 2591180.429, 95
Trd, 2591181.579, 112
Trd, 2591184.079, 90
Trd, 2591184.496, 111
Trd, 2591184.746, 112
Trd, 2591185.113, 92
Trd, 2591185.246, 86
Trd, 2591186.113, 106
Trd, 2591187.013, 101
Trd, 2591187.346, 119
Trd, 2591187.813, 117
Trd, 2591188.029, 130
Trd, 2591188.363, 95
Trd, 2591188.763, 88
Trd, 2591188.863, 81
Trd, 2591189.696, 105
Trd, 2591189.979, 80
Trd, 2591191.063, 110
Trd, 2591191.246, 104
Trd, 2591191.979, 93
Trd, 2591192.946, 91
Trd, 2591193.846, 82
Trd, 2591195.046, 110
Trd, 2591195.429, 104
Trd, 2591197.096, 86
Trd, 2591197.179, 92
Trd, 2591198.113, 88
Trd, 2591198.579, 104
Trd, 2591198.696, 91
Trd, 2591199.113, 91
Trd, 2591199.196, 118
Trd, 2591199.463, 119
Trd, 2591199.879, 105
Trd, 2591199.963, 87
Trd, 2591200.979, 99
Trd, 2591201.513, 109
Trd, 2591204.679, 97
Trd, 2591205.279, 97
Trd, 2591205.729, 113
Trd, 2591206.229, 97
Trd, 2591207.996, 92
Trd, 2591208.046, 92
Trd, 2591208.779, 101
Trd, 2591209.379, 102
Trd, 2591209.596, 97
Trd, 2591210.096, 109
Trd, 2591210.263, 93
Trd, 2591210.546, 88
Trd, 2591211.513, 86
Trd, 2591211.746, 101
Trd, 2591211.779, 114
Trd, 2591211.979, 101
Trd, 2591212.596, 108
Trd, 2591213.779, 110
Trd, 2591213.796, 113
Trd, 2591214.613, 107
Trd, 2591214.679, 115
Trd, 2591215.646, 84
Trd, 2591215.696, 107
Trd, 2591216.579, 103
Trd, 2591218.363, 115
Trd, 2591220.479, 90
Trd, 2591221.079, 90
Trd, 2591221.513, 99
Trd, 2591222.379, 94
Trd, 2591222.446, 91
Trd, 2591222.579, 87
Trd, 2591224.013, 106
Trd, 2591224.179, 88
Trd, 2591224.329, 83
Trd, 2591224.913, 106
Trd, 2591225.513, 86
Trd, 2591227.363, 86
Trd, 2591227.813, 82
Trd, 2591229.013, 93
Trd, 2591229.246, 100
Trd, 2591230.613, 98
Trd, 2591231.296, 105
Trd, 2591231.429, 103
Trd, 2591231.646, 97
Trd, 2591232.529, 88
Trd, 2591232.796, 83
Trd, 2591232.913, 103
Trd, 2591233.579, 112
Trd, 2591233.946, 116
Trd, 2591234.246, 100
Trd, 2591234.646, 91
Trd, 2591236.029, 86
Trd, 2591236.046, 79
Trd, 2591236.796, 107
Trd, 2591237.663, 117
Trd, 2591238.579, 112
Trd, 2591238.613, 98
Trd, 2591238.713, 94
Trd, 2591238.996, 117
Trd, 2591240.229, 96
Trd, 2591241.496, 91
Trd, 2591243.096, 99
Trd, 2591243.663, 118
Trd, 2591243.929, 94
Trd, 2591244.713, 93
Trd, 2591245.929, 100
Trd, 2591246.213, 117
Trd, 2591246.513, 104
Trd, 2591246.846, 96
Trd, 2591247.396, 98
Trd, 2591249.713, 99
Trd, 2591250.163, 98
Trd, 2591250.313, 88
Trd, 2591250.346, 102
Trd, 2591250.946, 101
Trd, 2591251.379, 82
Trd, 2591251.429, 81
Trd, 2591251.529, 112
Trd, 2591252.046, 115
Trd, 2591252.096, 111
Trd, 2591253.646, 101
Trd, 2591254.029, 94
Trd, 2591254.546, 116
Trd, 2591254.813, 111
Trd, 2591255.096, 94
Trd, 2591255.896, 89
Trd, 2591256.429, 106
Trd, 2591256.479, 115
Trd, 2591258.196, 86
Trd, 2591258.863, 91
Trd, 2591259.129, 83
Trd, 2591261.596, 105
Trd, 2591262.146, 98
Trd, 2591262.779, 106
Trd, 2591262.946, 98
Trd, 2591263.296, 113
Trd, 2591263.713, 106
Trd, 2591264.163, 114
Trd, 2591264.596, 96
Trd, 2591264.629, 115
Trd, 2591265.079, 102
Trd, 2591265.679, 116
Trd, 2591266.746, 96
Trd, 2591266.929, 88
Trd, 2591267.846, 119
Trd, 2591269.163, 92
Trd, 2591269.813, 125
Trd, 2591270.463, 98
Trd, 2591271.379, 100
Trd, 2591272.013, 85
Trd, 2591272.313, 90
Trd, 2591273.279, 83
Trd, 2591274.746, 82
Trd, 2591274.913, 92
Trd, 2591275.613, 97
Trd, 2591275.629, 100
Trd, 2591276.346, 92
Trd, 2591278.079, 91
Trd, 2591278.096, 84
Trd, 2591280.046, 104
Trd, 2591280.729, 104
Trd, 2591280.846, 105
Trd, 2591281.513, 94
Trd, 2591282.146, 112
Trd, 2591282.246, 117
Trd, 2591283.063, 84
Trd, 2591283.379, 81
Trd, 2591284.529, 103
Trd, 2591284.579, 100
Trd, 2591286.863, 105
Trd, 2591287.313, 105
Trd, 2591287.429, 97
Trd, 2591288.013, 99
Trd, 2591288.396, 111
Trd, 2591288.713, 96
Trd, 2591288.779, 115
Trd, 2591288.879, 80
Trd, 2591289.613, 117
Trd, 2591289.879, 118
Trd, 2591289.946, 115
Trd, 2591290.946, 86
Trd, 2591291.929, 88
Trd, 2591293.163, 89
Trd, 2591293.496, 106
Trd, 2591295.663, 88
Trd, 2591295.846, 81
Trd, 2591297.096, 107
Trd, 2591297.763, 107
Trd, 2591298.429, 114
Trd, 2591299.046, 100
Trd, 2591299.763, 113
Trd, 2591299.946, 99
Trd, 2591300.229, 99
Trd, 2591300.363, 97
Trd, 2591300.429, 109
Trd, 2591301.779, 108
Trd, 2591302.446, 110
Trd, 2591302.513, 98
Trd, 2591303.696, 95
Trd, 2591304.879, 88
Trd, 2591306.146, 92
Trd, 2591306.813, 107
Trd, 2591307.646, 111
Trd, 2591307.813, 102
Trd, 2591308.013, 107
Trd, 2591308.296, 89
Trd, 2591308.379, 112
Trd, 2591309.046, 86
Trd, 2591310.329, 106
Trd, 2591310.863, 98
Trd, 2591311.496, 97
Trd, 2591313.896, 101
Trd, 2591314.313, 107
Trd, 2591314.813, 121
Trd, 2591317.229, 113
Trd, 2591317.263, 112
Trd, 2591317.679, 118
Trd, 2591318.246, 103
Trd, 2591318.429, 119
Trd, 2591319.063, 90
Trd, 2591319.379, 120
Trd, 2591319.479, 93
Trd, 2591319.879, 123
Trd, 2591320.229, 100
Trd, 2591320.563, 96
Trd, 2591320.796, 94
Trd, 2591320.946, 125
Trd, 2591321.063, 91
Trd, 2591321.679, 91
Trd, 2591323.196, 101
Trd, 2591323.246, 101
Trd, 2591323.529, 85
Trd, 2591323.646, 85
Trd, 2591325.379, 90
Trd, 2591325.429, 92
Trd, 2591326.063, 84
Trd, 2591326.163, 105
Trd, 2591326.879, 77
Trd, 2591327.446, 91
Trd, 2591328.829, 107
Trd, 2591328.979, 106
Trd, 2591331.313, 96
Trd, 2591331.346, 101
Trd, 2591331.979, 96
Trd, 2591333.229, 116
Trd, 2591334.063, 113
Trd, 2591335.179, 95
Trd, 2591335.246, 95
Trd, 2591335.529, 110
Trd, 2591335.846, 97
Trd, 2591336.313, 96
Trd, 2591336.729, 106
Trd, 2591337.429, 93
Trd, 2591337.629, 91
Trd, 2591338.763, 119
Trd, 2591338.946, 90
Trd, 2591340.696, 87
Trd, 2591340.963, 106
Trd, 2591341.746, 94
Trd, 2591341.813, 114
Trd, 2591342.663, 90
Trd, 2591343.163, 86
Trd, 2591343.296, 97
Trd, 2591344.446, 102
Trd, 2591344.946, 87
Trd, 2591345.013, 111
Trd, 2591346.246, 82
Trd, 2591347.429, 84
Trd, 2591347.746, 96
Trd, 2591348.196, 86
Trd, 2591348.229, 90
Trd, 2591348.279, 110
Trd, 2591348.679, 85
Trd, 2591350.129, 112
Trd, 2591350.179, 107
Trd, 2591351.446, 102
Trd, 2591352.246, 85
Trd, 2591353.063, 105
Trd, 2591353.696, 98
Trd, 2591354.413, 93
Trd, 2591354.779, 111
Trd, 2591354.996, 113
Trd, 2591355.929, 92
Trd, 2591356.046, 100
Trd, 2591356.646, 121
Trd, 2591357.463, 93
Trd, 2591357.596, 91
Trd, 2591358.229, 96
Trd, 2591358.779, 118
Trd, 2591360.229, 100
Trd, 2591360.563, 86
Trd, 2591361.579, 84
Trd, 2591361.829, 96
Trd, 2591362.329, 94
Trd, 2591363.279, 107
Trd, 2591363.929, 98
Trd, 2591365.113, 91
Trd, 2591365.413, 90
Trd, 2591366.413, 105
Trd, 2591366.529, 106
Trd, 2591366.679, 90
Trd, 2591367.163, 88
Trd, 2591367.979, 80
Trd, 2591368.779, 91
Trd, 2591368.896, 89
Trd, 2591369.079, 77
Trd, 2591370.579, 84
Trd, 2591372.163, 119
Trd, 2591372.763, 117
Trd, 2591373.513, 96
Trd, 2591374.713, 98
Trd, 2591375.196, 89
Trd, 2591375.429, 89
Trd, 2591375.663, 95
Trd, 2591376.579, 82
Trd, 2591376.896, 76
Trd, 2591377.713, 84
Trd, 2591378.229, 101
Trd, 2591380.129, 101
Trd, 2591381.346, 106
Trd, 2591381.463, 112
Trd, 2591381.596, 120
Trd, 2591383.913, 103
Trd, 2591384.279, 94
Trd, 2591385.646, 116
Trd, 2591386.063, 114
Trd, 2591386.363, 114
Trd, 2591386.413, 109
Trd, 2591386.496, 104
Trd, 2591386.946, 118
Trd, 2591387.296, 114
Trd, 2591387.996, 99
Trd, 2591388.746, 93
Trd, 2591388.913, 87
Trd, 2591390.496, 96
Trd, 2591390.813, 92
Trd, 2591391.179, 115
Trd, 2591391.229, 87
Trd, 2591391.596, 98
Trd, 2591392.513, 102
Trd, 2591393.163, 91
Trd, 2591394.179, 85
Trd, 2591395.046, 103
Trd, 2591395.363, 114
Trd, 2591396.113, 116
Trd, 2591396.696, 99
Trd, 2591396.863, 91
Trd, 2591396.963, 90
Trd, 2591397.029, 116
Trd, 2591397.379, 112
Trd, 2591397.879, 86
Trd, 2591399.863, 99
Trd, 2591400.479, 95
Trd, 2591400.613, 92
Trd, 2591400.929, 92
Trd, 2591401.313, 118
Trd, 2591403.613, 81
Trd, 2591403.929, 97
Trd, 2591403.979, 100
Trd, 2591404.363, 84
Trd, 2591404.813, 101
Trd, 2591405.246, 99
Trd, 2591406.796, 87
Trd, 2591406.846, 85
Trd, 2591407.613, 118
Trd, 2591407.763, 86
Trd, 2591409.079, 98
Trd, 2591409.529, 76
Trd, 2591410.413, 108
Trd, 2591411.063, 90
Trd, 2591411.463, 115
Trd, 2591412.879, 107
Trd, 2591412.963, 81
Trd, 2591413.029, 91
Trd, 2591413.179, 80
Trd, 2591414.413, 109
Trd, 2591415.613, 107
Trd, 2591416.346, 83
Trd, 2591416.729, 113
Trd, 2591416.763, 82
Trd, 2591417.713, 94
Trd, 2591419.463, 110
Trd, 2591419.663, 100
Trd, 2591419.779, 98
Trd, 2591419.979, 113
Trd, 2591420.146, 110
Trd, 2591420.713, 112
Trd, 2591420.979, 93
Trd, 2591422.213, 100
Trd, 2591422.996, 99
Trd, 2591424.179, 113
Trd, 2591424.446, 99
Trd, 2591424.796, 93
Trd, 2591424.913, 93
Trd, 2591425.196, 114
Trd, 2591426.196, 92
Trd, 2591426.663, 89
Trd, 2591427.179, 91
Trd, 2591429.446, 81
Trd, 2591430.063, 80
Trd, 2591430.896, 80
Trd, 2591431.929, 79
Trd, 2591432.796, 112
Trd, 2591433.829, 92
Trd, 2591436.229, 113
Trd, 2591436.829, 107
Trd, 2591438.113, 107
Trd, 2591438.129, 103
Trd, 2591438.213, 88
Trd, 2591438.346, 114
Trd, 2591438.846, 99
Trd, 2591439.779, 86
Trd, 2591441.046, 106
Trd, 2591441.763, 112
Trd, 2591442.279, 92
Trd, 2591442.479, 91
Trd, 2591443.046, 108
Trd, 2591443.329, 114
Trd, 2591443.746, 119
Trd, 2591443.946, 84
Trd, 2591444.763, 116
Trd, 2591445.296, 96
Trd, 2591446.196, 94
Trd, 2591446.313, 87
Trd, 2591446.896, 90
Trd, 2591447.813, 88
Trd, 2591448.196, 111
Trd, 2591448.696, 90
Trd, 2591449.879, 88
Trd, 2591450.013, 107
Trd, 2591450.713, 105
Trd, 2591451.846, 112
Trd, 2591452.929, 108
Trd, 2591453.279, 106
Trd, 2591453.413, 81
Trd, 2591454.079, 97
Trd, 2591454.529, 96
Trd, 2591454.913, 84
Trd, 2591454.946, 97
Trd, 2591455.363, 84
Trd, 2591456.713, 96
Trd, 2591456.979, 104
Trd, 2591457.829, 102
Trd, 2591458.713, 97
Trd, 2591459.096, 99
Trd, 2591459.229, 116
Trd, 2591459.496, 106
Trd, 2591459.729, 118
Trd, 2591460.813, 104
Trd, 2591461.446, 120
Trd, 2591461.946, 105
Trd, 2591462.563, 86
Trd, 2591464.163, 114
Trd, 2591464.413, 113
Trd, 2591465.229, 103
Trd, 2591466.296, 103
Trd, 2591466.513, 116
Trd, 2591467.196, 91
Trd, 2591468.163, 115
Trd, 2591469.513, 96
Trd, 2591470.079, 97
Trd, 2591470.446, 111
Trd, 2591471.196, 110
Trd, 2591471.596, 95
Trd, 2591471.729, 121
Trd, 2591472.113, 108
Trd, 2591473.129, 112
Trd, 2591473.429, 100
Trd, 2591474.213, 104
Trd, 2591474.996, 100
Trd, 2591475.029, 120
Trd, 2591475.563, 106
Trd, 2591476.963, 116
Trd, 2591477.329, 102
Trd, 2591477.679, 119
Trd, 2591477.879, 105
Trd, 2591478.896, 120
Trd, 2591479.296, 107
Trd, 2591479.346, 100
Trd, 2591480.096, 113
Trd, 2591480.246, 84
Trd, 2591480.929, 115
Trd, 2591481.846, 83
Trd, 2591481.946, 81
Trd, 2591483.029, 126
Trd, 2591483.996, 100
Trd, 2591484.129, 105
Trd, 2591485.146, 83
Trd, 2591485.263, 90
Trd, 2591486.746, 113
Trd, 2591486.796, 87
Trd, 2591487.229, 114
Trd, 2591487.496, 82
Trd, 2591490.763, 107
Trd, 2591491.379, 105
Trd, 2591491.429, 113
Trd, 2591491.896, 101
Trd, 2591492.096, 96
Trd, 2591492.896, 106
Trd, 2591493.179, 109
Trd, 2591493.613, 97
Trd, 2591494.079, 96
Trd, 2591494.429, 93
Trd, 2591494.596, 116
Trd, 2591496.379, 96
Trd, 2591496.546, 106
Trd, 2591497.013, 95
Trd, 2591497.379, 95
Trd, 2591499.296, 92
Trd, 2591500.013, 99
Trd, 2591500.363, 98
Trd, 2591500.563, 98
Trd, 2591500.796, 98
Trd, 2591501.063, 112
Trd, 2591501.329, 104
Trd, 2591501.679, 95
Trd, 2591502.696, 84
Trd, 2591503.129, 106
Trd, 2591504.113, 100
Trd, 2591504.929, 115
Trd, 2591506.446, 82
Trd, 2591507.013, 118
Trd, 2591507.079, 107
Trd, 2591507.113, 81
Trd, 2591508.446, 105
Trd, 2591508.479, 89
Trd, 2591510.029, 86
Trd, 2591510.229, 100
Trd, 2591510.263, 88
Trd, 2591510.929, 95
Trd, 2591511.213, 85
Trd, 2591512.813, 84
Trd, 2591512.829, 95
Trd, 2591513.663, 85
Trd, 2591513.729, 84
Trd, 2591514.996, 84
Trd, 2591515.763, 107
Trd, 2591516.379, 92
Trd, 2591516.396, 106
Trd, 2591516.529, 114
Trd, 2591517.163, 91
Trd, 2591517.229, 88
Trd, 2591519.313, 91
Trd, 2591520.263, 116
Trd, 2591520.663, 117
Trd, 2591521.579, 102
Trd, 2591522.129, 92
Trd, 2591522.879, 106
Trd, 2591523.196, 100
Trd, 2591523.513, 90
Trd, 2591524.113, 87
Trd, 2591525.013, 99
Trd, 2591525.463, 102
Trd, 2591525.663, 91
Trd, 2591525.729, 104
Trd, 2591527.713, 105
Trd, 2591528.579, 88
Trd, 2591528.746, 92
Trd, 2591528.963, 105
Trd, 2591531.646, 88
Trd, 2591532.113, 83
Trd, 2591533.529, 99
Trd, 2591533.579, 98
Trd, 2591534.029, 98
Trd, 2591534.246, 107
Trd, 2591534.479, 112
Trd, 2591534.896, 94
Trd, 2591535.646, 97
Trd, 2591537.046, 110
Trd, 2591537.079, 103
Trd, 2591538.146, 116
Trd, 2591538.413, 108
Trd, 2591538.729, 107
Trd, 2591538.879, 90
Trd, 2591538.963, 81
Trd, 2591539.363, 102
Trd, 2591540.796, 78
Trd, 2591541.663, 91
Trd, 2591542.746, 83
Trd, 2591543.979, 92
Trd, 2591544.029, 111
Trd, 2591544.613, 111
Trd, 2591545.829, 109
Trd, 2591546.279, 113
Trd, 2591546.379, 82
Trd, 2591546.463, 88
Trd, 2591546.479, 113
Trd, 2591546.929, 80
Trd, 2591547.046, 106
Trd, 2591547.396, 91
Trd, 2591548.929, 102
Trd, 2591549.863, 106
Trd, 2591552.046, 107
Trd, 2591552.196, 110
Trd, 2591552.796, 103
Trd, 2591552.846, 98
Trd, 2591552.863, 97
Trd, 2591552.996, 88
Trd, 2591553.013, 115
Trd, 2591553.179, 93
Trd, 2591554.113, 83
Trd, 2591554.196, 95
Trd, 2591554.663, 120
Trd, 2591555.213, 125
Trd, 2591555.729, 111
Trd, 2591556.646, 77
Trd, 2591557.813, 106
Trd, 2591557.979, 98
Trd, 2591558.563, 91
Trd, 2591558.796, 91
Trd, 2591559.779, 98
Trd, 2591560.979, 80
Trd, 2591561.896, 106
Trd, 2591562.229, 107
Trd, 2591563.896, 113
Trd, 2591563.996, 112
Trd, 2591565.263, 108
Trd, 2591567.696, 98
Trd, 2591568.063, 98
Trd, 2591568.629, 90
Trd, 2591569.179, 114
Trd, 2591569.629, 93
Trd, 2591570.279, 88
Trd, 2591570.413, 91
Trd, 2591570.713, 104
Trd, 2591570.929, 81
Trd, 2591571.229, 107
Trd, 2591572.513, 108
Trd, 2591572.613, 87
Trd, 2591572.829, 105
Trd, 2591572.879, 81
Trd, 2591573.713, 94
Trd, 2591573.929, 92
Trd, 2591574.796, 82
Trd, 2591575.696, 113
Trd, 2591576.196, 81
Trd, 2591576.446, 102
Trd, 2591577.079, 102
Trd, 2591578.213, 78
Trd, 2591578.313, 74
Trd, 2591579.196, 112
Trd, 2591580.146, 111
Trd, 2591580.179, 110
Trd, 2591580.263, 109
Trd, 2591581.063, 114
Trd, 2591581.363, 98
Trd, 2591582.063, 115
Trd, 2591582.746, 93
Trd, 2591583.263, 101
Trd, 2591584.229, 81
Trd, 2591585.279, 82
Trd, 2591585.613, 104
Trd, 2591585.729, 110
Trd, 2591586.296, 101
Trd, 2591587.479, 114
Trd, 2591587.913, 103
Trd, 2591588.129, 113
Trd, 2591589.729, 89
Trd, 2591590.379, 90
Trd, 2591590.846, 91
Trd, 2591591.529, 94
Trd, 2591591.879, 117
Trd, 2591592.529, 116
Trd, 2591592.896, 102
Trd, 2591593.296, 105
Trd, 2591593.596, 104
Trd, 2591593.663, 89
Trd, 2591593.696, 88
Trd, 2591594.329, 84
Trd, 2591594.629, 79
Trd, 2591594.863, 91
Trd, 2591595.046, 113
Trd, 2591596.696, 119
Trd, 2591597.396, 101
Trd, 2591597.763, 100
Trd, 2591597.863, 119
Trd, 2591598.763, 102
Trd, 2591600.579, 109
Trd, 2591601.246, 100
Trd, 2591601.629, 100
Trd, 2591602.313, 100
Trd, 2591602.846, 99
Trd, 2591603.413, 89
Trd, 2591603.696, 87
Trd, 2591605.196, 88
Trd, 2591605.696, 105
Trd, 2591606.213, 98
Trd, 2591607.029, 115
Trd, 2591607.246, 90
Trd, 2591608.663, 100
Trd, 2591608.679, 116
Trd, 2591610.229, 93
Trd, 2591610.663, 120
Trd, 2591612.213, 93
Trd, 2591612.529, 95
Trd, 2591612.679, 112
Trd, 2591612.963, 93
Trd, 2591613.596, 109
Trd, 2591613.663, 91
Trd, 2591613.929, 106
Trd, 2591615.229, 89
Trd, 2591615.513, 88
Trd, 2591615.746, 77
Trd, 2591617.263, 84
Trd, 2591618.096, 91
Trd, 2591619.079, 81
Trd, 2591619.829, 92
Trd, 2591620.013, 87
Trd, 2591620.529, 106
Trd, 2591620.713, 85
Trd, 2591622.079, 87
Trd, 2591622.763, 111
Trd, 2591622.846, 115
Trd, 2591623.263, 116
Trd, 2591624.813, 100
Trd, 2591625.363, 124
Trd, 2591625.779, 93
Trd, 2591625.913, 104
Trd, 2591626.229, 90
Trd, 2591626.463, 87
Trd, 2591627.046, 92
Trd, 2591627.679, 108
Trd, 2591629.463, 107
Trd, 2591629.613, 109
Trd, 2591629.879, 101
Trd, 2591630.246, 103
Trd, 2591630.746, 100
Trd, 2591631.513, 99
Trd, 2591631.629, 95
Trd, 2591632.513, 113
Trd, 2591633.596, 90
Trd, 2591633.813, 88
Trd, 2591634.413, 98
Trd, 2591634.563, 81
Trd, 2591634.813, 77
Trd, 2591635.179, 74
Trd, 2591635.313, 106
Trd, 2591635.629, 77
Trd, 2591635.896, 77
Trd, 2591637.346, 105
Trd, 2591637.363, 112
Trd, 2591637.579, 87
Trd, 2591638.979, 111
Trd, 2591639.029, 115
Trd, 2591641.063, 112
Trd, 2591641.696, 112
Trd, 2591642.679, 108
Trd, 2591642.796, 107
Trd, 2591643.713, 92
Trd, 2591644.029, 92
Trd, 2591644.996, 84
Trd, 2591645.429, 84
Trd, 2591645.629, 100
Trd, 2591645.996, 84
Trd, 2591646.879, 106
Trd, 2591648.663, 97
Trd, 2591648.996, 113
Trd, 2591649.279, 110
Trd, 2591650.513, 114
Trd, 2591650.663, 97
Trd, 2591651.279, 105
Trd, 2591652.963, 106
Trd, 2591653.613, 105
Trd, 2591653.913, 111
Trd, 2591654.063, 95
Trd, 2591654.763, 116
Trd, 2591654.996, 89
Trd, 2591655.213, 102
Trd, 2591655.496, 111
Trd, 2591655.813, 113
Trd, 2591655.996, 104
Trd, 2591657.063, 101
Trd, 2591657.313, 119
Trd, 2591658.463, 107
Trd, 2591658.813, 91
Trd, 2591659.713, 105
Trd, 2591660.479, 105
Trd, 2591660.646, 107
Trd, 2591661.813, 120
Trd, 2591662.613, 95
Trd, 2591663.279, 91
Trd, 2591664.079, 92
Trd, 2591664.229, 90
Trd, 2591664.463, 93
Trd, 2591664.696, 115
Trd, 2591665.779, 91
Trd, 2591667.029, 98
Trd, 2591667.079, 116
Trd, 2591668.663, 102
Trd, 2591668.796, 101
Trd, 2591669.246, 99
Trd, 2591669.463, 121
Trd, 2591669.663, 98
Trd, 2591669.746, 91
Trd, 2591672.746, 94
Trd, 2591672.763, 88
Trd, 2591673.129, 97
Trd, 2591674.563, 83
Trd, 2591675.046, 97
Trd, 2591675.913, 105
Trd, 2591676.963, 113
Trd, 2591677.413, 97
Trd, 2591678.963, 115
Trd, 2591679.229, 92
Trd, 2591679.663, 125
Trd, 2591679.896, 118
Trd, 2591679.996, 108
Trd, 2591680.363, 118
Trd, 2591680.546, 109
Trd, 2591681.346, 98
Trd, 2591681.379, 98
Trd, 2591681.396, 88
Trd, 2591683.496, 86
Trd, 2591683.579, 86
Trd, 2591683.613, 99
Trd, 2591684.196, 81
Trd, 2591684.846, 97
Trd, 2591684.896, 106
Trd, 2591685.546, 113
Trd, 2591685.813, 90
Trd, 2591686.179, 103
Trd, 2591686.879, 89
Trd, 2591687.763, 105
Trd, 2591687.979, 90
Trd, 2591689.613, 116
Trd, 2591691.429, 101
Trd, 2591692.179, 112
Trd, 2591692.896, 88
Trd, 2591692.996, 85
Trd, 2591694.796, 83
Trd, 2591695.846, 105
Trd, 2591695.863, 90
Trd, 2591696.046, 106
Trd, 2591696.713, 98
Trd, 2591696.963, 115
Trd, 2591698.396, 108
Trd, 2591698.746, 89
Trd, 2591699.546, 119
Trd, 2591699.763, 124
Trd, 2591700.513, 107
Trd, 2591700.596, 105
Trd, 2591701.013, 118
Trd, 2591701.046, 125
Trd, 2591702.996, 95
Trd, 2591703.246, 92
Trd, 2591703.663, 91
Trd, 2591703.763, 91
Trd, 2591704.696, 83
Trd, 2591704.963, 95
Trd, 2591705.163, 106
Trd, 2591705.346, 109
Trd, 2591705.396, 82
Trd, 2591705.779, 110
Trd, 2591707.163, 99
Trd, 2591708.529, 107
Trd, 2591708.679, 86
Trd, 2591708.796, 112
Trd, 2591710.296, 116
Trd, 2591711.879, 88
Trd, 2591712.213, 97
Trd, 2591712.829, 96
Trd, 2591712.979, 106
Trd, 2591713.513, 104
Trd, 2591713.713, 96
Trd, 2591713.979, 115
Trd, 2591714.846, 76
Trd, 2591715.329, 93
Trd, 2591715.396, 114
Trd, 2591716.529, 94
Trd, 2591716.813, 92
Trd, 2591717.846, 115
Trd, 2591718.179, 87
Trd, 2591720.363, 107
Trd, 2591721.163, 112
Trd, 2591721.229, 118
Trd, 2591722.029, 113
Trd, 2591722.213, 118
Trd, 2591723.213, 102
Trd, 2591723.563, 103
Trd, 2591724.629, 90
Trd, 2591725.296, 106
Trd, 2591725.379, 110
Trd, 2591725.479, 84
Trd, 2591725.713, 113
Trd, 2591726.763, 88
Trd, 2591726.996, 91
Trd, 2591727.796, 119
Trd, 2591728.846, 88
Trd, 2591729.346, 104
Trd, 2591731.463, 81
Trd, 2591731.579, 81
Trd, 2591731.763, 87
Trd, 2591732.213, 91
Trd, 2591733.179, 90
Trd, 2591734.346, 107
Trd, 2591734.796, 112
Trd, 2591734.879, 95
Trd, 2591735.046, 94
Trd, 2591736.363, 113
Trd, 2591736.446, 114
Trd, 2591736.746, 109
Trd, 2591737.346, 91
Trd, 2591738.396, 93
Trd, 2591739.213, 86
Trd, 2591741.829, 92
Trd, 2591742.113, 101
Trd, 2591742.429, 79
Trd, 2591742.696, 113
Trd, 2591743.396, 123
Trd, 2591744.113, 94
Trd, 2591744.413, 88
Trd, 2591744.513, 81
Trd, 2591745.396, 92
Trd, 2591746.313, 100
Trd, 2591747.463, 105
Trd, 2591747.596, 116
Trd, 2591748.279, 109
Trd, 2591748.713, 103
Trd, 2591750.446, 105
Trd, 2591751.129, 113
Trd, 2591751.246, 95
Trd, 2591751.329, 90
Trd, 2591751.379, 88
Trd, 2591751.846, 94
Trd, 2591751.979, 111
Trd, 2591752.196, 89
Trd, 2591752.629, 95
Trd, 2591753.796, 85
Trd, 2591755.363, 85
Trd, 2591755.463, 84
Trd, 2591755.563, 89
Trd, 2591755.879, 98
Trd, 2591756.029, 85
Trd, 2591756.079, 101
Trd, 2591756.529, 116
Trd, 2591758.063, 105
Trd, 2591758.296, 85
Trd, 2591758.913, 86
Trd, 2591759.229, 118
Trd, 2591759.596, 96
Trd, 2591759.896, 98
Trd, 2591760.863, 106
Trd, 2591760.929, 114
Trd, 2591762.363, 100
Trd, 2591763.063, 89
Trd, 2591763.196, 85
Trd, 2591764.313, 80
Trd, 2591765.046, 78
Trd, 2591765.146, 113
Trd, 2591765.996, 123
Trd, 2591767.096, 83
Trd, 2591769.046, 103
Trd, 2591769.296, 105
Trd, 2591770.179, 102
Trd, 2591770.629, 97
Trd, 2591771.163, 102
Trd, 2591771.213, 115
Trd, 2591771.679, 96
Trd, 2591772.213, 112
Trd, 2591772.363, 107
Trd, 2591772.596, 104
Trd, 2591774.063, 105
Trd, 2591774.696, 106
Trd, 2591774.896, 107
Trd, 2591774.929, 96
Trd, 2591775.629, 114
Trd, 2591776.229, 114
Trd, 2591777.329, 97
Trd, 2591777.363, 100
Trd, 2591777.646, 101
Trd, 2591777.879, 120
Trd, 2591779.413, 92
Trd, 2591779.563, 81
Trd, 2591781.363, 83
Trd, 2591781.829, 94
Trd, 2591782.046, 86
Trd, 2591783.029, 109
Trd, 2591783.113, 84
Trd, 2591786.079, 100
Trd, 2591786.696, 90
Trd, 2591786.996, 83
Trd, 2591787.313, 99
Trd, 2591788.346, 105
Trd, 2591789.029, 87
Trd, 2591789.079, 108
Trd, 2591790.296, 105
Trd, 2591791.296, 99
Trd, 2591791.396, 90
Trd, 2591791.429, 89
Trd, 2591791.629, 94
Trd, 2591791.863, 106
Trd, 2591792.813, 110
Trd, 2591793.013, 88
Trd, 2591793.563, 108
Trd, 2591794.229, 79
Trd, 2591794.263, 90
Trd, 2591794.579, 77
Trd, 2591794.713, 112
Trd, 2591794.913, 77
Trd, 2591795.946, 118
Trd, 2591797.946, 81
Trd, 2591798.163, 81
Trd, 2591798.513, 84
Trd, 2591799.229, 119
Trd, 2591799.779, 131
Trd, 2591801.596, 90
Trd, 2591801.746, 123
Trd, 2591802.679, 96
Trd, 2591803.479, 102
Trd, 2591803.546, 90
Trd, 2591804.679, 95
Trd, 2591804.879, 99
Trd, 2591805.146, 108
Trd, 2591805.213, 92
Trd, 2591805.346, 87
Trd, 2591806.113, 115
Trd, 2591806.313, 88
Trd, 2591806.596, 84
Trd, 2591806.779, 83
Trd, 2591807.479, 81
Trd, 2591811.229, 97
Trd, 2591812.229, 99
Trd, 2591812.396, 102
Trd, 2591813.446, 111
Trd, 2591813.729, 112
Trd, 2591813.746, 113
Trd, 2591814.246, 112
Trd, 2591814.413, 115
Trd, 2591814.863, 108
Trd, 2591815.029, 102
Trd, 2591815.929, 97
Trd, 2591817.429, 88
Trd, 2591817.529, 84
Trd, 2591817.763, 94
Trd, 2591817.846, 117
Trd, 2591818.663, 80
Trd, 2591818.729, 80
Trd, 2591818.996, 97
Trd, 2591819.763, 95
Trd, 2591821.313, 102
Trd, 2591822.413, 105
Trd, 2591823.496, 110
Trd, 2591823.713, 112
Trd, 2591823.763, 97
Trd, 2591823.879, 89
Trd, 2591824.329, 98
Trd, 2591824.363, 104
Trd, 2591824.513, 84
Trd, 2591826.313, 107
Trd, 2591826.496, 116
Trd, 2591826.929, 100
Trd, 2591827.729, 121
Trd, 2591828.429, 81
Trd, 2591829.246, 92
Trd, 2591830.346, 119
Trd, 2591830.363, 87
Trd, 2591832.229, 101
Trd, 2591834.029, 103
Trd, 2591834.113, 104
Trd, 2591834.413, 112
Trd, 2591834.879, 119
Trd, 2591835.279, 98
Trd, 2591836.229, 91
Trd, 2591836.829, 94
Trd, 2591836.863, 95
Trd, 2591837.363, 105
Trd, 2591837.429, 105
Trd, 2591837.729, 95
Trd, 2591838.929, 85
Trd, 2591839.813, 107
Trd, 2591840.229, 112
Trd, 2591840.963, 120
Trd, 2591841.179, 97
Trd, 2591842.396, 104
Trd, 2591842.579, 101
Trd, 2591843.113, 85
Trd, 2591843.513, 82
Trd, 2591843.979, 94
Trd, 2591844.096, 104
Trd, 2591845.846, 112
Trd, 2591846.096, 104
Trd, 2591846.563, 107
Trd, 2591846.579, 115
Trd, 2591847.163, 84
Trd, 2591847.446, 83
Trd, 2591848.746, 91
Trd, 2591848.963, 123
Trd, 2591849.096, 125
Trd, 2591850.379, 77
Trd, 2591850.413, 73
Trd, 2591851.129, 79
Trd, 2591851.779, 78
Trd, 2591852.813, 96
Trd, 2591854.996, 106
Trd, 2591855.413, 91
Trd, 2591855.929, 93
Trd, 2591856.813, 86
Trd, 2591856.979, 79
Trd, 2591857.913, 114
Trd, 2591858.496, 112
Trd, 2591858.663, 81
Trd, 2591858.779, 77
Trd, 2591858.979, 105
Trd, 2591860.196, 100
Trd, 2591861.063, 108
Trd, 2591861.479, 109
Trd, 2591861.629, 112
Trd, 2591861.863, 95
Trd, 2591862.896, 91
Trd, 2591863.979, 119
Trd, 2591864.496, 91
Trd, 2591866.396, 87
Trd, 2591866.913, 119
Trd, 2591867.996, 121
Trd, 2591868.579, 96
Trd, 2591869.396, 100
Trd, 2591869.963, 116
Trd, 2591870.313, 112
Trd, 2591870.546, 105
Trd, 2591870.679, 97
Trd, 2591870.929, 89
Trd, 2591871.113, 88
Trd, 2591871.263, 116
Trd, 2591872.729, 87
Trd, 2591873.263, 84
Trd, 2591873.896, 81
Trd, 2591874.146, 96
Trd, 2591875.213, 88
Trd, 2591875.446, 78
Trd, 2591875.629, 71
Trd, 2591875.663, 91
Trd, 2591875.829, 98
Trd, 2591875.896, 109
Trd, 2591876.446, 115
Trd, 2591877.513, 110
Trd, 2591877.563, 107
Trd, 2591878.363, 102
Trd, 2591878.979, 101
Trd, 2591880.629, 114
Trd, 2591880.863, 99
Trd, 2591882.329, 96
Trd, 2591883.129, 101
Trd, 2591884.096, 96
Trd, 2591884.429, 105
Trd, 2591885.013, 91
Trd, 2591885.763, 90
Trd, 2591886.113, 108
Trd, 2591886.463, 83
Trd, 2591887.029, 91
Trd, 2591887.246, 89
Trd, 2591887.313, 113
Trd, 2591887.596, 85
Trd, 2591887.813, 116
Trd, 2591889.029, 88
Trd, 2591889.113, 118
Trd, 2591889.446, 120
Trd, 2591889.763, 88
Trd, 2591891.113, 98
Trd, 2591891.279, 80
Trd, 2591892.013, 80
Trd, 2591893.446, 110
Trd, 2591893.796, 101
Trd, 2591894.729, 98
Trd, 2591894.979, 97
Trd, 2591895.496, 105
Trd, 2591895.646, 82
Trd, 2591895.663, 80
Trd, 2591895.696, 79
Trd, 2591895.929, 108
Trd, 2591896.013, 90
Trd, 2591899.996, 99
Trd, 2591900.863, 91
Trd, 2591901.746, 117
Trd, 2591902.113, 90
Trd, 2591902.213, 86
Trd, 2591903.679, 89
Trd, 2591903.829, 107
Trd, 2591904.229, 90
Trd, 2591904.263, 85
Trd, 2591904.496, 113
Trd, 2591904.963, 94
Trd, 2591905.146, 95
Trd, 2591905.646, 120
Trd, 2591905.796, 85
Trd, 2591906.396, 126
Trd, 2591907.196, 87
Trd, 2591907.496, 83
Trd, 2591908.213, 102
Trd, 2591908.729, 102
Trd, 2591909.246, 96
Trd, 2591911.146, 91
Trd, 2591911.229, 92
Trd, 2591911.946, 91
Trd, 2591914.879, 93
Trd, 2591915.096, 91
Trd, 2591915.113, 89
Trd, 2591915.146, 82
Trd, 2591918.279, 108
Trd, 2591918.463, 113
Trd, 2591919.363, 114
Trd, 2591919.529, 108
Trd, 2591920.979, 108
Trd, 2591921.346, 106
Trd, 2591921.579, 109
Trd, 2591921.629, 117
Trd, 2591921.729, 98
Trd, 2591921.946, 123
Trd, 2591921.979, 100
Trd, 2591922.529, 103
Trd, 2591922.629, 97
Trd, 2591923.313, 111
Trd, 2591923.729, 103
Trd, 2591925.779, 89
Trd, 2591926.946, 88
Trd, 2591927.979, 103
Trd, 2591929.429, 105
Trd, 2591930.396, 97
Trd, 2591930.429, 88
Trd, 2591931.279, 107
Trd, 2591931.363, 97
Trd, 2591931.579, 97
Trd, 2591932.013, 109
Trd, 2591932.296, 94
Trd, 2591932.529, 83
Trd, 2591932.679, 110
Trd, 2591933.513, 83
Trd, 2591934.129, 80
Trd, 2591934.146, 112
Trd, 2591934.596, 75
Trd, 2591935.679, 112
Trd, 2591936.546, 84
Trd, 2591936.929, 116
Trd, 2591938.479, 96
Trd, 2591938.546, 89
Trd, 2591940.146, 91
Trd, 2591940.879, 107
Trd, 2591941.996, 104
Trd, 2591942.096, 103
Trd, 2591942.579, 86
Trd, 2591943.013, 107
Trd, 2591943.296, 86
Trd, 2591943.446, 78
Trd, 2591944.429, 108
Trd, 2591945.163, 98
Trd, 2591946.329, 116
Trd, 2591946.446, 94
Trd, 2591946.629, 88
Trd, 2591948.229, 89
Trd, 2591948.946, 92
Trd, 2591949.446, 79
Trd, 2591950.129, 91
Trd, 2591950.146, 112
Trd, 2591951.746, 120
Trd, 2591952.029, 105
Trd, 2591952.446, 93
Trd, 2591952.563, 106
Trd, 2591953.713, 91
Trd, 2591953.946, 94
Trd, 2591954.179, 88
Trd, 2591954.463, 87
Trd, 2591954.829, 82
Trd, 2591955.146, 92
Trd, 2591955.196, 114
Trd, 2591955.846, 84
Trd, 2591957.296, 92
Trd, 2591957.729, 89
Trd, 2591957.946, 81
Trd, 2591960.246, 108
Trd, 2591961.896, 84
Trd, 2591962.013, 83
Trd, 2591962.713, 96
Trd, 2591963.729, 104
Trd, 2591964.779, 113
Trd, 2591964.979, 97
Trd, 2591965.046, 97
Trd, 2591965.963, 98
Trd, 2591966.029, 94
Trd, 2591966.929, 93
Trd, 2591967.096, 103
Trd, 2591967.629, 104
Trd, 2591968.013, 102
Trd, 2591968.746, 112
Trd, 2591969.829, 105
Trd, 2591970.763, 108
Trd, 2591970.829, 116
Trd, 2591971.396, 100
Trd, 2591971.513, 101
Trd, 2591971.879, 118
Trd, 2591972.463, 113
Trd, 2591973.396, 88
Trd, 2591973.846, 97
Trd, 2591975.229, 91
Trd, 2591975.563, 108
Trd, 2591976.296, 113
Trd, 2591976.813, 85
Trd, 2591978.146, 87
Trd, 2591980.096, 91
Trd, 2591981.196, 92
Trd, 2591981.413, 91
Trd, 2591981.563, 111
Trd, 2591981.746, 87
Trd, 2591982.413, 88
Trd, 2591983.496, 102
Trd, 2591983.729, 111
Trd, 2591983.963, 90
Trd, 2591984.846, 103
Trd, 2591985.513, 96
Trd, 2591986.163, 96
Trd, 2591987.679, 95
Trd, 2591988.196, 108
Trd, 2591988.579, 114
Trd, 2591989.363, 107
Trd, 2591991.379, 98
Trd, 2591992.113, 107
Trd, 2591992.429, 112
Trd, 2591992.613, 99
Trd, 2591992.913, 97
Trd, 2591993.113, 93
Trd, 2591993.646, 114
Trd, 2591993.913, 105
Trd, 2591994.129, 117
Trd, 2591994.913, 120
Trd, 2591995.013, 109
Trd, 2591995.146, 127
Trd, 2591996.029, 101
Trd, 2591996.963, 90
Trd, 2591997.163, 90
Trd, 2591998.213, 95
Trd, 2591999.229, 93
