Trd, 2590683.863, 97
Trd, 2590684.713, 99
Trd, 2590684.829, 96
Trd, 2590685.246, 96
Trd, 2590685.296, 98
Trd, 2590686.229, 94
Trd, 2590687.096, 97
Trd, 2590687.246, 104
Trd, 2590687.846, 108
Trd, 2590688.329, 98
Trd, 2590688.479, 94
Trd, 2590689.029, 90
Trd, 2590690.096, 87
Trd, 2590690.329, 101
Trd, 2590692.029, 91
Trd, 2590693.179, 90
Trd, 2590694.879, 91
Trd, 2590695.179, 90
Trd, 2590695.579, 89
Trd, 2590695.629, 91
Trd, 2590695.663, 95
Trd, 2590695.829, 99
Trd, 2590696.529, 101
Trd, 2590697.779, 105
Trd, 2590698.496, 106
Trd, 2590699.079, 95
Trd, 2590699.746, 97
Trd, 2590699.829, 94
Trd, 2590700.263, 106
Trd, 2590700.329, 95
Trd, 2590700.779, 95
Trd, 2590701.563, 94
Trd, 2590702.079, 93
Trd, 2590702.529, 96
Trd, 2590702.763, 101
Trd, 2590703.029, 87
Trd, 2590703.729, 81
Trd, 2590704.929, 104
Trd, 2590705.746, 99
Trd, 2590705.863, 98
Trd, 2590706.263, 100
Trd, 2590706.413, 101
Trd, 2590708.529, 96
Trd, 2590709.046, 94
Trd, 2590709.613, 94
Trd, 2590709.946, 101
Trd, 2590712.246, 102
Trd, 2590713.046, 103
Trd, 2590713.079, 103
Trd, 2590713.296, 105
Trd, 2590713.363, 106
Trd, 2590713.663, 103
Trd, 2590715.429, 101
Trd, 2590715.446, 100
Trd, 2590716.513, 100
Trd, 2590716.879, 99
Trd, 2590717.363, 106
Trd, 2590717.446, 108
Trd, 2590718.379, 107
Trd, 2590718.663, 107
Trd, 2590718.846, 97
Trd, 2590719.479, 94
Trd, 2590719.579, 101
Trd, 2590722.096, 103
Trd, 2590722.329, 92
Trd, 2590722.829, 91
Trd, 2590723.079, 102
Trd, 2590723.779, 105
Trd, 2590724.063, 108
Trd, 2590724.913, 120
Trd, 2590726.096, 93
Trd, 2590726.579, 91
Trd, 2590726.679, 115
Trd, 2590727.546, 91
Trd, 2590729.079, 93
Trd, 2590729.429, 93
Trd, 2590730.013, 92
Trd, 2590730.579, 92
Trd, 2590730.663, 94
Trd, 2590731.296, 94
Trd, 2590731.429, 87
Trd, 2590732.729, 95
Trd, 2590732.879, 93
Trd, 2590733.179, 96
Trd, 2590733.996, 93
Trd, 2590734.829, 108
Trd, 2590735.296, 98
Trd, 2590735.546, 99
Trd, 2590736.229, 110
Trd, 2590739.396, 102
Trd, 2590739.546, 101
Trd, 2590739.846, 99
Trd, 2590740.879, 97
Trd, 2590741.163, 94
Trd, 2590741.579, 88
Trd, 2590741.846, 87
Trd, 2590742.513, 99
Trd, 2590742.929, 100
Trd, 2590742.996, 101
Trd, 2590744.813, 104
Trd, 2590746.013, 105
Trd, 2590746.779, 102
Trd, 2590747.696, 111
Trd, 2590748.079, 104
Trd, 2590748.429, 103
Trd, 2590748.829, 108
Trd, 2590749.629, 105
Trd, 2590750.179, 99
Trd, 2590750.263, 98
Trd, 2590750.963, 95
Trd, 2590750.979, 103
Trd, 2590751.296, 94
Trd, 2590751.429, 103
Trd, 2590751.746, 91
Trd, 2590752.179, 84
Trd, 2590753.563, 95
Trd, 2590754.746, 98
Trd, 2590755.213, 87
Trd, 2590755.796, 86
Trd, 2590756.263, 82
Trd, 2590756.313, 100
Trd, 2590757.796, 95
Trd, 2590758.529, 87
Trd, 2590758.746, 87
Trd, 2590758.963, 88
Trd, 2590759.829, 87
Trd, 2590760.679, 105
Trd, 2590761.946, 89
Trd, 2590762.913, 91
Trd, 2590762.929, 90
Trd, 2590763.179, 87
Trd, 2590766.613, 98
Trd, 2590766.629, 103
Trd, 2590767.646, 99
Trd, 2590768.113, 94
Trd, 2590768.363, 93
Trd, 2590768.379, 104
Trd, 2590768.879, 108
Trd, 2590769.479, 97
Trd, 2590769.529, 96
Trd, 2590769.663, 94
Trd, 2590769.729, 112
Trd, 2590770.046, 94
Trd, 2590772.546, 97
Trd, 2590772.846, 96
Trd, 2590773.179, 94
Trd, 2590774.213, 96
Trd, 2590774.979, 93
Trd, 2590775.179, 95
Trd, 2590775.329, 100
Trd, 2590775.413, 87
Trd, 2590775.596, 101
Trd, 2590777.696, 95
Trd, 2590779.029, 94
Trd, 2590779.046, 98
Trd, 2590779.063, 93
Trd, 2590779.113, 99
Trd, 2590779.263, 89
Trd, 2590779.829, 103
Trd, 2590780.963, 91
Trd, 2590781.029, 89
Trd, 2590781.513, 83
Trd, 2590781.546, 102
Trd, 2590782.579, 104
Trd, 2590782.979, 88
Trd, 2590784.446, 107
Trd, 2590785.663, 96
Trd, 2590786.029, 107
Trd, 2590786.079, 95
Trd, 2590786.196, 108
Trd, 2590786.329, 94
Trd, 2590786.796, 92
Trd, 2590787.196, 98
Trd, 2590787.279, 90
Trd, 2590788.813, 104
Trd, 2590790.496, 96
Trd, 2590791.213, 109
Trd, 2590791.229, 95
Trd, 2590792.096, 95
Trd, 2590792.446, 108
Trd, 2590793.246, 107
Trd, 2590793.679, 102
Trd, 2590793.879, 111
Trd, 2590794.296, 112
Trd, 2590795.563, 103
Trd, 2590796.329, 104
Trd, 2590797.046, 89
Trd, 2590797.646, 91
Trd, 2590798.129, 91
Trd, 2590799.413, 92
Trd, 2590800.013, 97
Trd, 2590800.263, 99
Trd, 2590800.879, 96
Trd, 2590802.179, 99
Trd, 2590802.679, 99
Trd, 2590802.763, 98
Trd, 2590803.646, 105
Trd, 2590803.913, 98
Trd, 2590804.213, 94
Trd, 2590804.696, 107
Trd, 2590805.946, 101
Trd, 2590806.646, 95
Trd, 2590806.796, 96
Trd, 2590807.379, 99
Trd, 2590808.579, 100
Trd, 2590808.879, 97
Trd, 2590809.596, 101
Trd, 2590809.679, 101
Trd, 2590810.363, 111
Trd, 2590811.179, 108
Trd, 2590812.146, 95
Trd, 2590812.813, 97
Trd, 2590813.029, 96
Trd, 2590813.246, 105
Trd, 2590814.646, 87
Trd, 2590815.146, 88
Trd, 2590815.713, 92
Trd, 2590816.263, 88
Trd, 2590816.313, 94
Trd, 2590817.963, 90
Trd, 2590818.546, 95
Trd, 2590819.346, 90
Trd, 2590820.479, 95
Trd, 2590820.829, 96
Trd, 2590821.463, 103
Trd, 2590821.496, 105
Trd, 2590821.979, 104
Trd, 2590822.363, 94
Trd, 2590822.846, 101
Trd, 2590823.496, 97
Trd, 2590823.746, 101
Trd, 2590823.846, 97
Trd, 2590825.263, 89
Trd, 2590826.146, 90
Trd, 2590826.729, 91
Trd, 2590827.013, 90
Trd, 2590827.813, 90
Trd, 2590829.329, 92
Trd, 2590829.946, 90
Trd, 2590830.529, 89
Trd, 2590831.996, 96
Trd, 2590833.446, 101
Trd, 2590833.563, 94
Trd, 2590834.679, 99
Trd, 2590834.996, 100
Trd, 2590835.229, 97
Trd, 2590835.346, 100
Trd, 2590836.196, 104
Trd, 2590837.413, 96
Trd, 2590838.096, 101
Trd, 2590838.529, 105
Trd, 2590838.829, 97
Trd, 2590838.896, 95
Trd, 2590839.346, 95
Trd, 2590839.379, 102
Trd, 2590839.679, 105
Trd, 2590840.546, 94
Trd, 2590840.563, 92
Trd, 2590841.029, 100
Trd, 2590842.129, 93
Trd, 2590842.179, 102
Trd, 2590842.213, 108
Trd, 2590843.446, 112
Trd, 2590844.713, 115
Trd, 2590845.346, 114
Trd, 2590846.213, 112
Trd, 2590846.879, 109
Trd, 2590847.429, 108
Trd, 2590847.446, 105
Trd, 2590847.746, 101
Trd, 2590849.246, 102
Trd, 2590850.629, 89
Trd, 2590851.896, 94
Trd, 2590852.663, 93
Trd, 2590852.763, 94
Trd, 2590852.979, 95
Trd, 2590854.613, 103
Trd, 2590855.279, 105
Trd, 2590856.263, 108
Trd, 2590856.829, 96
Trd, 2590857.013, 112
Trd, 2590857.596, 94
Trd, 2590858.213, 98
Trd, 2590859.646, 92
Trd, 2590859.796, 88
Trd, 2590860.113, 91
Trd, 2590860.863, 92
Trd, 2590861.746, 91
Trd, 2590861.796, 91
Trd, 2590862.146, 97
Trd, 2590862.163, 90
Trd, 2590863.246, 86
Trd, 2590864.996, 93
Trd, 2590865.213, 90
Trd, 2590865.779, 96
Trd, 2590865.979, 95
Trd, 2590866.429, 99
Trd, 2590867.896, 98
Trd, 2590868.363, 99
Trd, 2590868.779, 103
Trd, 2590869.063, 96
Trd, 2590869.696, 95
Trd, 2590870.679, 102
Trd, 2590871.663, 93
Trd, 2590871.729, 103
Trd, 2590873.063, 99
Trd, 2590873.496, 93
Trd, 2590873.529, 91
Trd, 2590874.046, 91
Trd, 2590875.929, 96
Trd, 2590876.746, 90
Trd, 2590877.246, 94
Trd, 2590877.763, 94
Trd, 2590878.363, 94
Trd, 2590878.929, 100
Trd, 2590879.179, 98
Trd, 2590880.646, 99
Trd, 2590880.863, 100
Trd, 2590881.713, 100
Trd, 2590881.813, 99
Trd, 2590882.079, 102
Trd, 2590882.663, 105
Trd, 2590882.996, 98
Trd, 2590883.246, 108
Trd, 2590884.346, 96
Trd, 2590885.529, 95
Trd, 2590885.546, 120
Trd, 2590887.313, 94
Trd, 2590887.446, 97
Trd, 2590888.063, 88
Trd, 2590888.379, 92
Trd, 2590889.946, 89
Trd, 2590890.579, 90
Trd, 2590890.663, 87
Trd, 2590891.546, 87
Trd, 2590892.929, 92
Trd, 2590893.763, 88
Trd, 2590894.329, 96
Trd, 2590894.496, 100
Trd, 2590894.546, 88
Trd, 2590894.646, 87
Trd, 2590894.863, 86
Trd, 2590897.096, 104
Trd, 2590898.729, 103
Trd, 2590899.096, 92
Trd, 2590900.079, 93
Trd, 2590900.129, 102
Trd, 2590900.929, 101
Trd, 2590901.746, 99
Trd, 2590901.879, 102
Trd, 2590902.479, 98
Trd, 2590902.563, 103
Trd, 2590903.129, 105
Trd, 2590903.196, 100
Trd, 2590903.679, 97
Trd, 2590905.429, 102
Trd, 2590906.463, 108
Trd, 2590906.963, 98
Trd, 2590907.046, 102
Trd, 2590907.063, 95
Trd, 2590907.779, 97
Trd, 2590908.779, 105
Trd, 2590909.329, 100
Trd, 2590909.746, 99
Trd, 2590909.779, 98
Trd, 2590910.229, 87
Trd, 2590911.696, 84
Trd, 2590912.146, 86
Trd, 2590912.896, 85
Trd, 2590913.846, 88
Trd, 2590913.929, 100
Trd, 2590914.579, 111
Trd, 2590914.679, 89
Trd, 2590915.429, 103
Trd, 2590915.779, 92
Trd, 2590917.996, 101
Trd, 2590918.329, 102
Trd, 2590918.729, 99
Trd, 2590919.063, 98
Trd, 2590919.179, 96
Trd, 2590919.396, 103
Trd, 2590920.046, 98
Trd, 2590921.029, 95
Trd, 2590921.529, 104
Trd, 2590922.113, 98
Trd, 2590922.429, 97
Trd, 2590922.913, 95
Trd, 2590923.213, 94
Trd, 2590923.313, 93
Trd, 2590923.596, 102
Trd, 2590924.629, 88
Trd, 2590925.396, 87
Trd, 2590925.729, 83
Trd, 2590927.379, 83
Trd, 2590928.279, 95
Trd, 2590928.379, 96
Trd, 2590928.863, 97
Trd, 2590929.929, 105
Trd, 2590930.896, 110
Trd, 2590931.213, 110
Trd, 2590931.363, 108
Trd, 2590931.529, 94
Trd, 2590932.763, 112
Trd, 2590933.946, 118
Trd, 2590934.996, 118
Trd, 2590936.146, 116
Trd, 2590936.363, 114
Trd, 2590936.646, 122
Trd, 2590937.213, 112
Trd, 2590939.229, 112
Trd, 2590939.363, 114
Trd, 2590939.546, 115
Trd, 2590939.646, 116
Trd, 2590939.929, 105
Trd, 2590941.163, 103
Trd, 2590941.563, 101
Trd, 2590941.746, 88
Trd, 2590942.246, 89
Trd, 2590942.779, 87
Trd, 2590943.246, 81
Trd, 2590943.946, 85
Trd, 2590944.846, 85
Trd, 2590946.579, 90
Trd, 2590946.863, 95
Trd, 2590947.096, 102
Trd, 2590948.563, 94
Trd, 2590949.079, 94
Trd, 2590949.113, 95
Trd, 2590949.396, 92
Trd, 2590949.529, 94
Trd, 2590950.129, 94
Trd, 2590950.913, 94
Trd, 2590950.929, 105
Trd, 2590951.596, 88
Trd, 2590952.529, 89
Trd, 2590952.663, 91
Trd, 2590952.846, 88
Trd, 2590954.313, 91
Trd, 2590954.496, 94
Trd, 2590954.779, 108
Trd, 2590954.796, 91
Trd, 2590955.996, 100
Trd, 2590956.063, 101
Trd, 2590956.196, 99
Trd, 2590956.663, 112
Trd, 2590957.563, 104
Trd, 2590958.146, 102
Trd, 2590959.396, 120
Trd, 2590959.596, 118
Trd, 2590962.113, 111
Trd, 2590962.179, 108
Trd, 2590962.313, 108
Trd, 2590962.463, 107
Trd, 2590963.429, 113
Trd, 2590963.496, 112
Trd, 2590964.013, 98
Trd, 2590965.413, 96
Trd, 2590966.279, 93
Trd, 2590966.946, 93
Trd, 2590967.396, 87
Trd, 2590968.163, 85
Trd, 2590968.896, 86
Trd, 2590968.963, 91
Trd, 2590969.663, 88
Trd, 2590970.096, 98
Trd, 2590970.863, 90
Trd, 2590971.479, 101
Trd, 2590972.629, 102
Trd, 2590973.196, 105
Trd, 2590973.246, 91
Trd, 2590974.096, 107
Trd, 2590974.129, 108
Trd, 2590974.946, 93
Trd, 2590975.546, 93
Trd, 2590976.013, 92
Trd, 2590976.663, 97
Trd, 2590977.229, 99
Trd, 2590977.746, 100
Trd, 2590977.829, 92
Trd, 2590978.979, 88
Trd, 2590979.696, 89
Trd, 2590981.096, 93
Trd, 2590981.296, 90
Trd, 2590983.279, 94
Trd, 2590983.679, 95
Trd, 2590984.079, 101
Trd, 2590985.029, 96
Trd, 2590985.613, 96
Trd, 2590986.746, 102
Trd, 2590986.846, 107
Trd, 2590987.313, 90
Trd, 2590987.529, 88
Trd, 2590988.229, 99
Trd, 2590988.613, 99
Trd, 2590989.979, 97
Trd, 2590990.146, 95
Trd, 2590990.596, 94
Trd, 2590990.913, 93
Trd, 2590991.046, 87
Trd, 2590991.096, 96
Trd, 2590992.196, 98
Trd, 2590992.563, 105
Trd, 2590992.713, 85
Trd, 2590994.829, 87
Trd, 2590995.013, 91
Trd, 2590995.896, 99
Trd, 2590996.196, 89
Trd, 2590996.929, 94
Trd, 2590997.679, 96
Trd, 2590997.729, 98
Trd, 2590998.529, 101
Trd, 2590999.596, 104
Trd, 2591000.629, 103
Trd, 2591000.879, 101
Trd, 2591001.563, 104
Trd, 2591001.896, 104
Trd, 2591001.929, 103
Trd, 2591003.396, 102
Trd, 2591003.996, 101
Trd, 2591004.513, 100
Trd, 2591004.629, 104
Trd, 2591004.879, 105
Trd, 2591005.163, 99
Trd, 2591006.363, 98
Trd, 2591007.329, 97
Trd, 2591007.946, 103
Trd, 2591008.946, 98
Trd, 2591008.979, 103
Trd, 2591009.363, 105
Trd, 2591009.613, 108
Trd, 2591010.679, 97
Trd, 2591011.529, 94
Trd, 2591011.896, 95
Trd, 2591012.779, 102
Trd, 2591012.996, 93
Trd, 2591014.079, 105
Trd, 2591014.379, 94
Trd, 2591014.463, 104
Trd, 2591014.813, 94
Trd, 2591015.979, 89
Trd, 2591016.079, 89
Trd, 2591016.396, 95
Trd, 2591017.346, 94
Trd, 2591019.029, 96
Trd, 2591020.246, 98
Trd, 2591020.746, 97
Trd, 2591020.946, 97
Trd, 2591021.079, 98
Trd, 2591021.229, 95
Trd, 2591021.563, 91
Trd, 2591023.229, 89
Trd, 2591023.246, 108
Trd, 2591024.296, 98
Trd, 2591024.896, 101
Trd, 2591025.179, 100
Trd, 2591025.396, 112
Trd, 2591026.563, 109
Trd, 2591027.113, 96
Trd, 2591027.896, 95
Trd, 2591028.863, 94
Trd, 2591029.196, 93
Trd, 2591029.246, 101
Trd, 2591029.979, 101
Trd, 2591030.679, 91
Trd, 2591031.696, 98
Trd, 2591033.929, 96
Trd, 2591034.279, 95
Trd, 2591034.346, 96
Trd, 2591034.513, 90
Trd, 2591035.329, 95
Trd, 2591036.329, 96
Trd, 2591037.163, 95
Trd, 2591037.213, 99
Trd, 2591037.379, 105
Trd, 2591037.729, 112
Trd, 2591039.746, 102
Trd, 2591040.879, 105
Trd, 2591040.913, 104
Trd, 2591040.996, 106
Trd, 2591041.846, 104
Trd, 2591041.863, 101
Trd, 2591042.163, 106
Trd, 2591044.046, 103
Trd, 2591044.379, 100
Trd, 2591044.396, 104
Trd, 2591045.363, 104
Trd, 2591045.613, 101
Trd, 2591046.313, 95
Trd, 2591046.396, 100
Trd, 2591046.863, 101
Trd, 2591048.446, 94
Trd, 2591049.696, 95
Trd, 2591050.013, 94
Trd, 2591050.279, 93
Trd, 2591051.229, 98
Trd, 2591052.163, 92
Trd, 2591053.279, 97
Trd, 2591053.513, 93
Trd, 2591054.913, 100
Trd, 2591055.929, 102
Trd, 2591056.629, 105
Trd, 2591056.879, 104
Trd, 2591057.763, 108
Trd, 2591058.013, 107
Trd, 2591058.263, 112
Trd, 2591058.896, 106
Trd, 2591059.179, 106
Trd, 2591059.629, 105
Trd, 2591059.679, 102
Trd, 2591060.129, 94
Trd, 2591060.496, 101
Trd, 2591061.029, 104
Trd, 2591062.329, 100
Trd, 2591063.579, 97
Trd, 2591063.696, 96
Trd, 2591063.763, 94
Trd, 2591064.313, 104
Trd, 2591065.846, 92
Trd, 2591066.263, 93
Trd, 2591066.763, 94
Trd, 2591067.646, 99
Trd, 2591068.096, 95
Trd, 2591068.513, 94
Trd, 2591068.679, 106
Trd, 2591069.696, 101
Trd, 2591069.813, 93
Trd, 2591069.863, 105
Trd, 2591071.296, 101
Trd, 2591071.496, 104
Trd, 2591072.446, 104
Trd, 2591072.713, 103
Trd, 2591072.796, 107
Trd, 2591072.979, 108
Trd, 2591073.813, 101
Trd, 2591074.046, 101
Trd, 2591074.196, 100
Trd, 2591074.296, 111
Trd, 2591074.546, 112
Trd, 2591075.879, 86
Trd, 2591076.129, 84
Trd, 2591078.046, 93
Trd, 2591078.229, 81
Trd, 2591079.679, 88
Trd, 2591080.079, 89
Trd, 2591080.579, 91
Trd, 2591081.046, 90
Trd, 2591081.229, 98
Trd, 2591081.496, 90
Trd, 2591082.429, 100
Trd, 2591084.413, 90
Trd, 2591084.996, 100
Trd, 2591085.563, 101
Trd, 2591086.179, 92
Trd, 2591086.379, 89
Trd, 2591086.446, 88
Trd, 2591088.613, 98
Trd, 2591089.363, 98
Trd, 2591089.479, 99
Trd, 2591089.746, 100
Trd, 2591089.896, 99
Trd, 2591090.029, 97
Trd, 2591091.363, 105
Trd, 2591091.479, 99
Trd, 2591093.413, 104
Trd, 2591094.179, 101
Trd, 2591094.246, 100
Trd, 2591094.513, 108
Trd, 2591095.613, 109
Trd, 2591095.913, 107
Trd, 2591096.463, 100
Trd, 2591096.929, 96
Trd, 2591096.963, 101
Trd, 2591097.129, 94
Trd, 2591098.779, 88
Trd, 2591100.446, 103
Trd, 2591100.529, 88
Trd, 2591100.796, 105
Trd, 2591102.279, 105
Trd, 2591102.413, 105
Trd, 2591102.629, 104
Trd, 2591103.229, 102
Trd, 2591104.029, 104
Trd, 2591104.129, 105
Trd, 2591104.713, 104
Trd, 2591104.729, 112
Trd, 2591105.579, 103
Trd, 2591105.629, 102
Trd, 2591106.429, 111
Trd, 2591106.596, 101
Trd, 2591109.296, 97
Trd, 2591109.863, 97
Trd, 2591110.846, 95
Trd, 2591111.346, 95
Trd, 2591111.713, 100
Trd, 2591112.396, 101
Trd, 2591112.646, 104
Trd, 2591112.979, 94
Trd, 2591115.196, 102
Trd, 2591115.263, 87
Trd, 2591115.513, 108
Trd, 2591116.129, 119
Trd, 2591117.446, 112
Trd, 2591117.696, 120
Trd, 2591118.063, 106
Trd, 2591118.863, 107
Trd, 2591119.546, 105
Trd, 2591120.379, 101
Trd, 2591120.929, 102
Trd, 2591121.013, 101
Trd, 2591121.529, 98
Trd, 2591123.063, 96
Trd, 2591123.663, 100
Trd, 2591124.729, 98
Trd, 2591124.879, 99
Trd, 2591126.046, 105
Trd, 2591126.513, 111
Trd, 2591126.679, 101
Trd, 2591126.779, 101
Trd, 2591126.929, 102
Trd, 2591127.429, 112
Trd, 2591127.896, 106
Trd, 2591128.046, 105
Trd, 2591128.496, 103
Trd, 2591128.746, 101
Trd, 2591129.163, 98
Trd, 2591130.263, 94
Trd, 2591131.029, 99
Trd, 2591131.946, 87
Trd, 2591131.963, 89
Trd, 2591132.896, 91
Trd, 2591133.929, 97
Trd, 2591133.979, 101
Trd, 2591134.029, 83
Trd, 2591134.179, 105
Trd, 2591135.046, 106
Trd, 2591135.263, 82
Trd, 2591136.263, 82
Trd, 2591137.229, 81
Trd, 2591137.779, 81
Trd, 2591137.963, 82
Trd, 2591138.313, 82
Trd, 2591140.279, 91
Trd, 2591140.846, 91
Trd, 2591141.746, 94
Trd, 2591142.296, 95
Trd, 2591142.796, 100
Trd, 2591143.796, 101
Trd, 2591144.513, 101
Trd, 2591145.013, 101
Trd, 2591145.313, 98
Trd, 2591146.246, 100
Trd, 2591146.913, 100
Trd, 2591147.396, 88
Trd, 2591147.746, 98
Trd, 2591148.329, 86
Trd, 2591148.413, 83
Trd, 2591149.246, 95
Trd, 2591149.429, 95
Trd, 2591151.646, 94
Trd, 2591151.879, 103
Trd, 2591152.096, 104
Trd, 2591153.596, 99
Trd, 2591154.946, 97
Trd, 2591156.196, 99
Trd, 2591157.163, 100
Trd, 2591157.879, 97
Trd, 2591158.129, 100
Trd, 2591158.179, 97
Trd, 2591158.696, 94
Trd, 2591158.729, 99
Trd, 2591158.896, 105
Trd, 2591160.763, 93
Trd, 2591161.179, 96
Trd, 2591161.279, 98
Trd, 2591161.546, 99
Trd, 2591161.579, 92
Trd, 2591162.063, 94
Trd, 2591162.213, 86
Trd, 2591162.996, 100
Trd, 2591163.996, 89
Trd, 2591165.663, 98
Trd, 2591166.163, 97
Trd, 2591166.563, 94
Trd, 2591166.963, 102
Trd, 2591168.129, 91
Trd, 2591168.529, 102
Trd, 2591168.913, 107
Trd, 2591169.879, 108
Trd, 2591170.913, 101
Trd, 2591171.296, 99
Trd, 2591171.429, 98
Trd, 2591171.696, 95
Trd, 2591172.879, 92
Trd, 2591173.296, 98
Trd, 2591173.529, 105
Trd, 2591173.546, 87
Trd, 2591173.629, 87
Trd, 2591174.079, 105
Trd, 2591175.579, 107
Trd, 2591176.829, 87
Trd, 2591176.879, 101
Trd, 2591177.463, 87
Trd, 2591177.563, 108
Trd, 2591179.346, 103
Trd, 2591179.663, 95
Trd, 2591180.346, 102
Trd, 2591180.613, 95
Trd, 2591182.163, 97
Trd, 2591183.113, 97
Trd, 2591183.446, 98
Trd, 2591183.563, 94
Trd, 2591183.579, 99
Trd, 2591183.613, 99
Trd, 2591183.646, 93
Trd, 2591184.879, 102
Trd, 2591184.929, 104
Trd, 2591186.063, 100
Trd, 2591186.246, 90
Trd, 2591186.379, 105
Trd, 2591187.946, 90
Trd, 2591188.679, 94
Trd, 2591188.846, 102
Trd, 2591190.113, 95
Trd, 2591190.979, 94
Trd, 2591191.096, 91
Trd, 2591191.846, 94
Trd, 2591192.613, 94
Trd, 2591192.829, 93
Trd, 2591192.996, 94
Trd, 2591193.129, 101
Trd, 2591193.329, 93
Trd, 2591194.479, 108
Trd, 2591195.246, 100
Trd, 2591195.946, 99
Trd, 2591196.813, 105
Trd, 2591197.263, 98
Trd, 2591197.679, 101
Trd, 2591197.979, 99
Trd, 2591198.629, 98
Trd, 2591199.296, 97
Trd, 2591200.796, 89
Trd, 2591200.846, 101
Trd, 2591201.413, 90
Trd, 2591204.563, 93
Trd, 2591204.646, 91
Trd, 2591205.379, 94
Trd, 2591205.696, 95
Trd, 2591206.596, 97
Trd, 2591207.113, 97
Trd, 2591207.129, 93
Trd, 2591207.463, 100
Trd, 2591208.329, 93
Trd, 2591208.363, 105
Trd, 2591208.463, 77
Trd, 2591208.913, 83
Trd, 2591211.363, 91
Trd, 2591211.979, 92
Trd, 2591212.163, 99
Trd, 2591212.579, 101
Trd, 2591212.746, 92
Trd, 2591213.446, 108
Trd, 2591214.813, 107
Trd, 2591215.279, 105
Trd, 2591215.379, 110
Trd, 2591215.413, 105
Trd, 2591216.879, 105
Trd, 2591219.063, 106
Trd, 2591219.379, 107
Trd, 2591219.746, 107
Trd, 2591220.296, 107
Trd, 2591220.329, 105
Trd, 2591220.713, 107
Trd, 2591220.746, 101
Trd, 2591220.979, 101
Trd, 2591221.896, 107
Trd, 2591223.579, 100
Trd, 2591224.479, 102
Trd, 2591224.563, 104
Trd, 2591225.413, 107
Trd, 2591225.796, 101
Trd, 2591227.246, 101
Trd, 2591227.929, 100
Trd, 2591228.496, 98
Trd, 2591228.546, 101
Trd, 2591229.129, 94
Trd, 2591229.729, 87
Trd, 2591229.929, 101
Trd, 2591230.679, 101
Trd, 2591230.796, 85
Trd, 2591231.913, 102
Trd, 2591232.246, 105
Trd, 2591233.096, 94
Trd, 2591233.663, 95
Trd, 2591234.913, 97
Trd, 2591235.229, 95
Trd, 2591235.446, 96
Trd, 2591235.996, 94
Trd, 2591237.346, 99
Trd, 2591237.629, 98
Trd, 2591237.929, 104
Trd, 2591238.629, 98
Trd, 2591239.246, 97
Trd, 2591239.879, 99
Trd, 2591240.146, 102
Trd, 2591240.196, 105
Trd, 2591241.529, 87
Trd, 2591242.229, 88
Trd, 2591242.679, 97
Trd, 2591243.013, 89
Trd, 2591244.179, 98
Trd, 2591246.029, 95
Trd, 2591246.813, 95
Trd, 2591247.096, 96
Trd, 2591247.613, 95
Trd, 2591247.746, 94
Trd, 2591248.229, 94
Trd, 2591249.046, 95
Trd, 2591249.413, 94
Trd, 2591250.113, 90
Trd, 2591250.346, 87
Trd, 2591251.429, 95
Trd, 2591251.596, 96
Trd, 2591251.696, 98
Trd, 2591252.513, 101
Trd, 2591253.279, 91
Trd, 2591253.496, 105
Trd, 2591254.479, 96
Trd, 2591255.246, 96
Trd, 2591255.413, 95
Trd, 2591255.763, 95
Trd, 2591256.029, 87
Trd, 2591256.346, 96
Trd, 2591256.546, 96
Trd, 2591256.829, 84
Trd, 2591257.129, 103
Trd, 2591257.279, 108
Trd, 2591257.713, 112
Trd, 2591259.263, 95
Trd, 2591259.629, 94
Trd, 2591261.946, 100
Trd, 2591262.046, 96
Trd, 2591264.096, 97
Trd, 2591264.713, 97
Trd, 2591264.996, 99
Trd, 2591265.179, 94
Trd, 2591265.396, 104
Trd, 2591266.046, 104
Trd, 2591268.829, 98
Trd, 2591268.879, 98
Trd, 2591269.496, 97
Trd, 2591270.313, 102
Trd, 2591270.679, 97
Trd, 2591270.879, 101
Trd, 2591271.263, 105
Trd, 2591271.679, 98
Trd, 2591272.279, 99
Trd, 2591272.496, 97
Trd, 2591272.879, 98
Trd, 2591272.896, 94
Trd, 2591273.246, 90
Trd, 2591273.413, 107
Trd, 2591273.613, 79
Trd, 2591274.013, 108
Trd, 2591275.013, 103
Trd, 2591275.029, 112
Trd, 2591275.229, 87
Trd, 2591276.913, 101
Trd, 2591277.579, 90
Trd, 2591277.996, 98
Trd, 2591278.913, 84
Trd, 2591279.379, 84
Trd, 2591280.796, 96
Trd, 2591281.763, 95
Trd, 2591282.413, 105
Trd, 2591283.363, 95
Trd, 2591284.096, 111
Trd, 2591285.613, 112
Trd, 2591285.663, 119
Trd, 2591286.146, 101
Trd, 2591286.996, 102
Trd, 2591287.479, 101
Trd, 2591287.796, 99
Trd, 2591288.429, 99
Trd, 2591288.679, 117
Trd, 2591288.779, 108
Trd, 2591290.029, 98
Trd, 2591291.129, 96
Trd, 2591291.179, 98
Trd, 2591293.296, 94
Trd, 2591293.663, 87
Trd, 2591294.346, 90
Trd, 2591294.629, 86
Trd, 2591294.746, 81
Trd, 2591295.563, 91
Trd, 2591296.179, 85
Trd, 2591297.179, 98
Trd, 2591297.529, 85
Trd, 2591297.596, 104
Trd, 2591298.579, 85
Trd, 2591299.929, 93
Trd, 2591300.563, 94
Trd, 2591300.829, 95
Trd, 2591301.196, 105
Trd, 2591301.663, 96
Trd, 2591302.246, 108
Trd, 2591302.963, 98
Trd, 2591304.646, 100
Trd, 2591305.296, 106
Trd, 2591306.446, 102
Trd, 2591306.479, 101
Trd, 2591306.513, 101
Trd, 2591307.463, 97
Trd, 2591307.946, 92
Trd, 2591308.879, 92
Trd, 2591309.163, 103
Trd, 2591309.696, 92
Trd, 2591310.096, 90
Trd, 2591311.179, 89
Trd, 2591311.646, 106
Trd, 2591311.663, 107
Trd, 2591311.913, 86
Trd, 2591312.363, 106
Trd, 2591312.829, 122
Trd, 2591314.146, 111
Trd, 2591315.829, 108
Trd, 2591315.863, 101
Trd, 2591315.929, 117
Trd, 2591316.846, 115
Trd, 2591319.213, 98
Trd, 2591319.313, 102
Trd, 2591319.396, 103
Trd, 2591319.879, 101
Trd, 2591320.179, 98
Trd, 2591320.463, 95
Trd, 2591321.013, 94
Trd, 2591321.029, 94
Trd, 2591321.663, 93
Trd, 2591321.863, 99
Trd, 2591323.696, 92
Trd, 2591324.313, 92
Trd, 2591324.463, 88
Trd, 2591325.546, 88
Trd, 2591327.146, 91
Trd, 2591327.313, 91
Trd, 2591327.379, 86
Trd, 2591327.646, 86
Trd, 2591329.046, 84
Trd, 2591329.179, 84
Trd, 2591329.213, 89
Trd, 2591330.029, 99
Trd, 2591331.513, 90
Trd, 2591331.996, 92
Trd, 2591332.863, 99
Trd, 2591333.063, 101
Trd, 2591333.896, 105
Trd, 2591335.163, 108
Trd, 2591335.429, 104
Trd, 2591336.129, 105
Trd, 2591336.513, 105
Trd, 2591338.163, 100
Trd, 2591338.413, 103
Trd, 2591338.863, 99
Trd, 2591338.946, 98
Trd, 2591339.279, 97
Trd, 2591339.979, 96
Trd, 2591340.213, 97
Trd, 2591340.229, 98
Trd, 2591340.429, 100
Trd, 2591341.479, 94
Trd, 2591341.496, 99
Trd, 2591341.746, 100
Trd, 2591342.146, 105
Trd, 2591343.029, 102
Trd, 2591345.763, 88
Trd, 2591345.829, 91
Trd, 2591345.846, 85
Trd, 2591347.113, 90
Trd, 2591349.846, 98
Trd, 2591350.713, 96
Trd, 2591350.929, 91
Trd, 2591351.429, 91
Trd, 2591351.496, 98
Trd, 2591351.829, 94
Trd, 2591353.096, 96
Trd, 2591353.296, 96
Trd, 2591353.546, 95
Trd, 2591353.613, 102
Trd, 2591353.696, 105
Trd, 2591354.979, 103
Trd, 2591354.996, 101
Trd, 2591355.396, 103
Trd, 2591355.613, 99
Trd, 2591355.663, 100
Trd, 2591357.463, 97
Trd, 2591358.379, 97
Trd, 2591358.696, 105
Trd, 2591358.929, 97
Trd, 2591359.463, 110
Trd, 2591360.313, 115
Trd, 2591360.596, 116
Trd, 2591361.496, 115
Trd, 2591361.546, 95
Trd, 2591361.779, 94
Trd, 2591363.696, 102
Trd, 2591364.313, 94
Trd, 2591364.613, 97
Trd, 2591364.679, 98
Trd, 2591365.479, 96
Trd, 2591365.846, 94
Trd, 2591366.363, 100
Trd, 2591367.146, 93
Trd, 2591368.379, 102
Trd, 2591369.013, 101
Trd, 2591369.296, 104
Trd, 2591370.046, 105
Trd, 2591370.213, 96
Trd, 2591371.479, 95
Trd, 2591371.646, 94
Trd, 2591372.713, 93
Trd, 2591373.229, 89
Trd, 2591373.679, 101
Trd, 2591374.979, 107
Trd, 2591375.696, 91
Trd, 2591375.996, 89
Trd, 2591377.263, 86
Trd, 2591377.396, 95
Trd, 2591377.479, 96
Trd, 2591377.929, 89
Trd, 2591379.596, 96
Trd, 2591379.979, 94
Trd, 2591380.663, 91
Trd, 2591381.379, 93
Trd, 2591381.913, 93
Trd, 2591383.646, 95
Trd, 2591383.696, 94
Trd, 2591384.179, 94
Trd, 2591384.329, 94
Trd, 2591384.396, 93
Trd, 2591385.796, 98
Trd, 2591387.463, 95
Trd, 2591389.663, 94
Trd, 2591389.796, 104
Trd, 2591389.813, 93
Trd, 2591389.963, 92
Trd, 2591390.629, 105
Trd, 2591391.346, 102
Trd, 2591392.129, 103
Trd, 2591392.679, 99
Trd, 2591392.896, 104
Trd, 2591393.463, 99
Trd, 2591395.163, 103
Trd, 2591395.463, 103
Trd, 2591395.929, 105
Trd, 2591396.129, 108
Trd, 2591396.329, 103
Trd, 2591396.613, 100
Trd, 2591396.846, 99
Trd, 2591397.079, 98
Trd, 2591397.696, 110
Trd, 2591398.079, 111
Trd, 2591400.679, 99
Trd, 2591401.463, 105
Trd, 2591401.729, 106
Trd, 2591402.096, 103
Trd, 2591402.113, 108
Trd, 2591402.213, 100
Trd, 2591402.246, 99
Trd, 2591402.479, 98
Trd, 2591403.179, 94
Trd, 2591403.863, 93
Trd, 2591404.746, 107
Trd, 2591405.313, 106
Trd, 2591405.446, 102
Trd, 2591406.113, 105
Trd, 2591407.296, 101
Trd, 2591407.446, 91
Trd, 2591408.629, 95
Trd, 2591409.596, 101
Trd, 2591410.063, 104
Trd, 2591410.129, 100
Trd, 2591410.946, 102
Trd, 2591410.979, 107
Trd, 2591412.963, 99
Trd, 2591413.879, 101
Trd, 2591414.296, 100
Trd, 2591414.896, 100
Trd, 2591415.346, 98
Trd, 2591415.629, 94
Trd, 2591415.646, 81
Trd, 2591416.529, 93
Trd, 2591417.096, 92
Trd, 2591417.363, 92
Trd, 2591417.996, 92
Trd, 2591418.129, 96
Trd, 2591418.463, 105
Trd, 2591418.713, 90
Trd, 2591419.613, 108
Trd, 2591421.379, 98
Trd, 2591422.096, 101
Trd, 2591422.679, 101
Trd, 2591423.313, 108
Trd, 2591423.613, 100
Trd, 2591423.896, 108
Trd, 2591425.113, 112
Trd, 2591425.563, 99
Trd, 2591426.163, 122
Trd, 2591426.513, 100
Trd, 2591426.946, 101
Trd, 2591427.229, 98
Trd, 2591427.663, 104
Trd, 2591428.329, 105
Trd, 2591428.946, 87
Trd, 2591429.063, 81
Trd, 2591429.263, 108
Trd, 2591430.329, 116
Trd, 2591430.613, 105
Trd, 2591432.679, 106
Trd, 2591433.313, 105
Trd, 2591433.596, 105
Trd, 2591433.779, 103
Trd, 2591434.796, 94
Trd, 2591434.846, 95
Trd, 2591434.996, 82
Trd, 2591436.029, 112
Trd, 2591437.346, 123
Trd, 2591439.096, 108
Trd, 2591439.729, 107
Trd, 2591439.796, 118
Trd, 2591440.179, 118
Trd, 2591440.496, 106
Trd, 2591441.013, 115
Trd, 2591441.146, 106
Trd, 2591441.263, 105
Trd, 2591442.213, 102
Trd, 2591442.763, 115
Trd, 2591443.879, 109
Trd, 2591444.279, 120
Trd, 2591444.646, 121
Trd, 2591444.663, 116
Trd, 2591445.279, 121
Trd, 2591446.096, 105
Trd, 2591447.596, 117
Trd, 2591447.813, 101
Trd, 2591447.996, 98
Trd, 2591449.746, 98
Trd, 2591450.079, 97
Trd, 2591450.979, 101
Trd, 2591451.279, 95
Trd, 2591451.646, 94
Trd, 2591451.763, 98
Trd, 2591452.646, 98
Trd, 2591452.896, 98
Trd, 2591452.996, 94
Trd, 2591453.863, 95
Trd, 2591454.046, 99
Trd, 2591454.229, 105
Trd, 2591454.713, 94
Trd, 2591456.146, 97
Trd, 2591457.596, 94
Trd, 2591457.746, 94
Trd, 2591458.679, 95
Trd, 2591458.896, 90
Trd, 2591458.996, 95
Trd, 2591460.379, 99
Trd, 2591460.429, 102
Trd, 2591460.763, 107
Trd, 2591461.396, 88
Trd, 2591464.013, 101
Trd, 2591464.763, 103
Trd, 2591464.946, 90
Trd, 2591465.363, 108
Trd, 2591466.096, 92
Trd, 2591467.196, 96
Trd, 2591467.246, 106
Trd, 2591467.813, 94
Trd, 2591468.063, 104
Trd, 2591469.446, 91
Trd, 2591469.479, 92
Trd, 2591469.646, 94
Trd, 2591470.446, 100
Trd, 2591471.629, 92
Trd, 2591472.313, 95
Trd, 2591472.329, 93
Trd, 2591473.513, 100
Trd, 2591474.996, 91
Trd, 2591475.079, 90
Trd, 2591476.329, 88
Trd, 2591476.413, 98
Trd, 2591477.113, 97
Trd, 2591477.546, 99
Trd, 2591477.696, 87
Trd, 2591478.696, 86
Trd, 2591479.879, 102
Trd, 2591481.646, 94
Trd, 2591481.946, 95
Trd, 2591482.029, 93
Trd, 2591482.596, 93
Trd, 2591483.613, 97
Trd, 2591484.296, 96
Trd, 2591484.429, 96
Trd, 2591484.963, 97
Trd, 2591485.229, 93
Trd, 2591485.829, 104
Trd, 2591487.129, 96
Trd, 2591488.179, 103
Trd, 2591488.896, 104
Trd, 2591489.246, 105
Trd, 2591489.313, 108
Trd, 2591489.896, 104
Trd, 2591490.029, 103
Trd, 2591491.113, 101
Trd, 2591491.129, 101
Trd, 2591491.546, 103
Trd, 2591492.346, 98
Trd, 2591492.646, 97
Trd, 2591493.013, 94
Trd, 2591494.729, 96
Trd, 2591494.946, 97
Trd, 2591496.529, 95
Trd, 2591496.579, 96
Trd, 2591496.779, 105
Trd, 2591497.763, 95
Trd, 2591499.296, 107
Trd, 2591499.629, 106
Trd, 2591499.679, 94
Trd, 2591500.246, 106
Trd, 2591500.913, 86
Trd, 2591501.279, 91
Trd, 2591502.363, 105
Trd, 2591502.446, 90
Trd, 2591503.379, 97
Trd, 2591503.479, 99
Trd, 2591504.479, 97
Trd, 2591505.196, 98
Trd, 2591506.196, 98
Trd, 2591506.829, 101
Trd, 2591507.346, 108
Trd, 2591508.279, 99
Trd, 2591509.046, 98
Trd, 2591510.163, 104
Trd, 2591510.579, 105
Trd, 2591510.629, 99
Trd, 2591510.679, 108
Trd, 2591511.079, 84
Trd, 2591511.329, 112
Trd, 2591512.329, 93
Trd, 2591512.629, 90
Trd, 2591512.646, 97
Trd, 2591513.279, 103
Trd, 2591514.046, 105
Trd, 2591515.696, 105
Trd, 2591516.279, 105
Trd, 2591516.529, 106
Trd, 2591516.713, 104
Trd, 2591516.896, 103
Trd, 2591517.663, 116
Trd, 2591517.679, 102
Trd, 2591517.713, 98
Trd, 2591518.929, 115
Trd, 2591519.879, 95
Trd, 2591520.663, 110
Trd, 2591522.479, 106
Trd, 2591522.646, 108
Trd, 2591523.179, 101
Trd, 2591523.696, 112
Trd, 2591524.279, 94
Trd, 2591524.413, 112
Trd, 2591525.096, 87
Trd, 2591526.263, 91
Trd, 2591526.879, 91
Trd, 2591527.079, 84
Trd, 2591529.579, 91
Trd, 2591530.246, 92
Trd, 2591530.296, 91
Trd, 2591530.413, 89
Trd, 2591530.963, 94
Trd, 2591531.163, 99
Trd, 2591531.329, 88
Trd, 2591531.963, 105
Trd, 2591532.379, 106
Trd, 2591534.163, 103
Trd, 2591534.646, 99
Trd, 2591534.779, 93
Trd, 2591535.896, 97
Trd, 2591536.113, 95
Trd, 2591537.513, 95
Trd, 2591538.079, 94
Trd, 2591539.079, 101
Trd, 2591540.229, 102
Trd, 2591541.696, 95
Trd, 2591541.729, 96
Trd, 2591542.079, 100
Trd, 2591542.346, 93
Trd, 2591542.513, 81
Trd, 2591543.713, 90
Trd, 2591544.746, 92
Trd, 2591545.829, 93
Trd, 2591545.896, 95
Trd, 2591546.329, 91
Trd, 2591547.213, 93
Trd, 2591547.579, 96
Trd, 2591547.629, 94
Trd, 2591549.313, 89
Trd, 2591550.146, 103
Trd, 2591550.279, 104
Trd, 2591551.279, 102
Trd, 2591551.379, 93
Trd, 2591551.829, 91
Trd, 2591552.013, 105
Trd, 2591552.396, 108
Trd, 2591553.329, 89
Trd, 2591553.729, 105
Trd, 2591554.996, 105
Trd, 2591556.279, 95
Trd, 2591556.413, 89
Trd, 2591556.529, 87
Trd, 2591556.929, 99
Trd, 2591558.196, 97
Trd, 2591558.879, 98
Trd, 2591559.279, 105
Trd, 2591559.663, 108
Trd, 2591560.046, 96
Trd, 2591560.296, 94
Trd, 2591560.779, 84
Trd, 2591562.229, 87
Trd, 2591562.696, 88
Trd, 2591564.079, 87
Trd, 2591564.429, 92
Trd, 2591565.329, 91
Trd, 2591565.846, 92
Trd, 2591565.913, 93
Trd, 2591565.946, 91
Trd, 2591566.446, 96
Trd, 2591568.063, 98
Trd, 2591568.913, 101
Trd, 2591570.029, 91
Trd, 2591571.196, 96
Trd, 2591571.896, 97
Trd, 2591572.313, 99
Trd, 2591572.346, 100
Trd, 2591572.413, 96
Trd, 2591572.579, 105
Trd, 2591572.929, 96
Trd, 2591574.813, 106
Trd, 2591574.996, 90
Trd, 2591575.213, 108
Trd, 2591575.596, 109
Trd, 2591576.313, 94
Trd, 2591578.596, 94
Trd, 2591579.096, 92
Trd, 2591580.779, 101
Trd, 2591580.913, 93
Trd, 2591580.979, 102
Trd, 2591580.996, 91
Trd, 2591581.496, 98
Trd, 2591581.696, 104
Trd, 2591583.379, 102
Trd, 2591583.446, 92
Trd, 2591583.663, 105
Trd, 2591584.196, 92
Trd, 2591585.229, 88
Trd, 2591586.446, 88
Trd, 2591587.063, 87
Trd, 2591587.096, 86
Trd, 2591587.113, 101
Trd, 2591587.679, 89
Trd, 2591589.096, 90
Trd, 2591589.479, 90
Trd, 2591589.746, 91
Trd, 2591589.946, 93
Trd, 2591590.246, 93
Trd, 2591590.579, 96
Trd, 2591591.279, 99
Trd, 2591592.113, 105
Trd, 2591592.929, 100
Trd, 2591594.146, 101
Trd, 2591594.479, 101
Trd, 2591594.846, 100
Trd, 2591595.413, 87
Trd, 2591595.779, 97
Trd, 2591596.329, 84
Trd, 2591597.079, 80
Trd, 2591597.496, 83
Trd, 2591597.596, 85
Trd, 2591597.613, 77
Trd, 2591597.696, 105
Trd, 2591599.096, 88
Trd, 2591599.613, 90
Trd, 2591599.846, 88
Trd, 2591600.213, 100
Trd, 2591601.863, 104
Trd, 2591603.596, 98
Trd, 2591603.729, 108
Trd, 2591604.763, 99
Trd, 2591605.146, 101
Trd, 2591605.629, 107
Trd, 2591607.163, 106
Trd, 2591607.446, 105
Trd, 2591608.029, 111
Trd, 2591608.729, 112
Trd, 2591609.029, 118
Trd, 2591610.329, 105
Trd, 2591610.613, 104
Trd, 2591612.196, 107
Trd, 2591612.913, 106
Trd, 2591613.746, 101
Trd, 2591614.696, 103
Trd, 2591614.946, 102
Trd, 2591615.179, 103
Trd, 2591615.513, 108
Trd, 2591615.929, 102
Trd, 2591616.429, 120
Trd, 2591616.446, 100
Trd, 2591617.179, 98
Trd, 2591617.246, 94
Trd, 2591618.846, 84
Trd, 2591619.763, 85
Trd, 2591619.829, 87
Trd, 2591620.296, 89
Trd, 2591621.896, 89
Trd, 2591621.929, 85
Trd, 2591622.279, 91
Trd, 2591622.446, 99
Trd, 2591623.129, 104
Trd, 2591624.996, 101
Trd, 2591625.713, 98
Trd, 2591626.063, 98
Trd, 2591626.163, 98
Trd, 2591626.313, 97
Trd, 2591626.329, 101
Trd, 2591626.396, 94
Trd, 2591627.146, 95
Trd, 2591627.579, 93
Trd, 2591627.979, 101
Trd, 2591629.263, 89
Trd, 2591631.713, 98
Trd, 2591632.296, 105
Trd, 2591632.946, 89
Trd, 2591636.379, 87
Trd, 2591636.463, 97
Trd, 2591636.963, 87
Trd, 2591637.513, 91
Trd, 2591638.079, 102
Trd, 2591638.413, 102
Trd, 2591639.729, 87
Trd, 2591640.546, 87
Trd, 2591640.963, 101
Trd, 2591641.029, 102
Trd, 2591641.279, 90
Trd, 2591641.363, 89
Trd, 2591642.763, 105
Trd, 2591643.113, 108
Trd, 2591643.779, 108
Trd, 2591643.929, 107
Trd, 2591644.829, 89
Trd, 2591644.929, 100
Trd, 2591645.579, 106
Trd, 2591646.196, 108
Trd, 2591647.263, 108
Trd, 2591647.696, 106
Trd, 2591648.163, 105
Trd, 2591648.196, 98
Trd, 2591649.129, 95
Trd, 2591649.479, 94
Trd, 2591650.663, 107
Trd, 2591652.813, 98
Trd, 2591653.279, 97
Trd, 2591654.563, 96
Trd, 2591654.596, 97
Trd, 2591654.846, 96
Trd, 2591655.013, 104
Trd, 2591655.429, 95
Trd, 2591655.863, 95
Trd, 2591657.163, 100
Trd, 2591657.646, 101
Trd, 2591657.929, 97
Trd, 2591658.479, 94
Trd, 2591658.863, 100
Trd, 2591659.129, 101
Trd, 2591660.096, 103
Trd, 2591660.596, 105
Trd, 2591661.896, 108
Trd, 2591662.546, 92
Trd, 2591663.179, 89
Trd, 2591664.096, 90
Trd, 2591664.163, 97
Trd, 2591666.946, 98
Trd, 2591667.213, 99
Trd, 2591667.879, 95
Trd, 2591668.713, 96
Trd, 2591668.813, 105
Trd, 2591670.513, 94
Trd, 2591670.696, 93
Trd, 2591670.946, 104
Trd, 2591671.196, 106
Trd, 2591671.346, 92
Trd, 2591671.563, 92
Trd, 2591672.629, 89
Trd, 2591673.213, 87
Trd, 2591673.296, 101
Trd, 2591674.146, 105
Trd, 2591675.879, 102
Trd, 2591676.096, 97
Trd, 2591676.713, 101
Trd, 2591678.163, 98
Trd, 2591678.263, 98
Trd, 2591678.329, 97
Trd, 2591678.796, 98
Trd, 2591679.579, 102
Trd, 2591679.896, 101
Trd, 2591680.513, 98
Trd, 2591680.863, 98
Trd, 2591681.229, 97
Trd, 2591682.713, 99
Trd, 2591683.396, 104
Trd, 2591683.729, 99
Trd, 2591684.279, 99
Trd, 2591684.363, 98
Trd, 2591684.963, 94
Trd, 2591684.979, 94
Trd, 2591685.463, 105
Trd, 2591687.379, 97
Trd, 2591688.479, 93
Trd, 2591688.529, 99
Trd, 2591688.679, 93
Trd, 2591689.213, 101
Trd, 2591689.296, 92
Trd, 2591689.346, 91
Trd, 2591690.029, 105
Trd, 2591690.479, 89
Trd, 2591690.979, 90
Trd, 2591692.013, 105
Trd, 2591693.646, 107
Trd, 2591694.613, 92
Trd, 2591694.646, 106
Trd, 2591694.929, 93
Trd, 2591694.979, 92
Trd, 2591695.596, 92
Trd, 2591695.763, 102
Trd, 2591696.129, 87
Trd, 2591696.329, 85
Trd, 2591696.446, 87
Trd, 2591696.779, 108
Trd, 2591699.146, 94
Trd, 2591699.246, 90
Trd, 2591700.363, 92
Trd, 2591700.629, 91
Trd, 2591700.996, 91
Trd, 2591701.879, 99
Trd, 2591703.013, 93
Trd, 2591703.813, 97
Trd, 2591704.579, 96
Trd, 2591704.963, 97
Trd, 2591706.096, 99
Trd, 2591706.429, 102
Trd, 2591706.779, 99
Trd, 2591708.296, 100
Trd, 2591710.246, 101
Trd, 2591710.646, 101
Trd, 2591710.746, 108
Trd, 2591710.913, 101
Trd, 2591711.396, 99
Trd, 2591712.029, 99
Trd, 2591712.413, 99
Trd, 2591713.313, 98
Trd, 2591713.979, 100
Trd, 2591713.996, 105
Trd, 2591714.279, 106
Trd, 2591715.579, 99
Trd, 2591715.813, 111
Trd, 2591715.929, 112
Trd, 2591716.796, 96
Trd, 2591719.079, 95
Trd, 2591719.496, 100
Trd, 2591720.613, 98
Trd, 2591720.946, 99
Trd, 2591721.063, 98
Trd, 2591721.713, 96
Trd, 2591722.729, 97
Trd, 2591722.763, 95
Trd, 2591722.829, 94
Trd, 2591722.846, 94
Trd, 2591723.663, 88
Trd, 2591726.763, 90
Trd, 2591726.779, 92
Trd, 2591727.013, 87
Trd, 2591728.646, 95
Trd, 2591728.996, 95
Trd, 2591729.246, 94
Trd, 2591729.729, 94
Trd, 2591730.246, 94
Trd, 2591730.696, 97
Trd, 2591730.796, 98
Trd, 2591731.846, 102
Trd, 2591732.179, 99
Trd, 2591733.229, 105
Trd, 2591733.696, 98
Trd, 2591734.346, 103
Trd, 2591734.363, 105
Trd, 2591734.563, 102
Trd, 2591735.829, 99
Trd, 2591736.896, 98
Trd, 2591737.463, 102
Trd, 2591737.663, 97
Trd, 2591737.863, 81
Trd, 2591738.079, 85
Trd, 2591738.596, 91
Trd, 2591739.063, 103
Trd, 2591740.196, 101
Trd, 2591740.813, 73
Trd, 2591741.513, 82
Trd, 2591741.679, 83
Trd, 2591742.446, 84
Trd, 2591743.463, 88
Trd, 2591744.096, 91
Trd, 2591744.946, 105
Trd, 2591745.763, 103
Trd, 2591746.313, 107
Trd, 2591746.329, 98
Trd, 2591747.213, 107
Trd, 2591747.296, 100
Trd, 2591747.346, 99
Trd, 2591747.763, 100
Trd, 2591747.913, 98
Trd, 2591747.946, 94
Trd, 2591748.579, 87
Trd, 2591750.946, 99
Trd, 2591752.446, 97
Trd, 2591752.779, 96
Trd, 2591753.046, 94
Trd, 2591754.079, 98
Trd, 2591754.179, 101
Trd, 2591754.596, 93
Trd, 2591755.263, 101
Trd, 2591755.746, 103
Trd, 2591756.213, 105
Trd, 2591756.613, 92
Trd, 2591757.029, 91
Trd, 2591758.513, 90
Trd, 2591759.663, 93
Trd, 2591761.096, 95
Trd, 2591761.396, 96
Trd, 2591762.729, 95
Trd, 2591762.746, 94
Trd, 2591763.329, 98
Trd, 2591763.363, 105
Trd, 2591763.713, 100
Trd, 2591764.446, 94
Trd, 2591765.013, 106
Trd, 2591765.979, 98
Trd, 2591766.429, 96
Trd, 2591767.746, 104
Trd, 2591768.596, 105
Trd, 2591768.779, 108
Trd, 2591769.379, 112
Trd, 2591769.563, 111
Trd, 2591769.696, 107
Trd, 2591770.463, 118
Trd, 2591770.613, 101
Trd, 2591771.213, 118
Trd, 2591771.563, 102
Trd, 2591771.729, 100
Trd, 2591772.296, 98
Trd, 2591772.513, 122
Trd, 2591772.963, 87
Trd, 2591774.546, 85
Trd, 2591774.629, 96
Trd, 2591776.079, 95
Trd, 2591776.313, 89
Trd, 2591777.796, 111
Trd, 2591778.529, 98
Trd, 2591778.613, 108
Trd, 2591779.796, 107
Trd, 2591779.863, 100
Trd, 2591780.179, 98
Trd, 2591780.296, 94
Trd, 2591780.879, 92
Trd, 2591781.363, 99
Trd, 2591782.329, 95
Trd, 2591782.729, 88
Trd, 2591782.763, 101
Trd, 2591783.113, 87
Trd, 2591785.129, 106
Trd, 2591785.479, 106
Trd, 2591785.629, 108
Trd, 2591785.863, 91
Trd, 2591787.329, 94
Trd, 2591788.563, 95
Trd, 2591789.663, 90
Trd, 2591790.963, 90
Trd, 2591791.063, 91
Trd, 2591791.979, 89
Trd, 2591792.413, 87
Trd, 2591792.646, 90
Trd, 2591794.013, 95
Trd, 2591794.079, 89
Trd, 2591794.446, 95
Trd, 2591794.846, 89
Trd, 2591794.879, 88
Trd, 2591795.346, 96
Trd, 2591797.363, 93
Trd, 2591797.563, 94
Trd, 2591797.896, 94
Trd, 2591797.929, 101
Trd, 2591798.163, 90
Trd, 2591799.396, 88
Trd, 2591800.046, 93
Trd, 2591800.796, 88
Trd, 2591800.896, 87
Trd, 2591801.296, 96
Trd, 2591801.929, 102
Trd, 2591802.763, 85
Trd, 2591803.279, 102
Trd, 2591803.446, 87
Trd, 2591804.496, 99
Trd, 2591805.379, 102
Trd, 2591806.929, 92
Trd, 2591807.963, 101
Trd, 2591809.196, 100
Trd, 2591809.579, 101
Trd, 2591809.863, 102
Trd, 2591810.213, 100
Trd, 2591810.563, 98
Trd, 2591810.829, 98
Trd, 2591811.246, 94
Trd, 2591812.146, 91
Trd, 2591812.446, 97
Trd, 2591812.663, 98
Trd, 2591813.129, 105
Trd, 2591813.263, 108
Trd, 2591813.363, 91
Trd, 2591814.563, 92
Trd, 2591814.763, 111
Trd, 2591814.796, 86
Trd, 2591818.913, 97
Trd, 2591818.996, 98
Trd, 2591819.963, 100
Trd, 2591820.029, 101
Trd, 2591820.729, 103
Trd, 2591821.046, 104
Trd, 2591821.629, 102
Trd, 2591822.163, 101
Trd, 2591822.496, 105
Trd, 2591822.763, 108
Trd, 2591822.796, 99
Trd, 2591823.046, 111
Trd, 2591823.713, 111
Trd, 2591824.046, 99
Trd, 2591824.229, 98
Trd, 2591824.479, 111
Trd, 2591825.846, 106
Trd, 2591826.029, 105
Trd, 2591827.946, 98
Trd, 2591828.079, 98
Trd, 2591828.446, 99
Trd, 2591829.013, 99
Trd, 2591829.563, 97
Trd, 2591829.896, 105
Trd, 2591830.629, 98
Trd, 2591831.363, 105
Trd, 2591831.529, 108
Trd, 2591833.979, 98
Trd, 2591834.279, 97
Trd, 2591835.146, 95
Trd, 2591835.496, 98
Trd, 2591835.879, 97
Trd, 2591835.963, 98
Trd, 2591837.113, 96
Trd, 2591837.779, 97
Trd, 2591838.796, 100
Trd, 2591839.196, 101
Trd, 2591840.213, 101
Trd, 2591840.729, 99
Trd, 2591841.263, 100
Trd, 2591842.479, 98
Trd, 2591842.863, 94
Trd, 2591843.663, 101
Trd, 2591843.779, 105
Trd, 2591844.813, 104
Trd, 2591845.963, 99
Trd, 2591847.079, 104
Trd, 2591847.246, 104
Trd, 2591847.429, 104
Trd, 2591848.263, 104
Trd, 2591848.546, 87
Trd, 2591849.129, 80
Trd, 2591849.629, 103
Trd, 2591849.879, 86
Trd, 2591849.946, 84
Trd, 2591850.029, 105
Trd, 2591850.046, 112
Trd, 2591850.296, 119
Trd, 2591853.563, 99
Trd, 2591854.163, 96
Trd, 2591854.346, 97
Trd, 2591854.629, 95
Trd, 2591854.996, 98
Trd, 2591856.696, 97
Trd, 2591857.113, 95
Trd, 2591857.479, 95
Trd, 2591857.979, 107
Trd, 2591858.179, 94
Trd, 2591858.363, 81
Trd, 2591858.396, 80
Trd, 2591858.546, 108
Trd, 2591860.929, 99
Trd, 2591862.029, 89
Trd, 2591862.113, 83
Trd, 2591863.146, 89
Trd, 2591863.679, 92
Trd, 2591863.763, 93
Trd, 2591864.079, 101
Trd, 2591864.096, 105
Trd, 2591864.296, 108
Trd, 2591864.496, 112
Trd, 2591865.163, 97
Trd, 2591866.079, 119
Trd, 2591866.263, 118
Trd, 2591867.213, 120
Trd, 2591867.296, 111
Trd, 2591868.779, 104
Trd, 2591870.179, 103
Trd, 2591870.779, 105
Trd, 2591870.846, 116
Trd, 2591871.496, 104
Trd, 2591872.213, 104
Trd, 2591872.896, 103
Trd, 2591875.713, 101
Trd, 2591875.996, 102
Trd, 2591876.563, 101
Trd, 2591876.996, 100
Trd, 2591877.679, 101
Trd, 2591878.713, 104
Trd, 2591878.896, 100
Trd, 2591880.113, 98
Trd, 2591881.079, 94
Trd, 2591881.729, 92
Trd, 2591881.813, 98
Trd, 2591882.313, 91
Trd, 2591882.346, 103
Trd, 2591882.729, 105
Trd, 2591882.913, 108
Trd, 2591883.196, 90
Trd, 2591884.463, 85
Trd, 2591884.813, 86
Trd, 2591884.879, 88
Trd, 2591885.163, 84
Trd, 2591886.929, 106
Trd, 2591887.046, 86
Trd, 2591887.063, 85
Trd, 2591887.179, 88
Trd, 2591888.179, 104
Trd, 2591888.579, 106
Trd, 2591889.096, 109
Trd, 2591891.046, 105
Trd, 2591891.379, 106
Trd, 2591892.229, 102
Trd, 2591893.929, 104
Trd, 2591894.396, 103
Trd, 2591894.479, 101
Trd, 2591894.563, 98
Trd, 2591895.713, 101
Trd, 2591896.429, 88
Trd, 2591897.146, 103
Trd, 2591897.513, 95
Trd, 2591897.713, 96
Trd, 2591897.779, 105
Trd, 2591898.463, 96
Trd, 2591899.846, 96
Trd, 2591900.479, 93
Trd, 2591901.496, 97
Trd, 2591901.729, 102
Trd, 2591902.196, 107
Trd, 2591902.613, 87
Trd, 2591902.879, 106
Trd, 2591903.496, 100
Trd, 2591904.179, 99
Trd, 2591904.463, 88
Trd, 2591905.763, 89
Trd, 2591906.146, 88
Trd, 2591906.979, 88
Trd, 2591907.129, 94
Trd, 2591908.529, 89
Trd, 2591909.296, 98
Trd, 2591909.896, 98
Trd, 2591910.213, 98
Trd, 2591911.129, 97
Trd, 2591912.996, 97
Trd, 2591913.696, 103
Trd, 2591913.713, 97
Trd, 2591914.946, 102
Trd, 2591915.029, 105
Trd, 2591915.729, 98
Trd, 2591915.979, 100
Trd, 2591916.029, 97
Trd, 2591916.329, 97
Trd, 2591916.996, 108
Trd, 2591917.063, 94
Trd, 2591917.496, 93
Trd, 2591917.563, 111
Trd, 2591918.163, 87
Trd, 2591918.879, 108
Trd, 2591920.079, 83
Trd, 2591920.596, 83
Trd, 2591923.096, 83
Trd, 2591923.996, 101
Trd, 2591924.363, 84
Trd, 2591925.629, 95
Trd, 2591925.913, 90
Trd, 2591926.229, 97
Trd, 2591926.913, 94
Trd, 2591927.063, 95
Trd, 2591927.079, 94
Trd, 2591927.213, 92
Trd, 2591928.313, 87
Trd, 2591928.413, 86
Trd, 2591928.496, 100
Trd, 2591930.379, 85
Trd, 2591931.213, 89
Trd, 2591931.946, 105
Trd, 2591933.013, 108
Trd, 2591933.363, 101
Trd, 2591934.229, 92
Trd, 2591934.846, 98
Trd, 2591936.129, 98
Trd, 2591936.313, 89
Trd, 2591937.196, 88
Trd, 2591937.646, 96
Trd, 2591938.113, 103
Trd, 2591938.713, 89
Trd, 2591938.963, 105
Trd, 2591939.079, 107
Trd, 2591940.679, 94
Trd, 2591940.829, 88
Trd, 2591941.179, 87
Trd, 2591941.579, 87
Trd, 2591941.679, 95
Trd, 2591943.363, 84
Trd, 2591943.763, 86
Trd, 2591944.879, 87
Trd, 2591944.929, 103
Trd, 2591945.129, 86
Trd, 2591945.863, 108
Trd, 2591947.179, 107
Trd, 2591948.446, 94
Trd, 2591948.746, 108
Trd, 2591949.046, 94
Trd, 2591949.296, 108
Trd, 2591949.496, 112
Trd, 2591950.196, 94
Trd, 2591951.263, 96
Trd, 2591953.246, 111
Trd, 2591953.596, 109
Trd, 2591953.746, 107
Trd, 2591953.896, 102
Trd, 2591954.179, 111
Trd, 2591954.463, 98
Trd, 2591955.046, 88
Trd, 2591955.446, 88
Trd, 2591955.779, 109
Trd, 2591957.579, 99
Trd, 2591959.096, 99
Trd, 2591959.446, 88
Trd, 2591961.663, 88
Trd, 2591962.046, 98
Trd, 2591962.379, 96
Trd, 2591963.163, 94
Trd, 2591963.296, 91
Trd, 2591963.329, 95
Trd, 2591963.496, 90
Trd, 2591964.729, 91
Trd, 2591964.946, 102
Trd, 2591965.496, 91
Trd, 2591966.046, 87
Trd, 2591966.179, 99
Trd, 2591966.529, 105
Trd, 2591966.729, 87
Trd, 2591968.029, 89
Trd, 2591968.246, 88
Trd, 2591969.363, 90
Trd, 2591970.029, 90
Trd, 2591970.296, 91
Trd, 2591970.463, 99
Trd, 2591970.513, 89
Trd, 2591972.363, 103
Trd, 2591972.663, 108
Trd, 2591974.063, 107
Trd, 2591974.463, 108
Trd, 2591974.829, 107
Trd, 2591974.846, 106
Trd, 2591975.113, 105
Trd, 2591975.629, 101
Trd, 2591975.796, 109
Trd, 2591975.979, 110
Trd, 2591978.846, 105
Trd, 2591979.663, 98
Trd, 2591979.696, 103
Trd, 2591980.029, 103
Trd, 2591980.446, 96
Trd, 2591981.463, 95
Trd, 2591981.629, 101
Trd, 2591983.163, 95
Trd, 2591983.229, 94
Trd, 2591983.829, 96
Trd, 2591984.246, 90
Trd, 2591984.813, 88
Trd, 2591985.479, 88
Trd, 2591985.763, 98
Trd, 2591986.996, 93
Trd, 2591988.063, 99
Trd, 2591988.663, 98
Trd, 2591989.163, 99
Trd, 2591989.563, 98
Trd, 2591990.429, 101
Trd, 2591992.313, 94
Trd, 2591992.429, 93
Trd, 2591992.863, 95
Trd, 2591993.913, 92
Trd, 2591993.996, 94
Trd, 2591994.279, 91
Trd, 2591994.729, 98
Trd, 2591994.896, 101
Trd, 2591995.313, 105
Trd, 2591996.613, 108
Trd, 2591997.529, 106
Trd, 2591997.679, 105
Trd, 2591998.996, 117
Trd, 2591999.396, 117
Trd, 2591999.479, 106
