Trd, 2590684.679, 93
Trd, 2590685.163, 111
Trd, 2590686.496, 101
Trd, 2590686.863, 101
Trd, 2590687.346, 102
Trd, 2590687.646, 112
Trd, 2590688.163, 101
Trd, 2590688.179, 115
Trd, 2590688.529, 115
Trd, 2590689.279, 108
Trd, 2590689.429, 101
Trd, 2590689.496, 91
Trd, 2590690.713, 94
Trd, 2590690.863, 120
Trd, 2590691.346, 102
Trd, 2590692.513, 103
Trd, 2590693.146, 103
Trd, 2590693.246, 105
Trd, 2590693.363, 108
Trd, 2590693.563, 101
Trd, 2590695.196, 89
Trd, 2590695.263, 87
Trd, 2590695.296, 81
Trd, 2590696.879, 91
Trd, 2590698.696, 105
Trd, 2590699.046, 106
Trd, 2590699.346, 95
Trd, 2590699.596, 112
Trd, 2590699.763, 94
Trd, 2590700.329, 125
Trd, 2590701.063, 92
Trd, 2590703.179, 107
Trd, 2590703.396, 92
Trd, 2590704.163, 110
Trd, 2590704.646, 92
Trd, 2590704.763, 112
Trd, 2590706.213, 96
Trd, 2590706.496, 96
Trd, 2590706.613, 98
Trd, 2590707.213, 97
Trd, 2590707.763, 97
Trd, 2590707.779, 94
Trd, 2590708.029, 99
Trd, 2590709.663, 98
Trd, 2590710.446, 102
Trd, 2590710.796, 98
Trd, 2590711.029, 100
Trd, 2590711.046, 115
Trd, 2590711.779, 118
Trd, 2590711.796, 110
Trd, 2590712.613, 95
Trd, 2590713.329, 97
Trd, 2590713.563, 95
Trd, 2590715.379, 91
Trd, 2590715.979, 95
Trd, 2590716.746, 96
Trd, 2590716.779, 98
Trd, 2590716.796, 94
Trd, 2590719.096, 93
Trd, 2590720.046, 101
Trd, 2590720.913, 105
Trd, 2590721.763, 96
Trd, 2590723.163, 109
Trd, 2590723.379, 106
Trd, 2590723.579, 108
Trd, 2590723.613, 105
Trd, 2590725.346, 101
Trd, 2590726.329, 99
Trd, 2590727.113, 96
Trd, 2590727.279, 99
Trd, 2590727.729, 101
Trd, 2590727.779, 107
Trd, 2590727.796, 95
Trd, 2590728.296, 94
Trd, 2590728.546, 108
Trd, 2590728.663, 91
Trd, 2590728.696, 114
Trd, 2590731.013, 112
Trd, 2590732.396, 109
Trd, 2590732.446, 105
Trd, 2590732.563, 94
Trd, 2590733.296, 123
Trd, 2590733.796, 95
Trd, 2590735.296, 92
Trd, 2590735.363, 94
Trd, 2590736.113, 118
Trd, 2590736.513, 113
Trd, 2590737.313, 112
Trd, 2590737.879, 127
Trd, 2590738.746, 124
Trd, 2590738.863, 122
Trd, 2590739.429, 108
Trd, 2590740.096, 92
Trd, 2590740.913, 122
Trd, 2590741.263, 91
Trd, 2590741.413, 90
Trd, 2590742.229, 95
Trd, 2590743.429, 92
Trd, 2590743.879, 113
Trd, 2590744.229, 118
Trd, 2590744.996, 92
Trd, 2590745.563, 91
Trd, 2590745.629, 94
Trd, 2590746.113, 102
Trd, 2590746.129, 87
Trd, 2590747.329, 103
Trd, 2590748.213, 105
Trd, 2590748.813, 121
Trd, 2590750.013, 109
Trd, 2590750.796, 109
Trd, 2590751.213, 109
Trd, 2590752.779, 109
Trd, 2590753.213, 108
Trd, 2590753.513, 105
Trd, 2590753.679, 98
Trd, 2590753.813, 118
Trd, 2590754.129, 90
Trd, 2590754.979, 81
Trd, 2590755.296, 97
Trd, 2590755.346, 99
Trd, 2590756.546, 78
Trd, 2590757.063, 101
Trd, 2590757.346, 111
Trd, 2590757.529, 116
Trd, 2590757.779, 101
Trd, 2590760.163, 111
Trd, 2590760.513, 101
Trd, 2590761.463, 105
Trd, 2590762.129, 113
Trd, 2590762.679, 109
Trd, 2590763.313, 106
Trd, 2590763.479, 111
Trd, 2590763.613, 112
Trd, 2590763.629, 102
Trd, 2590763.863, 101
Trd, 2590765.146, 113
Trd, 2590765.279, 97
Trd, 2590766.396, 94
Trd, 2590766.679, 90
Trd, 2590768.663, 107
Trd, 2590769.529, 96
Trd, 2590770.479, 98
Trd, 2590770.929, 99
Trd, 2590771.446, 100
Trd, 2590772.729, 101
Trd, 2590773.229, 100
Trd, 2590774.196, 103
Trd, 2590774.313, 102
Trd, 2590774.763, 104
Trd, 2590775.563, 94
Trd, 2590775.596, 105
Trd, 2590776.779, 101
Trd, 2590777.246, 99
Trd, 2590779.279, 110
Trd, 2590779.629, 101
Trd, 2590780.096, 113
Trd, 2590780.146, 112
Trd, 2590780.263, 114
Trd, 2590780.513, 104
Trd, 2590780.629, 120
Trd, 2590782.579, 126
Trd, 2590782.629, 94
Trd, 2590783.063, 91
Trd, 2590783.213, 81
Trd, 2590783.246, 90
Trd, 2590783.379, 113
Trd, 2590783.829, 77
Trd, 2590784.963, 87
Trd, 2590785.129, 87
Trd, 2590786.063, 90
Trd, 2590786.213, 91
Trd, 2590786.329, 95
Trd, 2590789.529, 102
Trd, 2590790.613, 109
Trd, 2590790.963, 108
Trd, 2590791.446, 108
Trd, 2590792.846, 111
Trd, 2590793.046, 110
Trd, 2590793.213, 119
Trd, 2590793.429, 108
Trd, 2590794.629, 103
Trd, 2590794.963, 104
Trd, 2590794.979, 103
Trd, 2590795.829, 101
Trd, 2590796.629, 111
Trd, 2590798.996, 96
Trd, 2590799.929, 94
Trd, 2590800.013, 96
Trd, 2590800.379, 93
Trd, 2590800.713, 96
Trd, 2590800.913, 95
Trd, 2590800.979, 113
Trd, 2590802.079, 96
Trd, 2590802.429, 97
Trd, 2590803.146, 96
Trd, 2590803.279, 94
Trd, 2590803.463, 105
Trd, 2590804.479, 117
Trd, 2590804.496, 129
Trd, 2590805.363, 118
Trd, 2590807.479, 105
Trd, 2590807.963, 101
Trd, 2590809.146, 92
Trd, 2590809.996, 101
Trd, 2590811.179, 97
Trd, 2590812.296, 100
Trd, 2590812.663, 99
Trd, 2590813.529, 94
Trd, 2590814.563, 101
Trd, 2590814.979, 94
Trd, 2590816.696, 102
Trd, 2590817.729, 103
Trd, 2590817.763, 111
Trd, 2590818.029, 112
Trd, 2590818.596, 102
Trd, 2590818.829, 108
Trd, 2590819.529, 101
Trd, 2590820.113, 101
Trd, 2590820.363, 100
Trd, 2590820.479, 99
Trd, 2590820.696, 93
Trd, 2590821.146, 98
Trd, 2590821.663, 99
Trd, 2590822.479, 101
Trd, 2590822.796, 98
Trd, 2590824.613, 99
Trd, 2590824.896, 91
Trd, 2590826.046, 89
Trd, 2590826.063, 87
Trd, 2590826.129, 81
Trd, 2590826.763, 85
Trd, 2590826.879, 94
Trd, 2590827.479, 115
Trd, 2590828.113, 119
Trd, 2590828.146, 118
Trd, 2590828.363, 93
Trd, 2590828.763, 125
Trd, 2590829.413, 111
Trd, 2590831.879, 101
Trd, 2590832.713, 109
Trd, 2590832.796, 110
Trd, 2590833.629, 119
Trd, 2590833.663, 118
Trd, 2590834.496, 108
Trd, 2590834.563, 106
Trd, 2590836.479, 115
Trd, 2590837.113, 112
Trd, 2590838.563, 111
Trd, 2590839.596, 105
Trd, 2590839.779, 102
Trd, 2590840.329, 107
Trd, 2590840.646, 101
Trd, 2590840.763, 110
Trd, 2590841.229, 114
Trd, 2590841.463, 94
Trd, 2590843.196, 93
Trd, 2590844.013, 112
Trd, 2590845.446, 103
Trd, 2590845.579, 98
Trd, 2590845.863, 111
Trd, 2590846.163, 99
Trd, 2590847.079, 116
Trd, 2590847.679, 104
Trd, 2590847.746, 103
Trd, 2590848.246, 101
Trd, 2590848.629, 115
Trd, 2590849.063, 91
Trd, 2590849.129, 98
Trd, 2590849.246, 115
Trd, 2590849.829, 116
Trd, 2590850.263, 100
Trd, 2590850.846, 105
Trd, 2590851.596, 99
Trd, 2590851.779, 91
Trd, 2590851.929, 101
Trd, 2590852.463, 89
Trd, 2590852.496, 116
Trd, 2590853.363, 113
Trd, 2590853.513, 101
Trd, 2590854.846, 121
Trd, 2590855.363, 103
Trd, 2590856.296, 114
Trd, 2590857.296, 107
Trd, 2590857.479, 105
Trd, 2590858.913, 101
Trd, 2590859.329, 95
Trd, 2590859.863, 94
Trd, 2590860.413, 101
Trd, 2590861.263, 99
Trd, 2590861.596, 100
Trd, 2590863.163, 97
Trd, 2590863.179, 98
Trd, 2590863.613, 101
Trd, 2590863.946, 101
Trd, 2590864.613, 100
Trd, 2590864.696, 104
Trd, 2590866.196, 112
Trd, 2590866.429, 110
Trd, 2590867.213, 94
Trd, 2590867.713, 92
Trd, 2590868.263, 102
Trd, 2590868.546, 108
Trd, 2590869.546, 85
Trd, 2590870.596, 90
Trd, 2590871.179, 84
Trd, 2590871.379, 115
Trd, 2590871.529, 118
Trd, 2590872.746, 102
Trd, 2590873.363, 103
Trd, 2590873.396, 115
Trd, 2590873.596, 118
Trd, 2590875.496, 91
Trd, 2590876.129, 89
Trd, 2590877.063, 89
Trd, 2590877.513, 93
Trd, 2590877.696, 98
Trd, 2590879.063, 106
Trd, 2590879.396, 95
Trd, 2590880.113, 94
Trd, 2590881.913, 90
Trd, 2590883.596, 87
Trd, 2590884.079, 92
Trd, 2590884.163, 93
Trd, 2590886.313, 98
Trd, 2590886.329, 95
Trd, 2590886.529, 102
Trd, 2590886.729, 99
Trd, 2590888.113, 104
Trd, 2590888.246, 96
Trd, 2590888.379, 94
Trd, 2590888.429, 94
Trd, 2590889.846, 107
Trd, 2590890.029, 105
Trd, 2590890.379, 113
Trd, 2590891.129, 99
Trd, 2590891.496, 117
Trd, 2590892.746, 109
Trd, 2590894.246, 98
Trd, 2590894.546, 122
Trd, 2590896.879, 111
Trd, 2590897.163, 118
Trd, 2590897.563, 100
Trd, 2590898.463, 103
Trd, 2590898.646, 104
Trd, 2590898.863, 105
Trd, 2590898.979, 103
Trd, 2590899.879, 102
Trd, 2590899.913, 107
Trd, 2590900.263, 127
Trd, 2590900.713, 100
Trd, 2590901.613, 91
Trd, 2590901.863, 91
Trd, 2590902.313, 106
Trd, 2590902.596, 94
Trd, 2590903.229, 93
Trd, 2590904.379, 87
Trd, 2590904.829, 95
Trd, 2590905.746, 102
Trd, 2590905.846, 93
Trd, 2590906.846, 104
Trd, 2590907.046, 106
Trd, 2590908.113, 100
Trd, 2590908.529, 102
Trd, 2590909.329, 113
Trd, 2590909.479, 118
Trd, 2590909.979, 118
Trd, 2590911.113, 107
Trd, 2590911.479, 106
Trd, 2590911.663, 109
Trd, 2590913.563, 123
Trd, 2590914.179, 108
Trd, 2590915.779, 121
Trd, 2590916.129, 108
Trd, 2590916.346, 106
Trd, 2590917.229, 105
Trd, 2590917.746, 103
Trd, 2590918.413, 113
Trd, 2590919.429, 106
Trd, 2590919.529, 108
Trd, 2590919.646, 100
Trd, 2590919.729, 121
Trd, 2590920.063, 94
Trd, 2590921.063, 119
Trd, 2590921.896, 123
Trd, 2590922.313, 117
Trd, 2590922.579, 115
Trd, 2590923.513, 112
Trd, 2590924.496, 111
Trd, 2590924.513, 108
Trd, 2590924.546, 105
Trd, 2590925.496, 102
Trd, 2590925.946, 101
Trd, 2590926.196, 91
Trd, 2590927.279, 122
Trd, 2590928.579, 122
Trd, 2590929.296, 118
Trd, 2590929.329, 100
Trd, 2590930.096, 93
Trd, 2590930.763, 107
Trd, 2590930.996, 108
Trd, 2590931.296, 92
Trd, 2590932.313, 91
Trd, 2590932.396, 87
Trd, 2590932.546, 81
Trd, 2590933.029, 101
Trd, 2590933.546, 103
Trd, 2590933.929, 78
Trd, 2590934.829, 96
Trd, 2590937.746, 101
Trd, 2590938.429, 100
Trd, 2590940.429, 104
Trd, 2590940.513, 105
Trd, 2590940.596, 103
Trd, 2590940.713, 103
Trd, 2590941.946, 104
Trd, 2590942.479, 104
Trd, 2590943.029, 105
Trd, 2590943.579, 107
Trd, 2590943.629, 108
Trd, 2590944.029, 113
Trd, 2590945.446, 120
Trd, 2590945.496, 103
Trd, 2590945.779, 125
Trd, 2590946.696, 106
Trd, 2590947.163, 101
Trd, 2590947.296, 93
Trd, 2590947.529, 114
Trd, 2590947.663, 127
Trd, 2590949.279, 108
Trd, 2590949.729, 97
Trd, 2590950.229, 97
Trd, 2590950.596, 96
Trd, 2590950.763, 89
Trd, 2590951.213, 87
Trd, 2590952.813, 98
Trd, 2590953.946, 94
Trd, 2590955.613, 91
Trd, 2590956.479, 92
Trd, 2590956.779, 93
Trd, 2590957.929, 96
Trd, 2590958.279, 105
Trd, 2590958.446, 110
Trd, 2590958.846, 109
Trd, 2590958.913, 91
Trd, 2590959.463, 90
Trd, 2590960.163, 92
Trd, 2590960.313, 111
Trd, 2590961.129, 118
Trd, 2590961.796, 92
Trd, 2590962.229, 101
Trd, 2590963.279, 123
Trd, 2590963.746, 101
Trd, 2590964.829, 102
Trd, 2590965.313, 113
Trd, 2590965.546, 111
Trd, 2590966.346, 101
Trd, 2590966.613, 103
Trd, 2590967.029, 114
Trd, 2590967.329, 118
Trd, 2590967.429, 102
Trd, 2590968.529, 105
Trd, 2590969.063, 104
Trd, 2590969.079, 101
Trd, 2590969.446, 118
Trd, 2590970.413, 94
Trd, 2590973.013, 95
Trd, 2590973.313, 96
Trd, 2590973.446, 109
Trd, 2590973.463, 95
Trd, 2590975.146, 98
Trd, 2590975.279, 99
Trd, 2590976.113, 105
Trd, 2590976.563, 94
Trd, 2590976.579, 118
Trd, 2590976.963, 93
Trd, 2590978.146, 92
Trd, 2590978.596, 101
Trd, 2590978.829, 102
Trd, 2590979.163, 92
Trd, 2590979.563, 87
Trd, 2590980.213, 101
Trd, 2590980.513, 111
Trd, 2590980.763, 97
Trd, 2590981.229, 94
Trd, 2590981.796, 106
Trd, 2590982.713, 89
Trd, 2590983.496, 91
Trd, 2590983.613, 83
Trd, 2590984.313, 77
Trd, 2590984.763, 74
Trd, 2590984.979, 111
Trd, 2590985.463, 70
Trd, 2590986.563, 89
Trd, 2590988.213, 92
Trd, 2590988.296, 92
Trd, 2590988.663, 93
Trd, 2590989.246, 94
Trd, 2590990.363, 106
Trd, 2590991.279, 115
Trd, 2590991.396, 118
Trd, 2590991.613, 100
Trd, 2590992.563, 101
Trd, 2590992.846, 100
Trd, 2590995.946, 92
Trd, 2590996.529, 97
Trd, 2590996.629, 102
Trd, 2590997.179, 108
Trd, 2590998.313, 114
Trd, 2590998.413, 97
Trd, 2590998.563, 96
Trd, 2590998.813, 94
Trd, 2590998.946, 92
Trd, 2590999.979, 95
Trd, 2591000.296, 89
Trd, 2591000.429, 88
Trd, 2591000.563, 112
Trd, 2591001.063, 87
Trd, 2591002.329, 105
Trd, 2591002.479, 109
Trd, 2591002.813, 118
Trd, 2591002.879, 101
Trd, 2591003.463, 122
Trd, 2591004.463, 123
Trd, 2591005.496, 104
Trd, 2591006.263, 101
Trd, 2591006.596, 103
Trd, 2591006.646, 106
Trd, 2591007.263, 105
Trd, 2591009.113, 102
Trd, 2591009.896, 106
Trd, 2591009.929, 100
Trd, 2591010.979, 95
Trd, 2591011.179, 92
Trd, 2591011.263, 90
Trd, 2591013.663, 93
Trd, 2591014.196, 91
Trd, 2591014.229, 104
Trd, 2591014.796, 101
Trd, 2591014.963, 111
Trd, 2591015.163, 90
Trd, 2591015.329, 111
Trd, 2591016.846, 102
Trd, 2591017.563, 104
Trd, 2591018.129, 103
Trd, 2591018.796, 108
Trd, 2591019.196, 105
Trd, 2591019.763, 114
Trd, 2591020.829, 108
Trd, 2591021.229, 118
Trd, 2591021.446, 105
Trd, 2591021.829, 107
Trd, 2591021.879, 110
Trd, 2591023.329, 89
Trd, 2591024.063, 86
Trd, 2591024.113, 91
Trd, 2591024.829, 91
Trd, 2591025.113, 89
Trd, 2591025.546, 81
Trd, 2591026.646, 91
Trd, 2591026.963, 91
Trd, 2591027.679, 93
Trd, 2591027.746, 96
Trd, 2591028.046, 102
Trd, 2591029.546, 105
Trd, 2591030.513, 113
Trd, 2591030.763, 98
Trd, 2591030.946, 97
Trd, 2591031.296, 101
Trd, 2591032.229, 114
Trd, 2591033.296, 95
Trd, 2591033.646, 112
Trd, 2591033.946, 92
Trd, 2591034.446, 91
Trd, 2591035.029, 92
Trd, 2591036.513, 111
Trd, 2591037.179, 101
Trd, 2591038.346, 93
Trd, 2591039.146, 111
Trd, 2591039.396, 112
Trd, 2591040.496, 104
Trd, 2591040.796, 112
Trd, 2591041.579, 108
Trd, 2591042.846, 109
Trd, 2591043.096, 93
Trd, 2591043.346, 101
Trd, 2591043.729, 124
Trd, 2591044.229, 117
Trd, 2591044.413, 90
Trd, 2591046.079, 122
Trd, 2591047.863, 127
Trd, 2591047.979, 113
Trd, 2591048.763, 112
Trd, 2591048.829, 109
Trd, 2591049.929, 122
Trd, 2591049.963, 108
Trd, 2591050.263, 105
Trd, 2591051.179, 109
Trd, 2591052.363, 114
Trd, 2591052.479, 98
Trd, 2591053.763, 114
Trd, 2591054.179, 101
Trd, 2591055.296, 105
Trd, 2591056.613, 109
Trd, 2591056.646, 108
Trd, 2591058.913, 104
Trd, 2591058.963, 105
Trd, 2591059.263, 103
Trd, 2591059.563, 106
Trd, 2591059.946, 107
Trd, 2591059.979, 107
Trd, 2591060.829, 103
Trd, 2591061.463, 103
Trd, 2591062.163, 108
Trd, 2591062.996, 103
Trd, 2591063.029, 117
Trd, 2591063.679, 102
Trd, 2591064.313, 101
Trd, 2591064.379, 115
Trd, 2591064.779, 111
Trd, 2591064.913, 94
Trd, 2591065.063, 91
Trd, 2591065.596, 88
Trd, 2591067.963, 88
Trd, 2591068.046, 102
Trd, 2591068.813, 93
Trd, 2591068.946, 87
Trd, 2591070.796, 106
Trd, 2591071.079, 101
Trd, 2591071.396, 110
Trd, 2591072.663, 99
Trd, 2591073.229, 97
Trd, 2591073.329, 94
Trd, 2591073.713, 109
Trd, 2591073.996, 80
Trd, 2591075.396, 108
Trd, 2591075.513, 101
Trd, 2591075.946, 112
Trd, 2591076.929, 97
Trd, 2591077.663, 110
Trd, 2591077.846, 99
Trd, 2591078.213, 113
Trd, 2591079.213, 106
Trd, 2591079.929, 105
Trd, 2591080.013, 118
Trd, 2591080.263, 124
Trd, 2591081.029, 104
Trd, 2591081.146, 103
Trd, 2591082.529, 94
Trd, 2591083.079, 105
Trd, 2591083.579, 115
Trd, 2591084.163, 116
Trd, 2591085.479, 97
Trd, 2591085.496, 94
Trd, 2591085.729, 112
Trd, 2591086.046, 113
Trd, 2591086.063, 125
Trd, 2591086.196, 118
Trd, 2591087.313, 114
Trd, 2591087.879, 112
Trd, 2591088.096, 91
Trd, 2591089.346, 89
Trd, 2591089.696, 87
Trd, 2591090.363, 121
Trd, 2591091.079, 123
Trd, 2591091.146, 102
Trd, 2591091.263, 101
Trd, 2591091.729, 81
Trd, 2591093.013, 78
Trd, 2591093.846, 112
Trd, 2591093.963, 114
Trd, 2591095.563, 110
Trd, 2591095.946, 83
Trd, 2591096.313, 104
Trd, 2591096.613, 81
Trd, 2591097.046, 110
Trd, 2591098.463, 81
Trd, 2591098.646, 79
Trd, 2591099.496, 112
Trd, 2591100.896, 93
Trd, 2591100.929, 101
Trd, 2591100.946, 92
Trd, 2591101.296, 116
Trd, 2591102.046, 94
Trd, 2591102.146, 94
Trd, 2591103.196, 93
Trd, 2591104.529, 91
Trd, 2591105.346, 91
Trd, 2591106.446, 92
Trd, 2591107.496, 92
Trd, 2591107.713, 96
Trd, 2591108.446, 108
Trd, 2591108.713, 113
Trd, 2591108.963, 108
Trd, 2591109.229, 92
Trd, 2591109.896, 125
Trd, 2591110.029, 93
Trd, 2591110.713, 108
Trd, 2591112.146, 110
Trd, 2591112.446, 105
Trd, 2591112.829, 101
Trd, 2591113.279, 94
Trd, 2591113.579, 113
Trd, 2591114.129, 89
Trd, 2591115.529, 118
Trd, 2591115.646, 127
Trd, 2591115.929, 100
Trd, 2591117.496, 121
Trd, 2591118.013, 101
Trd, 2591118.629, 105
Trd, 2591119.046, 112
Trd, 2591120.329, 96
Trd, 2591121.096, 96
Trd, 2591121.546, 109
Trd, 2591121.913, 97
Trd, 2591122.596, 114
Trd, 2591123.263, 108
Trd, 2591123.763, 105
Trd, 2591124.563, 107
Trd, 2591124.913, 109
Trd, 2591125.579, 114
Trd, 2591125.746, 110
Trd, 2591125.796, 105
Trd, 2591125.946, 115
Trd, 2591126.913, 96
Trd, 2591128.396, 100
Trd, 2591129.213, 101
Trd, 2591129.613, 102
Trd, 2591130.196, 99
Trd, 2591131.146, 96
Trd, 2591131.563, 94
Trd, 2591131.579, 118
Trd, 2591131.963, 91
Trd, 2591132.429, 112
Trd, 2591132.813, 87
Trd, 2591134.479, 115
Trd, 2591135.029, 96
Trd, 2591136.246, 94
Trd, 2591136.496, 106
Trd, 2591137.246, 81
Trd, 2591137.563, 92
Trd, 2591138.913, 109
Trd, 2591138.996, 102
Trd, 2591140.396, 109
Trd, 2591140.679, 111
Trd, 2591141.296, 112
Trd, 2591141.346, 108
Trd, 2591141.696, 109
Trd, 2591141.846, 107
Trd, 2591142.963, 105
Trd, 2591144.246, 118
Trd, 2591145.696, 104
Trd, 2591146.263, 109
Trd, 2591146.829, 117
Trd, 2591147.129, 120
Trd, 2591148.146, 119
Trd, 2591148.563, 116
Trd, 2591149.029, 109
Trd, 2591149.279, 100
Trd, 2591149.496, 114
Trd, 2591150.379, 115
Trd, 2591150.763, 98
Trd, 2591151.563, 97
Trd, 2591151.996, 109
Trd, 2591152.696, 99
Trd, 2591153.496, 113
Trd, 2591154.396, 112
Trd, 2591155.163, 120
Trd, 2591155.563, 106
Trd, 2591155.863, 106
Trd, 2591155.979, 105
Trd, 2591156.946, 101
Trd, 2591157.146, 123
Trd, 2591158.463, 103
Trd, 2591158.613, 95
Trd, 2591160.063, 94
Trd, 2591161.296, 107
Trd, 2591161.596, 93
Trd, 2591161.613, 106
Trd, 2591161.663, 113
Trd, 2591161.796, 92
Trd, 2591162.429, 108
Trd, 2591162.963, 116
Trd, 2591162.996, 118
Trd, 2591163.146, 129
Trd, 2591164.596, 121
Trd, 2591164.896, 120
Trd, 2591166.229, 110
Trd, 2591166.329, 94
Trd, 2591168.613, 97
Trd, 2591169.929, 101
Trd, 2591170.213, 97
Trd, 2591170.879, 91
Trd, 2591171.929, 89
Trd, 2591172.179, 99
Trd, 2591172.229, 88
Trd, 2591173.063, 89
Trd, 2591173.196, 88
Trd, 2591173.796, 93
Trd, 2591174.546, 87
Trd, 2591174.579, 82
Trd, 2591174.846, 93
Trd, 2591175.013, 81
Trd, 2591175.613, 91
Trd, 2591176.246, 103
Trd, 2591177.829, 94
Trd, 2591177.879, 96
Trd, 2591179.013, 108
Trd, 2591179.129, 95
Trd, 2591179.546, 108
Trd, 2591179.579, 89
Trd, 2591181.213, 111
Trd, 2591181.713, 113
Trd, 2591181.946, 113
Trd, 2591182.396, 111
Trd, 2591183.013, 105
Trd, 2591183.929, 92
Trd, 2591184.613, 93
Trd, 2591185.279, 109
Trd, 2591185.396, 101
Trd, 2591186.146, 97
Trd, 2591188.463, 101
Trd, 2591188.646, 102
Trd, 2591188.996, 100
Trd, 2591189.629, 108
Trd, 2591190.746, 106
Trd, 2591191.196, 102
Trd, 2591191.379, 107
Trd, 2591191.863, 110
Trd, 2591192.546, 102
Trd, 2591193.229, 103
Trd, 2591193.679, 106
Trd, 2591193.779, 102
Trd, 2591194.096, 100
Trd, 2591194.263, 111
Trd, 2591195.013, 113
Trd, 2591195.779, 93
Trd, 2591196.363, 118
Trd, 2591198.279, 99
Trd, 2591198.746, 103
Trd, 2591199.613, 118
Trd, 2591201.013, 123
Trd, 2591201.029, 117
Trd, 2591201.929, 108
Trd, 2591201.979, 86
Trd, 2591202.679, 91
Trd, 2591203.579, 103
Trd, 2591203.663, 91
Trd, 2591205.313, 105
Trd, 2591206.563, 105
Trd, 2591207.179, 106
Trd, 2591207.313, 96
Trd, 2591207.579, 95
Trd, 2591208.229, 104
Trd, 2591208.929, 103
Trd, 2591209.379, 108
Trd, 2591209.946, 106
Trd, 2591210.396, 105
Trd, 2591210.546, 105
Trd, 2591211.679, 102
Trd, 2591212.463, 95
Trd, 2591212.896, 106
Trd, 2591213.113, 94
Trd, 2591213.263, 109
Trd, 2591213.613, 91
Trd, 2591214.529, 111
Trd, 2591215.879, 110
Trd, 2591217.046, 108
Trd, 2591217.846, 107
Trd, 2591217.913, 106
Trd, 2591218.096, 107
Trd, 2591219.063, 110
Trd, 2591219.546, 105
Trd, 2591220.329, 109
Trd, 2591221.129, 101
Trd, 2591221.946, 99
Trd, 2591222.379, 96
Trd, 2591222.629, 93
Trd, 2591222.746, 94
Trd, 2591224.979, 96
Trd, 2591225.329, 94
Trd, 2591225.429, 101
Trd, 2591225.546, 89
Trd, 2591226.079, 102
Trd, 2591227.096, 101
Trd, 2591227.179, 95
Trd, 2591228.796, 104
Trd, 2591229.396, 106
Trd, 2591230.079, 106
Trd, 2591230.646, 108
Trd, 2591231.363, 105
Trd, 2591232.163, 109
Trd, 2591232.196, 100
Trd, 2591232.279, 91
Trd, 2591232.696, 93
Trd, 2591233.213, 106
Trd, 2591234.596, 101
Trd, 2591234.846, 113
Trd, 2591236.529, 88
Trd, 2591239.229, 107
Trd, 2591240.096, 104
Trd, 2591240.546, 105
Trd, 2591240.746, 107
Trd, 2591240.813, 105
Trd, 2591240.896, 112
Trd, 2591240.913, 113
Trd, 2591240.946, 118
Trd, 2591241.513, 121
Trd, 2591242.129, 122
Trd, 2591242.563, 104
Trd, 2591243.746, 102
Trd, 2591245.196, 120
Trd, 2591245.296, 118
Trd, 2591245.313, 102
Trd, 2591245.679, 110
Trd, 2591245.813, 122
Trd, 2591246.479, 102
Trd, 2591247.613, 102
Trd, 2591248.679, 102
Trd, 2591248.696, 106
Trd, 2591248.829, 100
Trd, 2591249.163, 106
Trd, 2591249.996, 116
Trd, 2591250.779, 96
Trd, 2591252.096, 92
Trd, 2591254.396, 93
Trd, 2591254.529, 110
Trd, 2591255.379, 117
Trd, 2591255.713, 111
Trd, 2591256.896, 94
Trd, 2591257.063, 93
Trd, 2591257.446, 92
Trd, 2591258.496, 91
Trd, 2591258.513, 97
Trd, 2591258.863, 88
Trd, 2591259.113, 87
Trd, 2591259.613, 82
Trd, 2591259.746, 82
Trd, 2591260.179, 90
Trd, 2591260.613, 93
Trd, 2591260.813, 101
Trd, 2591260.829, 109
Trd, 2591260.863, 125
Trd, 2591262.479, 88
Trd, 2591263.846, 112
Trd, 2591264.296, 113
Trd, 2591264.596, 101
Trd, 2591264.963, 112
Trd, 2591265.763, 94
Trd, 2591266.679, 104
Trd, 2591268.146, 102
Trd, 2591268.746, 105
Trd, 2591269.296, 102
Trd, 2591269.396, 106
Trd, 2591269.646, 102
Trd, 2591269.729, 111
Trd, 2591269.863, 102
Trd, 2591270.096, 112
Trd, 2591270.563, 100
Trd, 2591272.013, 99
Trd, 2591272.229, 94
Trd, 2591273.763, 114
Trd, 2591273.829, 90
Trd, 2591275.096, 87
Trd, 2591275.396, 92
Trd, 2591275.696, 93
Trd, 2591275.779, 81
Trd, 2591276.346, 119
Trd, 2591276.896, 100
Trd, 2591277.046, 110
Trd, 2591278.146, 88
Trd, 2591278.446, 114
Trd, 2591280.663, 98
Trd, 2591280.763, 98
Trd, 2591281.079, 98
Trd, 2591282.429, 100
Trd, 2591282.696, 103
Trd, 2591283.963, 106
Trd, 2591285.279, 110
Trd, 2591285.779, 109
Trd, 2591286.563, 101
Trd, 2591287.629, 96
Trd, 2591287.979, 95
Trd, 2591288.079, 109
Trd, 2591288.496, 108
Trd, 2591289.679, 101
Trd, 2591290.113, 108
Trd, 2591290.613, 110
Trd, 2591291.446, 104
Trd, 2591291.679, 96
Trd, 2591291.963, 97
Trd, 2591292.046, 96
Trd, 2591292.296, 95
Trd, 2591292.929, 115
Trd, 2591293.479, 114
Trd, 2591294.196, 112
Trd, 2591294.479, 124
Trd, 2591296.513, 93
Trd, 2591297.646, 101
Trd, 2591299.213, 106
Trd, 2591299.613, 106
Trd, 2591300.063, 107
Trd, 2591300.413, 105
Trd, 2591301.329, 112
Trd, 2591301.396, 105
Trd, 2591301.713, 117
Trd, 2591302.613, 107
Trd, 2591303.029, 112
Trd, 2591303.229, 103
Trd, 2591303.446, 115
Trd, 2591303.563, 102
Trd, 2591303.929, 118
Trd, 2591303.996, 101
Trd, 2591304.179, 93
Trd, 2591304.429, 124
Trd, 2591304.479, 92
Trd, 2591306.746, 121
Trd, 2591307.879, 114
Trd, 2591307.896, 110
Trd, 2591308.463, 108
Trd, 2591308.913, 105
Trd, 2591309.729, 125
Trd, 2591310.446, 101
Trd, 2591311.413, 103
Trd, 2591312.346, 91
Trd, 2591312.963, 91
Trd, 2591313.513, 101
Trd, 2591313.696, 87
Trd, 2591315.913, 97
Trd, 2591316.113, 98
Trd, 2591316.446, 95
Trd, 2591317.079, 94
Trd, 2591317.746, 94
Trd, 2591318.129, 93
Trd, 2591318.563, 107
Trd, 2591318.596, 82
Trd, 2591320.179, 86
Trd, 2591321.163, 103
Trd, 2591321.796, 109
Trd, 2591322.246, 86
Trd, 2591322.346, 112
Trd, 2591323.213, 118
Trd, 2591323.929, 110
Trd, 2591324.496, 108
Trd, 2591324.563, 92
Trd, 2591325.129, 91
Trd, 2591325.813, 93
Trd, 2591327.163, 93
Trd, 2591327.529, 111
Trd, 2591328.513, 94
Trd, 2591328.729, 95
Trd, 2591328.796, 94
Trd, 2591329.246, 94
Trd, 2591329.413, 101
Trd, 2591329.879, 93
Trd, 2591330.646, 91
Trd, 2591332.429, 88
Trd, 2591333.429, 95
Trd, 2591333.946, 107
Trd, 2591333.963, 115
Trd, 2591335.546, 96
Trd, 2591335.829, 95
Trd, 2591336.113, 99
Trd, 2591337.013, 99
Trd, 2591337.513, 97
Trd, 2591337.546, 103
Trd, 2591337.813, 96
Trd, 2591339.046, 98
Trd, 2591340.029, 99
Trd, 2591340.763, 100
Trd, 2591341.179, 106
Trd, 2591342.179, 101
Trd, 2591342.679, 104
Trd, 2591344.113, 108
Trd, 2591344.913, 107
Trd, 2591345.563, 107
Trd, 2591346.163, 105
Trd, 2591346.629, 100
Trd, 2591346.813, 95
Trd, 2591347.646, 94
Trd, 2591349.829, 96
Trd, 2591350.196, 99
Trd, 2591350.446, 96
Trd, 2591351.463, 93
Trd, 2591351.479, 100
Trd, 2591351.863, 105
Trd, 2591352.613, 114
Trd, 2591353.346, 99
Trd, 2591353.679, 120
Trd, 2591353.996, 91
Trd, 2591354.513, 86
Trd, 2591356.313, 99
Trd, 2591356.563, 99
Trd, 2591356.979, 98
Trd, 2591358.546, 93
Trd, 2591359.029, 101
Trd, 2591360.113, 101
Trd, 2591360.213, 108
Trd, 2591360.246, 109
Trd, 2591360.313, 100
Trd, 2591360.379, 113
Trd, 2591361.379, 102
Trd, 2591362.346, 115
Trd, 2591363.279, 101
Trd, 2591364.996, 100
Trd, 2591365.129, 103
Trd, 2591365.596, 97
Trd, 2591366.529, 97
Trd, 2591366.929, 101
Trd, 2591367.979, 98
Trd, 2591368.179, 106
Trd, 2591369.746, 105
Trd, 2591369.796, 118
Trd, 2591369.879, 100
Trd, 2591371.146, 103
Trd, 2591371.413, 110
Trd, 2591371.463, 101
Trd, 2591371.863, 89
Trd, 2591372.913, 95
Trd, 2591373.363, 109
Trd, 2591373.863, 94
Trd, 2591374.579, 110
Trd, 2591374.696, 116
Trd, 2591375.046, 119
Trd, 2591375.096, 112
Trd, 2591375.479, 95
Trd, 2591377.529, 95
Trd, 2591379.513, 98
Trd, 2591379.829, 97
Trd, 2591380.179, 96
Trd, 2591381.529, 94
Trd, 2591381.663, 105
Trd, 2591382.296, 94
Trd, 2591383.813, 92
Trd, 2591383.913, 94
Trd, 2591384.863, 92
Trd, 2591385.046, 91
Trd, 2591385.546, 98
Trd, 2591385.563, 101
Trd, 2591387.479, 98
Trd, 2591388.396, 94
Trd, 2591388.429, 90
Trd, 2591389.446, 101
Trd, 2591391.013, 103
Trd, 2591391.396, 90
Trd, 2591391.846, 110
Trd, 2591391.879, 103
Trd, 2591392.446, 106
Trd, 2591393.013, 101
Trd, 2591393.329, 98
Trd, 2591394.013, 98
Trd, 2591394.096, 115
Trd, 2591394.646, 118
Trd, 2591395.329, 118
Trd, 2591396.196, 99
Trd, 2591397.479, 92
Trd, 2591397.629, 91
Trd, 2591397.679, 102
Trd, 2591397.896, 109
Trd, 2591399.963, 101
Trd, 2591400.229, 98
Trd, 2591400.246, 97
Trd, 2591401.279, 97
Trd, 2591401.379, 97
Trd, 2591401.563, 106
Trd, 2591402.379, 93
Trd, 2591403.029, 113
Trd, 2591403.746, 96
Trd, 2591405.396, 93
Trd, 2591405.896, 117
Trd, 2591406.579, 95
Trd, 2591407.479, 110
Trd, 2591408.329, 91
Trd, 2591408.596, 106
Trd, 2591409.363, 102
Trd, 2591409.913, 91
Trd, 2591410.346, 102
Trd, 2591411.063, 102
Trd, 2591411.079, 100
Trd, 2591412.146, 91
Trd, 2591412.446, 107
Trd, 2591413.813, 94
Trd, 2591414.013, 108
Trd, 2591414.413, 118
Trd, 2591416.279, 111
Trd, 2591416.496, 112
Trd, 2591416.996, 107
Trd, 2591417.346, 105
Trd, 2591418.963, 102
Trd, 2591419.496, 116
Trd, 2591419.713, 102
Trd, 2591420.229, 122
Trd, 2591420.713, 105
Trd, 2591420.863, 101
Trd, 2591421.063, 124
Trd, 2591421.863, 97
Trd, 2591422.329, 95
Trd, 2591422.379, 125
Trd, 2591422.629, 91
Trd, 2591423.896, 93
Trd, 2591424.663, 101
Trd, 2591424.929, 94
Trd, 2591424.996, 103
Trd, 2591425.779, 96
Trd, 2591425.863, 127
Trd, 2591428.079, 103
Trd, 2591428.196, 99
Trd, 2591428.346, 97
Trd, 2591430.013, 94
Trd, 2591430.146, 95
Trd, 2591430.346, 97
Trd, 2591432.896, 94
Trd, 2591433.029, 101
Trd, 2591433.213, 100
Trd, 2591433.513, 93
Trd, 2591434.363, 92
Trd, 2591434.996, 94
Trd, 2591436.513, 106
Trd, 2591436.679, 112
Trd, 2591436.929, 96
Trd, 2591439.446, 108
Trd, 2591439.479, 107
Trd, 2591439.729, 104
Trd, 2591440.013, 104
Trd, 2591440.296, 101
Trd, 2591440.513, 99
Trd, 2591441.263, 107
Trd, 2591441.663, 111
Trd, 2591441.763, 92
Trd, 2591443.346, 112
Trd, 2591444.196, 112
Trd, 2591445.429, 112
Trd, 2591445.713, 95
Trd, 2591445.796, 94
Trd, 2591446.346, 93
Trd, 2591446.546, 90
Trd, 2591447.563, 99
Trd, 2591447.913, 103
Trd, 2591449.879, 98
Trd, 2591449.946, 105
Trd, 2591451.013, 95
Trd, 2591451.346, 94
Trd, 2591451.579, 95
Trd, 2591451.729, 105
Trd, 2591452.079, 112
Trd, 2591452.913, 92
Trd, 2591453.913, 103
Trd, 2591454.396, 91
Trd, 2591454.463, 89
Trd, 2591454.513, 87
Trd, 2591454.996, 106
Trd, 2591455.546, 77
Trd, 2591455.613, 74
Trd, 2591458.379, 94
Trd, 2591458.563, 100
Trd, 2591458.796, 110
Trd, 2591458.896, 112
Trd, 2591459.779, 95
Trd, 2591460.129, 108
Trd, 2591461.596, 102
Trd, 2591463.513, 109
Trd, 2591463.529, 105
Trd, 2591463.929, 109
Trd, 2591464.213, 105
Trd, 2591464.379, 104
Trd, 2591465.679, 97
Trd, 2591467.629, 111
Trd, 2591467.746, 96
Trd, 2591467.796, 103
Trd, 2591467.913, 94
Trd, 2591468.079, 111
Trd, 2591469.196, 113
Trd, 2591469.429, 96
Trd, 2591469.796, 97
Trd, 2591470.596, 94
Trd, 2591470.863, 116
Trd, 2591471.379, 124
Trd, 2591473.179, 124
Trd, 2591474.429, 124
Trd, 2591474.446, 122
Trd, 2591475.113, 129
Trd, 2591475.863, 116
Trd, 2591476.179, 107
Trd, 2591476.513, 95
Trd, 2591476.729, 94
Trd, 2591477.196, 109
Trd, 2591479.113, 118
Trd, 2591479.463, 115
Trd, 2591479.913, 101
Trd, 2591480.179, 96
Trd, 2591480.463, 88
Trd, 2591481.613, 86
Trd, 2591481.846, 84
Trd, 2591483.313, 85
Trd, 2591483.963, 89
Trd, 2591484.179, 92
Trd, 2591484.713, 85
Trd, 2591484.729, 105
Trd, 2591485.263, 81
Trd, 2591485.713, 96
Trd, 2591486.746, 106
Trd, 2591486.829, 86
Trd, 2591488.679, 95
Trd, 2591490.029, 93
Trd, 2591490.146, 94
Trd, 2591490.446, 95
Trd, 2591491.663, 101
Trd, 2591492.379, 108
Trd, 2591492.596, 102
Trd, 2591493.263, 112
Trd, 2591493.529, 103
Trd, 2591493.896, 102
Trd, 2591494.746, 101
Trd, 2591496.396, 96
Trd, 2591496.513, 94
Trd, 2591496.713, 116
Trd, 2591498.546, 107
Trd, 2591498.629, 108
Trd, 2591498.896, 120
Trd, 2591499.013, 93
Trd, 2591499.846, 89
Trd, 2591500.096, 123
Trd, 2591500.779, 89
Trd, 2591501.463, 93
Trd, 2591501.613, 105
Trd, 2591502.113, 90
Trd, 2591505.229, 103
Trd, 2591505.613, 102
Trd, 2591505.679, 107
Trd, 2591506.113, 92
Trd, 2591506.179, 81
Trd, 2591506.396, 97
Trd, 2591507.329, 111
Trd, 2591510.029, 99
Trd, 2591510.546, 101
Trd, 2591511.446, 95
Trd, 2591511.629, 95
Trd, 2591512.329, 100
Trd, 2591513.629, 101
Trd, 2591514.546, 98
Trd, 2591515.046, 104
Trd, 2591515.113, 109
Trd, 2591515.513, 98
Trd, 2591515.746, 96
Trd, 2591516.729, 94
Trd, 2591517.263, 88
Trd, 2591517.946, 92
Trd, 2591518.329, 107
Trd, 2591518.513, 92
Trd, 2591518.663, 93
Trd, 2591520.829, 94
Trd, 2591521.429, 109
Trd, 2591521.679, 118
Trd, 2591521.979, 108
Trd, 2591523.429, 96
Trd, 2591524.313, 104
Trd, 2591525.946, 102
Trd, 2591526.396, 105
Trd, 2591526.696, 100
Trd, 2591527.346, 102
Trd, 2591528.596, 108
Trd, 2591528.613, 101
Trd, 2591528.696, 108
Trd, 2591528.796, 100
Trd, 2591530.563, 107
Trd, 2591531.763, 101
Trd, 2591531.813, 99
Trd, 2591532.429, 106
Trd, 2591532.779, 93
Trd, 2591533.029, 94
Trd, 2591533.929, 94
Trd, 2591533.979, 92
Trd, 2591534.346, 91
Trd, 2591534.729, 111
Trd, 2591535.063, 84
Trd, 2591535.429, 103
Trd, 2591536.046, 81
Trd, 2591536.346, 94
Trd, 2591536.813, 101
Trd, 2591537.346, 114
Trd, 2591540.013, 113
Trd, 2591540.296, 112
Trd, 2591540.996, 106
Trd, 2591541.063, 105
Trd, 2591541.429, 109
Trd, 2591542.496, 100
Trd, 2591544.263, 106
Trd, 2591546.179, 115
Trd, 2591546.596, 118
Trd, 2591546.879, 126
Trd, 2591547.129, 114
Trd, 2591547.313, 113
Trd, 2591548.829, 117
Trd, 2591548.963, 113
Trd, 2591549.396, 111
Trd, 2591549.696, 105
Trd, 2591550.246, 100
Trd, 2591551.813, 124
Trd, 2591552.146, 123
Trd, 2591552.179, 117
Trd, 2591552.213, 125
Trd, 2591552.513, 115
Trd, 2591552.696, 108
Trd, 2591552.929, 94
Trd, 2591553.013, 91
Trd, 2591554.546, 93
Trd, 2591554.696, 92
Trd, 2591554.713, 87
Trd, 2591555.196, 95
Trd, 2591555.529, 96
Trd, 2591555.879, 100
Trd, 2591556.346, 100
Trd, 2591556.863, 101
Trd, 2591557.846, 97
Trd, 2591558.196, 94
Trd, 2591558.229, 86
Trd, 2591559.163, 105
Trd, 2591559.863, 83
Trd, 2591561.229, 93
Trd, 2591562.163, 95
Trd, 2591562.663, 92
Trd, 2591562.763, 102
Trd, 2591563.129, 105
Trd, 2591564.429, 91
Trd, 2591565.579, 93
Trd, 2591567.629, 89
Trd, 2591567.696, 88
Trd, 2591568.229, 83
Trd, 2591568.929, 85
Trd, 2591568.963, 86
Trd, 2591569.029, 100
Trd, 2591570.413, 101
Trd, 2591570.646, 102
Trd, 2591570.763, 112
Trd, 2591570.946, 101
Trd, 2591572.296, 87
Trd, 2591572.496, 105
Trd, 2591572.596, 108
Trd, 2591573.129, 92
Trd, 2591573.279, 91
Trd, 2591574.113, 102
Trd, 2591575.396, 90
Trd, 2591576.079, 94
Trd, 2591577.396, 98
Trd, 2591577.963, 109
Trd, 2591578.229, 108
Trd, 2591579.696, 91
Trd, 2591580.429, 89
Trd, 2591581.163, 93
Trd, 2591582.779, 96
Trd, 2591583.063, 105
Trd, 2591583.129, 109
Trd, 2591583.163, 115
Trd, 2591583.329, 96
Trd, 2591583.429, 95
Trd, 2591583.746, 110
Trd, 2591585.429, 119
Trd, 2591585.646, 118
Trd, 2591585.713, 115
Trd, 2591585.796, 121
Trd, 2591586.496, 90
Trd, 2591587.329, 87
Trd, 2591587.363, 108
Trd, 2591589.346, 120
Trd, 2591590.079, 113
Trd, 2591590.746, 104
Trd, 2591591.029, 103
Trd, 2591591.763, 107
Trd, 2591592.346, 103
Trd, 2591592.463, 100
Trd, 2591592.696, 93
Trd, 2591593.146, 93
Trd, 2591594.446, 101
Trd, 2591594.829, 106
Trd, 2591595.046, 112
Trd, 2591595.979, 92
Trd, 2591596.246, 90
Trd, 2591596.463, 111
Trd, 2591596.579, 118
Trd, 2591596.879, 91
Trd, 2591597.779, 94
Trd, 2591597.963, 87
Trd, 2591598.346, 81
Trd, 2591599.079, 93
Trd, 2591600.096, 105
Trd, 2591600.346, 106
Trd, 2591600.663, 108
Trd, 2591600.679, 108
Trd, 2591600.796, 107
Trd, 2591602.279, 108
Trd, 2591602.479, 105
Trd, 2591603.746, 110
Trd, 2591605.446, 98
Trd, 2591606.896, 111
Trd, 2591607.113, 105
Trd, 2591607.263, 94
Trd, 2591608.129, 98
Trd, 2591608.263, 91
Trd, 2591608.313, 109
Trd, 2591609.079, 104
Trd, 2591611.079, 93
Trd, 2591611.163, 91
Trd, 2591611.713, 89
Trd, 2591611.996, 102
Trd, 2591612.546, 94
Trd, 2591613.979, 103
Trd, 2591614.913, 94
Trd, 2591615.596, 94
Trd, 2591616.113, 100
Trd, 2591616.496, 108
Trd, 2591616.629, 118
Trd, 2591616.979, 93
Trd, 2591617.779, 94
Trd, 2591617.846, 98
Trd, 2591620.113, 94
Trd, 2591620.413, 96
Trd, 2591620.879, 93
Trd, 2591621.396, 102
Trd, 2591621.846, 96
Trd, 2591623.296, 108
Trd, 2591624.963, 102
Trd, 2591625.263, 101
Trd, 2591625.546, 102
Trd, 2591625.713, 101
Trd, 2591626.313, 102
Trd, 2591627.346, 111
Trd, 2591628.529, 94
Trd, 2591628.796, 98
Trd, 2591630.063, 93
Trd, 2591630.729, 112
Trd, 2591630.979, 102
Trd, 2591631.346, 103
Trd, 2591631.379, 115
Trd, 2591631.729, 100
Trd, 2591632.046, 92
Trd, 2591632.629, 116
Trd, 2591632.746, 92
Trd, 2591632.829, 91
Trd, 2591634.379, 113
Trd, 2591635.246, 112
Trd, 2591636.196, 109
Trd, 2591636.413, 105
Trd, 2591636.813, 108
Trd, 2591637.396, 118
Trd, 2591637.513, 119
Trd, 2591638.329, 108
Trd, 2591638.479, 108
Trd, 2591638.746, 123
Trd, 2591640.296, 104
Trd, 2591640.629, 103
Trd, 2591641.946, 103
Trd, 2591642.396, 99
Trd, 2591642.779, 94
Trd, 2591643.529, 99
Trd, 2591644.063, 105
Trd, 2591644.446, 105
Trd, 2591644.946, 102
Trd, 2591645.963, 101
Trd, 2591645.996, 102
Trd, 2591647.313, 105
Trd, 2591647.896, 104
Trd, 2591648.063, 104
Trd, 2591648.463, 103
Trd, 2591649.496, 100
Trd, 2591649.713, 106
Trd, 2591650.646, 94
Trd, 2591650.746, 91
Trd, 2591650.763, 110
Trd, 2591651.063, 118
Trd, 2591653.079, 100
Trd, 2591654.246, 94
Trd, 2591654.929, 98
Trd, 2591656.713, 99
Trd, 2591657.079, 99
Trd, 2591657.463, 99
Trd, 2591658.596, 100
Trd, 2591658.679, 98
Trd, 2591659.096, 114
Trd, 2591659.196, 111
Trd, 2591659.763, 93
Trd, 2591659.863, 87
Trd, 2591660.496, 100
Trd, 2591660.679, 86
Trd, 2591661.846, 103
Trd, 2591662.046, 108
Trd, 2591662.763, 92
Trd, 2591663.896, 107
Trd, 2591664.063, 94
Trd, 2591664.963, 97
Trd, 2591665.229, 111
Trd, 2591666.263, 93
Trd, 2591666.279, 95
Trd, 2591666.896, 92
Trd, 2591667.213, 101
Trd, 2591667.463, 91
Trd, 2591668.763, 102
Trd, 2591668.879, 93
Trd, 2591669.446, 105
Trd, 2591669.713, 112
Trd, 2591670.746, 113
Trd, 2591671.479, 103
Trd, 2591671.813, 102
Trd, 2591672.113, 101
Trd, 2591672.363, 100
Trd, 2591675.396, 99
Trd, 2591675.413, 98
Trd, 2591676.446, 112
Trd, 2591676.529, 111
Trd, 2591677.696, 109
Trd, 2591678.213, 110
Trd, 2591678.463, 104
Trd, 2591679.279, 101
Trd, 2591679.713, 99
Trd, 2591680.329, 103
Trd, 2591681.279, 102
Trd, 2591681.429, 101
Trd, 2591681.996, 92
Trd, 2591682.929, 102
Trd, 2591683.379, 108
Trd, 2591684.046, 93
Trd, 2591684.463, 92
Trd, 2591684.546, 116
Trd, 2591685.146, 117
Trd, 2591685.379, 119
Trd, 2591685.613, 121
Trd, 2591687.379, 95
Trd, 2591689.029, 91
Trd, 2591689.146, 87
Trd, 2591689.163, 104
Trd, 2591690.513, 91
Trd, 2591690.529, 105
Trd, 2591691.129, 104
Trd, 2591691.963, 103
Trd, 2591693.446, 108
Trd, 2591695.096, 104
Trd, 2591695.696, 105
Trd, 2591695.729, 101
Trd, 2591697.479, 105
Trd, 2591697.529, 106
Trd, 2591698.663, 106
Trd, 2591699.079, 105
Trd, 2591699.646, 105
Trd, 2591699.796, 104
Trd, 2591699.979, 108
Trd, 2591700.546, 110
Trd, 2591700.779, 99
Trd, 2591701.613, 95
Trd, 2591702.346, 114
Trd, 2591702.363, 94
Trd, 2591702.796, 111
Trd, 2591702.979, 90
Trd, 2591703.313, 112
Trd, 2591703.363, 113
Trd, 2591705.196, 112
Trd, 2591706.179, 124
Trd, 2591706.246, 118
Trd, 2591707.263, 108
Trd, 2591707.729, 95
Trd, 2591707.896, 94
Trd, 2591707.913, 87
Trd, 2591708.963, 81
Trd, 2591710.296, 79
Trd, 2591711.263, 91
Trd, 2591712.079, 104
Trd, 2591712.629, 107
Trd, 2591712.963, 108
Trd, 2591713.213, 120
Trd, 2591713.713, 105
Trd, 2591713.913, 104
Trd, 2591714.046, 107
Trd, 2591715.513, 112
Trd, 2591716.296, 103
Trd, 2591716.579, 112
Trd, 2591716.946, 102
Trd, 2591717.429, 101
Trd, 2591718.146, 112
Trd, 2591719.179, 91
Trd, 2591719.463, 100
Trd, 2591720.246, 91
Trd, 2591720.363, 107
Trd, 2591721.613, 94
Trd, 2591722.496, 90
Trd, 2591723.913, 99
Trd, 2591725.029, 103
Trd, 2591726.329, 96
Trd, 2591726.863, 96
Trd, 2591726.913, 94
Trd, 2591726.946, 108
Trd, 2591727.213, 90
Trd, 2591727.796, 94
Trd, 2591729.079, 108
Trd, 2591729.179, 107
Trd, 2591729.996, 102
Trd, 2591730.496, 101
Trd, 2591730.963, 93
Trd, 2591732.913, 103
Trd, 2591733.046, 101
Trd, 2591733.563, 112
Trd, 2591733.729, 112
Trd, 2591734.013, 91
Trd, 2591734.113, 113
Trd, 2591734.329, 122
Trd, 2591736.063, 94
Trd, 2591738.379, 117
Trd, 2591738.946, 101
Trd, 2591738.979, 100
Trd, 2591739.596, 98
Trd, 2591739.646, 108
Trd, 2591740.229, 94
Trd, 2591740.513, 87
Trd, 2591740.796, 81
Trd, 2591741.796, 101
Trd, 2591742.963, 96
Trd, 2591743.596, 92
Trd, 2591744.079, 92
Trd, 2591745.296, 94
Trd, 2591745.329, 91
Trd, 2591746.046, 101
Trd, 2591746.546, 94
Trd, 2591746.763, 108
Trd, 2591747.163, 93
Trd, 2591747.663, 106
Trd, 2591747.963, 96
Trd, 2591748.629, 112
Trd, 2591749.713, 99
Trd, 2591750.129, 95
Trd, 2591750.246, 97
Trd, 2591750.579, 122
Trd, 2591752.229, 106
Trd, 2591753.363, 108
Trd, 2591753.663, 100
Trd, 2591753.679, 102
Trd, 2591753.996, 98
Trd, 2591754.079, 103
Trd, 2591755.013, 93
Trd, 2591755.713, 106
Trd, 2591756.063, 94
Trd, 2591756.496, 98
Trd, 2591756.579, 111
Trd, 2591756.846, 112
Trd, 2591757.879, 121
Trd, 2591757.979, 123
Trd, 2591758.429, 115
Trd, 2591759.279, 94
Trd, 2591760.846, 77
Trd, 2591760.946, 121
Trd, 2591761.563, 92
Trd, 2591763.479, 109
Trd, 2591764.379, 98
Trd, 2591765.579, 106
Trd, 2591766.163, 100
Trd, 2591766.179, 91
Trd, 2591767.079, 111
Trd, 2591768.163, 93
Trd, 2591768.846, 93
Trd, 2591769.079, 113
Trd, 2591770.129, 90
Trd, 2591770.979, 101
Trd, 2591771.113, 90
Trd, 2591771.396, 107
Trd, 2591771.479, 87
Trd, 2591772.129, 107
Trd, 2591773.313, 111
Trd, 2591773.546, 96
Trd, 2591773.913, 111
Trd, 2591774.829, 96
Trd, 2591775.046, 93
Trd, 2591775.779, 91
Trd, 2591776.029, 96
Trd, 2591776.129, 97
Trd, 2591776.263, 102
Trd, 2591776.946, 96
Trd, 2591777.096, 114
Trd, 2591779.079, 104
Trd, 2591779.846, 107
Trd, 2591780.246, 111
Trd, 2591781.329, 112
Trd, 2591782.013, 107
Trd, 2591782.479, 105
Trd, 2591783.046, 101
Trd, 2591783.563, 111
Trd, 2591783.929, 96
Trd, 2591784.179, 109
Trd, 2591785.546, 106
Trd, 2591785.579, 94
Trd, 2591785.696, 90
Trd, 2591786.846, 91
Trd, 2591787.513, 100
Trd, 2591787.646, 111
Trd, 2591788.713, 91
Trd, 2591788.896, 113
Trd, 2591789.329, 101
Trd, 2591791.129, 93
Trd, 2591792.413, 100
Trd, 2591793.546, 111
Trd, 2591795.529, 112
Trd, 2591795.613, 105
Trd, 2591795.696, 115
Trd, 2591796.113, 105
Trd, 2591797.229, 128
Trd, 2591798.496, 109
Trd, 2591799.413, 121
Trd, 2591799.479, 109
Trd, 2591800.246, 114
Trd, 2591801.063, 110
Trd, 2591801.846, 109
Trd, 2591801.879, 105
Trd, 2591802.729, 103
Trd, 2591802.896, 101
Trd, 2591803.579, 91
Trd, 2591804.346, 103
Trd, 2591804.929, 95
Trd, 2591805.529, 96
Trd, 2591805.646, 97
Trd, 2591806.146, 93
Trd, 2591806.179, 91
Trd, 2591806.196, 109
Trd, 2591806.929, 94
Trd, 2591808.496, 97
Trd, 2591808.663, 98
Trd, 2591808.979, 95
Trd, 2591809.546, 101
Trd, 2591811.363, 113
Trd, 2591811.879, 96
Trd, 2591812.729, 121
Trd, 2591813.279, 98
Trd, 2591813.479, 111
Trd, 2591813.513, 94
Trd, 2591813.929, 112
Trd, 2591815.313, 109
Trd, 2591816.096, 95
Trd, 2591816.729, 110
Trd, 2591817.263, 101
Trd, 2591817.463, 96
Trd, 2591818.096, 93
Trd, 2591818.346, 111
Trd, 2591819.879, 110
Trd, 2591820.563, 90
Trd, 2591820.663, 110
Trd, 2591820.879, 94
Trd, 2591822.846, 109
Trd, 2591822.863, 96
Trd, 2591823.696, 96
Trd, 2591824.079, 95
Trd, 2591824.746, 102
Trd, 2591825.413, 99
Trd, 2591825.429, 102
Trd, 2591825.596, 118
Trd, 2591825.796, 98
Trd, 2591826.696, 98
Trd, 2591829.813, 98
Trd, 2591830.663, 104
Trd, 2591830.813, 106
Trd, 2591830.963, 94
Trd, 2591831.646, 108
Trd, 2591832.396, 97
Trd, 2591833.046, 106
Trd, 2591833.779, 98
Trd, 2591834.429, 108
Trd, 2591834.463, 98
Trd, 2591834.613, 90
Trd, 2591836.463, 98
Trd, 2591836.663, 102
Trd, 2591837.279, 95
Trd, 2591837.779, 94
Trd, 2591837.796, 102
Trd, 2591837.946, 86
Trd, 2591838.579, 87
Trd, 2591839.429, 91
Trd, 2591840.479, 91
Trd, 2591840.613, 111
Trd, 2591843.046, 111
Trd, 2591843.479, 103
Trd, 2591843.513, 112
Trd, 2591843.963, 105
Trd, 2591844.763, 112
Trd, 2591845.079, 110
Trd, 2591845.229, 112
Trd, 2591845.696, 112
Trd, 2591846.129, 117
Trd, 2591846.313, 119
Trd, 2591846.796, 122
Trd, 2591846.813, 101
Trd, 2591847.529, 122
Trd, 2591847.996, 77
Trd, 2591849.196, 98
Trd, 2591852.046, 94
Trd, 2591852.713, 99
Trd, 2591852.829, 90
Trd, 2591853.313, 82
Trd, 2591854.113, 102
Trd, 2591854.263, 107
Trd, 2591854.813, 101
Trd, 2591856.346, 113
Trd, 2591856.363, 112
Trd, 2591856.813, 107
Trd, 2591857.296, 105
Trd, 2591857.929, 116
Trd, 2591858.129, 94
Trd, 2591858.446, 91
Trd, 2591858.596, 115
Trd, 2591859.029, 120
Trd, 2591859.446, 92
Trd, 2591859.529, 122
Trd, 2591859.596, 129
Trd, 2591860.613, 89
Trd, 2591862.596, 117
Trd, 2591862.696, 116
Trd, 2591863.213, 104
Trd, 2591863.696, 102
Trd, 2591864.146, 101
Trd, 2591864.896, 95
Trd, 2591865.246, 105
Trd, 2591866.496, 91
Trd, 2591867.579, 112
Trd, 2591868.446, 104
Trd, 2591868.863, 107
Trd, 2591869.063, 108
Trd, 2591870.829, 99
Trd, 2591871.729, 106
Trd, 2591871.979, 100
Trd, 2591872.329, 100
Trd, 2591872.646, 101
Trd, 2591872.729, 99
Trd, 2591873.013, 94
Trd, 2591873.979, 90
Trd, 2591875.579, 98
Trd, 2591875.779, 93
Trd, 2591876.079, 98
Trd, 2591877.096, 95
Trd, 2591877.679, 97
Trd, 2591878.046, 93
Trd, 2591878.713, 91
Trd, 2591879.463, 103
Trd, 2591880.479, 106
Trd, 2591881.729, 106
Trd, 2591882.379, 103
Trd, 2591882.513, 103
Trd, 2591883.263, 105
Trd, 2591883.679, 106
Trd, 2591884.163, 116
Trd, 2591886.596, 106
Trd, 2591886.613, 98
Trd, 2591887.379, 100
Trd, 2591887.929, 108
Trd, 2591888.163, 101
Trd, 2591888.179, 94
Trd, 2591888.863, 91
Trd, 2591890.363, 113
Trd, 2591891.013, 114
Trd, 2591891.679, 95
Trd, 2591891.713, 92
Trd, 2591891.796, 113
Trd, 2591892.346, 98
Trd, 2591892.513, 102
Trd, 2591893.146, 112
Trd, 2591894.163, 101
Trd, 2591894.329, 122
Trd, 2591894.563, 101
Trd, 2591895.379, 106
Trd, 2591896.929, 103
Trd, 2591897.079, 91
Trd, 2591897.179, 107
Trd, 2591897.696, 91
Trd, 2591899.029, 111
Trd, 2591899.129, 89
Trd, 2591899.646, 95
Trd, 2591901.163, 125
Trd, 2591901.879, 113
Trd, 2591902.896, 114
Trd, 2591903.279, 114
Trd, 2591904.029, 111
Trd, 2591904.096, 105
Trd, 2591907.146, 112
Trd, 2591907.329, 106
Trd, 2591909.413, 105
Trd, 2591910.496, 108
Trd, 2591910.513, 106
Trd, 2591910.796, 105
Trd, 2591911.063, 109
Trd, 2591911.229, 103
Trd, 2591911.679, 111
Trd, 2591912.046, 105
Trd, 2591912.263, 112
Trd, 2591912.846, 106
Trd, 2591913.079, 102
Trd, 2591914.196, 102
Trd, 2591914.329, 101
Trd, 2591915.096, 94
Trd, 2591915.263, 92
Trd, 2591915.346, 90
Trd, 2591917.646, 106
Trd, 2591917.929, 101
Trd, 2591918.179, 93
Trd, 2591918.963, 96
Trd, 2591919.013, 95
Trd, 2591921.313, 91
Trd, 2591921.563, 99
Trd, 2591922.313, 108
Trd, 2591922.479, 108
Trd, 2591922.813, 94
Trd, 2591922.963, 92
Trd, 2591923.196, 113
Trd, 2591923.263, 91
Trd, 2591923.779, 113
Trd, 2591923.796, 94
Trd, 2591924.796, 87
Trd, 2591926.329, 97
Trd, 2591926.746, 85
Trd, 2591926.963, 110
Trd, 2591927.679, 81
Trd, 2591927.913, 103
Trd, 2591928.129, 84
Trd, 2591928.979, 84
Trd, 2591930.046, 86
Trd, 2591930.379, 111
Trd, 2591930.646, 114
Trd, 2591931.029, 81
Trd, 2591931.096, 118
Trd, 2591932.463, 101
Trd, 2591933.313, 125
Trd, 2591933.796, 103
Trd, 2591933.863, 102
Trd, 2591935.529, 102
Trd, 2591935.563, 101
Trd, 2591935.713, 120
Trd, 2591936.729, 92
Trd, 2591937.363, 93
Trd, 2591937.596, 91
Trd, 2591937.663, 81
Trd, 2591937.929, 100
Trd, 2591938.046, 76
Trd, 2591938.446, 82
Trd, 2591939.163, 111
Trd, 2591940.029, 118
Trd, 2591940.946, 110
Trd, 2591941.413, 104
Trd, 2591943.313, 120
Trd, 2591943.829, 120
Trd, 2591944.163, 117
Trd, 2591944.763, 103
Trd, 2591945.096, 102
Trd, 2591945.246, 101
Trd, 2591946.029, 93
Trd, 2591946.196, 92
Trd, 2591946.229, 104
Trd, 2591948.346, 93
Trd, 2591948.779, 96
Trd, 2591949.696, 94
Trd, 2591950.046, 91
Trd, 2591950.129, 102
Trd, 2591951.929, 101
Trd, 2591952.763, 105
Trd, 2591953.146, 108
Trd, 2591953.229, 94
Trd, 2591954.096, 119
Trd, 2591954.679, 95
Trd, 2591955.413, 99
Trd, 2591955.579, 94
Trd, 2591956.429, 95
Trd, 2591956.663, 101
Trd, 2591956.763, 95
Trd, 2591956.929, 94
Trd, 2591956.946, 101
Trd, 2591958.096, 93
Trd, 2591958.129, 91
Trd, 2591958.246, 118
Trd, 2591958.413, 123
Trd, 2591961.313, 126
Trd, 2591963.013, 111
Trd, 2591963.029, 119
Trd, 2591963.329, 109
Trd, 2591963.379, 120
Trd, 2591963.729, 108
Trd, 2591964.546, 115
Trd, 2591965.513, 111
Trd, 2591965.913, 110
Trd, 2591966.546, 108
Trd, 2591966.613, 105
Trd, 2591966.929, 115
Trd, 2591967.246, 94
Trd, 2591968.263, 99
Trd, 2591968.763, 91
Trd, 2591968.863, 94
Trd, 2591970.229, 93
Trd, 2591971.463, 94
Trd, 2591971.729, 93
Trd, 2591972.279, 102
Trd, 2591972.913, 99
Trd, 2591973.196, 98
Trd, 2591973.546, 108
Trd, 2591974.946, 100
Trd, 2591975.646, 100
Trd, 2591977.163, 87
Trd, 2591977.796, 100
Trd, 2591978.779, 102
Trd, 2591979.329, 108
Trd, 2591979.896, 118
Trd, 2591980.096, 94
Trd, 2591980.579, 95
Trd, 2591980.979, 94
Trd, 2591981.179, 86
Trd, 2591982.179, 106
Trd, 2591982.529, 100
Trd, 2591982.929, 107
Trd, 2591983.679, 94
Trd, 2591983.963, 97
Trd, 2591985.446, 93
Trd, 2591985.579, 92
Trd, 2591987.046, 98
Trd, 2591987.113, 96
Trd, 2591987.513, 100
Trd, 2591988.763, 100
Trd, 2591988.846, 109
Trd, 2591988.979, 91
Trd, 2591990.513, 94
Trd, 2591991.096, 101
Trd, 2591991.563, 94
Trd, 2591991.613, 90
Trd, 2591992.096, 106
Trd, 2591993.129, 87
Trd, 2591993.179, 91
Trd, 2591993.313, 94
Trd, 2591995.646, 105
Trd, 2591996.679, 106
Trd, 2591996.796, 96
Trd, 2591996.929, 94
Trd, 2591998.629, 111
Trd, 2591998.746, 112
Trd, 2591998.763, 93
Trd, 2591999.346, 118
Trd, 2591999.713, 116
