Trd, 2590662.729, 97
Trd, 2590663.279, 101
Trd, 2590663.979, 98
Trd, 2590665.146, 91
Trd, 2590665.596, 112
Trd, 2590667.096, 104
Trd, 2590667.929, 97
Trd, 2590668.096, 95
Trd, 2590669.079, 98
Trd, 2590669.396, 101
Trd, 2590669.479, 105
Trd, 2590670.029, 100
Trd, 2590670.046, 99
Trd, 2590672.863, 101
Trd, 2590673.846, 106
Trd, 2590673.946, 109
Trd, 2590674.596, 110
Trd, 2590674.779, 105
Trd, 2590676.063, 107
Trd, 2590676.296, 103
Trd, 2590676.563, 107
Trd, 2590676.829, 109
Trd, 2590677.479, 105
Trd, 2590678.513, 110
Trd, 2590678.646, 101
Trd, 2590680.946, 108
Trd, 2590681.013, 109
Trd, 2590681.863, 107
Trd, 2590682.096, 112
Trd, 2590683.229, 107
Trd, 2590683.313, 103
Trd, 2590684.113, 98
Trd, 2590684.229, 108
Trd, 2590684.629, 107
Trd, 2590686.163, 101
Trd, 2590686.946, 94
Trd, 2590687.063, 92
Trd, 2590688.529, 95
Trd, 2590688.763, 94
Trd, 2590690.496, 93
Trd, 2590692.029, 95
Trd, 2590693.029, 96
Trd, 2590693.529, 96
Trd, 2590693.596, 99
Trd, 2590694.479, 95
Trd, 2590695.063, 83
Trd, 2590696.179, 101
Trd, 2590697.029, 101
Trd, 2590697.296, 95
Trd, 2590697.746, 94
Trd, 2590699.529, 99
Trd, 2590699.779, 99
Trd, 2590699.846, 97
Trd, 2590700.946, 97
Trd, 2590700.996, 99
Trd, 2590701.096, 96
Trd, 2590701.296, 99
Trd, 2590702.029, 101
Trd, 2590702.363, 94
Trd, 2590704.179, 91
Trd, 2590704.513, 99
Trd, 2590704.729, 87
Trd, 2590705.246, 105
Trd, 2590706.246, 115
Trd, 2590707.763, 99
Trd, 2590708.363, 100
Trd, 2590710.346, 107
Trd, 2590710.613, 108
Trd, 2590710.713, 109
Trd, 2590711.779, 108
Trd, 2590713.696, 106
Trd, 2590714.429, 105
Trd, 2590714.596, 108
Trd, 2590715.196, 105
Trd, 2590715.913, 104
Trd, 2590716.413, 101
Trd, 2590716.563, 102
Trd, 2590717.113, 98
Trd, 2590717.629, 87
Trd, 2590718.413, 95
Trd, 2590718.696, 96
Trd, 2590719.329, 96
Trd, 2590720.229, 101
Trd, 2590720.429, 104
Trd, 2590720.663, 105
Trd, 2590721.996, 92
Trd, 2590722.079, 90
Trd, 2590723.929, 104
Trd, 2590724.329, 105
Trd, 2590725.846, 102
Trd, 2590726.046, 101
Trd, 2590726.679, 101
Trd, 2590727.396, 101
Trd, 2590727.629, 95
Trd, 2590728.063, 91
Trd, 2590729.813, 91
Trd, 2590731.363, 96
Trd, 2590731.379, 97
Trd, 2590731.396, 98
Trd, 2590733.896, 95
Trd, 2590734.413, 100
Trd, 2590735.279, 93
Trd, 2590735.646, 98
Trd, 2590735.996, 87
Trd, 2590737.113, 96
Trd, 2590737.329, 88
Trd, 2590738.329, 97
Trd, 2590739.163, 99
Trd, 2590739.529, 93
Trd, 2590739.829, 93
Trd, 2590739.879, 92
Trd, 2590740.479, 92
Trd, 2590741.279, 101
Trd, 2590741.663, 105
Trd, 2590743.713, 98
Trd, 2590744.496, 109
Trd, 2590745.813, 107
Trd, 2590745.829, 106
Trd, 2590746.263, 106
Trd, 2590746.763, 110
Trd, 2590746.896, 110
Trd, 2590748.729, 107
Trd, 2590749.963, 105
Trd, 2590750.263, 101
Trd, 2590750.613, 98
Trd, 2590750.763, 103
Trd, 2590752.429, 96
Trd, 2590752.563, 93
Trd, 2590752.696, 97
Trd, 2590753.863, 97
Trd, 2590753.946, 93
Trd, 2590755.013, 105
Trd, 2590755.096, 113
Trd, 2590755.246, 95
Trd, 2590755.346, 93
Trd, 2590756.263, 113
Trd, 2590757.213, 93
Trd, 2590757.613, 93
Trd, 2590759.746, 91
Trd, 2590760.229, 90
Trd, 2590760.363, 91
Trd, 2590760.829, 98
Trd, 2590763.896, 104
Trd, 2590764.263, 97
Trd, 2590764.779, 96
Trd, 2590764.996, 96
Trd, 2590765.046, 95
Trd, 2590765.479, 101
Trd, 2590765.863, 91
Trd, 2590765.979, 102
Trd, 2590766.313, 105
Trd, 2590769.696, 103
Trd, 2590769.746, 99
Trd, 2590770.163, 104
Trd, 2590771.563, 97
Trd, 2590771.629, 96
Trd, 2590772.029, 86
Trd, 2590772.213, 84
Trd, 2590773.963, 83
Trd, 2590774.163, 84
Trd, 2590774.879, 85
Trd, 2590775.429, 90
Trd, 2590775.796, 90
Trd, 2590776.013, 91
Trd, 2590777.463, 89
Trd, 2590778.279, 91
Trd, 2590778.629, 94
Trd, 2590778.979, 96
Trd, 2590779.413, 99
Trd, 2590779.663, 105
Trd, 2590779.863, 116
Trd, 2590780.513, 106
Trd, 2590781.796, 106
Trd, 2590782.629, 107
Trd, 2590783.329, 113
Trd, 2590784.696, 114
Trd, 2590785.229, 113
Trd, 2590785.846, 114
Trd, 2590786.046, 114
Trd, 2590786.596, 113
Trd, 2590786.846, 116
Trd, 2590787.179, 112
Trd, 2590787.229, 105
Trd, 2590787.963, 116
Trd, 2590788.413, 98
Trd, 2590789.846, 117
Trd, 2590789.896, 91
Trd, 2590791.229, 88
Trd, 2590791.713, 117
Trd, 2590792.379, 93
Trd, 2590792.763, 101
Trd, 2590793.679, 102
Trd, 2590794.013, 112
Trd, 2590794.746, 102
Trd, 2590796.663, 102
Trd, 2590796.729, 104
Trd, 2590797.029, 105
Trd, 2590797.146, 99
Trd, 2590798.163, 107
Trd, 2590798.779, 92
Trd, 2590799.113, 92
Trd, 2590801.163, 98
Trd, 2590801.446, 92
Trd, 2590801.946, 95
Trd, 2590802.246, 95
Trd, 2590802.613, 96
Trd, 2590803.029, 95
Trd, 2590803.379, 94
Trd, 2590803.396, 91
Trd, 2590803.779, 98
Trd, 2590804.346, 99
Trd, 2590806.313, 105
Trd, 2590806.329, 102
Trd, 2590806.829, 104
Trd, 2590806.913, 103
Trd, 2590808.729, 109
Trd, 2590809.579, 110
Trd, 2590809.679, 107
Trd, 2590810.163, 98
Trd, 2590811.563, 111
Trd, 2590813.146, 91
Trd, 2590815.163, 97
Trd, 2590815.879, 97
Trd, 2590816.396, 98
Trd, 2590816.446, 99
Trd, 2590816.796, 99
Trd, 2590817.379, 96
Trd, 2590817.446, 101
Trd, 2590818.479, 105
Trd, 2590819.063, 101
Trd, 2590819.929, 93
Trd, 2590820.463, 91
Trd, 2590821.179, 92
Trd, 2590821.796, 92
Trd, 2590822.229, 93
Trd, 2590822.463, 94
Trd, 2590823.179, 113
Trd, 2590823.963, 91
Trd, 2590824.063, 84
Trd, 2590826.579, 90
Trd, 2590828.379, 98
Trd, 2590829.013, 101
Trd, 2590829.213, 105
Trd, 2590829.379, 110
Trd, 2590829.746, 92
Trd, 2590829.913, 100
Trd, 2590832.129, 109
Trd, 2590832.313, 109
Trd, 2590832.446, 112
Trd, 2590832.996, 109
Trd, 2590834.096, 109
Trd, 2590834.479, 108
Trd, 2590834.646, 108
Trd, 2590834.763, 113
Trd, 2590836.096, 109
Trd, 2590837.513, 104
Trd, 2590838.146, 105
Trd, 2590838.446, 103
Trd, 2590839.613, 116
Trd, 2590839.829, 102
Trd, 2590840.263, 115
Trd, 2590840.463, 100
Trd, 2590840.863, 99
Trd, 2590841.629, 98
Trd, 2590842.013, 108
Trd, 2590844.279, 103
Trd, 2590845.463, 100
Trd, 2590845.896, 101
Trd, 2590846.679, 105
Trd, 2590847.146, 103
Trd, 2590847.596, 103
Trd, 2590849.013, 103
Trd, 2590849.029, 113
Trd, 2590849.913, 109
Trd, 2590849.979, 101
Trd, 2590850.613, 115
Trd, 2590851.496, 100
Trd, 2590852.979, 115
Trd, 2590854.063, 107
Trd, 2590854.646, 105
Trd, 2590855.479, 103
Trd, 2590855.696, 112
Trd, 2590856.813, 113
Trd, 2590858.529, 102
Trd, 2590858.996, 115
Trd, 2590859.096, 116
Trd, 2590859.713, 102
Trd, 2590859.796, 115
Trd, 2590860.263, 116
Trd, 2590860.413, 102
Trd, 2590860.513, 101
Trd, 2590861.763, 99
Trd, 2590861.779, 98
Trd, 2590863.529, 108
Trd, 2590865.113, 102
Trd, 2590865.229, 103
Trd, 2590865.613, 102
Trd, 2590866.046, 101
Trd, 2590867.879, 98
Trd, 2590869.213, 96
Trd, 2590869.663, 97
Trd, 2590869.763, 101
Trd, 2590869.796, 95
Trd, 2590869.846, 105
Trd, 2590870.213, 94
Trd, 2590872.213, 99
Trd, 2590872.929, 97
Trd, 2590874.013, 108
Trd, 2590874.513, 107
Trd, 2590874.729, 109
Trd, 2590875.046, 104
Trd, 2590875.463, 103
Trd, 2590876.746, 102
Trd, 2590877.479, 103
Trd, 2590878.446, 103
Trd, 2590878.713, 103
Trd, 2590879.113, 102
Trd, 2590879.863, 103
Trd, 2590879.979, 100
Trd, 2590880.646, 92
Trd, 2590881.946, 101
Trd, 2590882.896, 97
Trd, 2590883.263, 105
Trd, 2590885.529, 100
Trd, 2590886.179, 104
Trd, 2590887.146, 102
Trd, 2590887.513, 104
Trd, 2590888.446, 104
Trd, 2590888.779, 103
Trd, 2590889.196, 98
Trd, 2590889.396, 92
Trd, 2590889.429, 91
Trd, 2590889.629, 92
Trd, 2590891.379, 92
Trd, 2590891.413, 86
Trd, 2590891.796, 91
Trd, 2590892.396, 92
Trd, 2590893.513, 86
Trd, 2590894.296, 84
Trd, 2590894.963, 90
Trd, 2590895.063, 94
Trd, 2590897.296, 97
Trd, 2590897.579, 97
Trd, 2590898.113, 97
Trd, 2590898.813, 99
Trd, 2590899.379, 100
Trd, 2590899.679, 101
Trd, 2590899.696, 99
Trd, 2590901.379, 101
Trd, 2590901.429, 99
Trd, 2590902.329, 98
Trd, 2590902.496, 101
Trd, 2590902.513, 77
Trd, 2590906.396, 93
Trd, 2590907.013, 94
Trd, 2590907.429, 94
Trd, 2590907.913, 95
Trd, 2590908.196, 95
Trd, 2590908.329, 94
Trd, 2590908.346, 93
Trd, 2590908.979, 91
Trd, 2590909.479, 101
Trd, 2590910.279, 104
Trd, 2590911.063, 102
Trd, 2590911.163, 100
Trd, 2590911.896, 105
Trd, 2590912.863, 111
Trd, 2590913.263, 111
Trd, 2590913.896, 111
Trd, 2590914.546, 112
Trd, 2590914.613, 112
Trd, 2590915.279, 103
Trd, 2590915.829, 102
Trd, 2590915.913, 115
Trd, 2590916.196, 101
Trd, 2590916.646, 111
Trd, 2590917.096, 103
Trd, 2590917.313, 102
Trd, 2590919.396, 94
Trd, 2590920.079, 112
Trd, 2590922.213, 95
Trd, 2590922.563, 112
Trd, 2590922.663, 116
Trd, 2590923.863, 113
Trd, 2590924.246, 95
Trd, 2590925.663, 98
Trd, 2590927.263, 108
Trd, 2590927.829, 106
Trd, 2590928.429, 109
Trd, 2590928.763, 110
Trd, 2590928.796, 109
Trd, 2590928.946, 115
Trd, 2590929.263, 108
Trd, 2590929.663, 101
Trd, 2590930.163, 90
Trd, 2590931.863, 107
Trd, 2590932.429, 107
Trd, 2590932.796, 118
Trd, 2590933.996, 105
Trd, 2590934.329, 89
Trd, 2590935.346, 102
Trd, 2590935.579, 101
Trd, 2590935.763, 105
Trd, 2590937.129, 92
Trd, 2590937.763, 93
Trd, 2590939.246, 96
Trd, 2590939.279, 99
Trd, 2590939.879, 97
Trd, 2590940.246, 97
Trd, 2590940.379, 96
Trd, 2590941.063, 96
Trd, 2590942.429, 90
Trd, 2590942.496, 91
Trd, 2590943.413, 91
Trd, 2590943.613, 82
Trd, 2590945.796, 92
Trd, 2590945.846, 97
Trd, 2590946.596, 100
Trd, 2590946.829, 99
Trd, 2590947.646, 101
Trd, 2590948.179, 104
Trd, 2590948.863, 102
Trd, 2590949.813, 102
Trd, 2590950.013, 102
Trd, 2590950.063, 104
Trd, 2590950.146, 101
Trd, 2590950.646, 98
Trd, 2590951.379, 99
Trd, 2590952.563, 101
Trd, 2590952.613, 102
Trd, 2590952.813, 104
Trd, 2590953.163, 93
Trd, 2590953.863, 92
Trd, 2590954.263, 105
Trd, 2590954.746, 113
Trd, 2590954.829, 112
Trd, 2590956.246, 107
Trd, 2590956.779, 107
Trd, 2590957.396, 108
Trd, 2590957.713, 105
Trd, 2590958.929, 105
Trd, 2590959.046, 101
Trd, 2590961.046, 106
Trd, 2590961.896, 106
Trd, 2590962.613, 115
Trd, 2590962.879, 118
Trd, 2590964.779, 113
Trd, 2590965.013, 112
Trd, 2590965.079, 98
Trd, 2590966.596, 114
Trd, 2590967.079, 116
Trd, 2590967.513, 119
Trd, 2590967.713, 101
Trd, 2590968.263, 100
Trd, 2590968.613, 101
Trd, 2590969.896, 91
Trd, 2590970.579, 84
Trd, 2590971.396, 99
Trd, 2590971.563, 85
Trd, 2590971.796, 84
Trd, 2590973.079, 92
Trd, 2590973.913, 91
Trd, 2590974.013, 86
Trd, 2590974.629, 90
Trd, 2590974.763, 101
Trd, 2590975.529, 100
Trd, 2590976.763, 83
Trd, 2590977.179, 93
Trd, 2590977.229, 85
Trd, 2590977.879, 81
Trd, 2590978.779, 100
Trd, 2590979.896, 100
Trd, 2590981.396, 100
Trd, 2590982.629, 101
Trd, 2590983.063, 105
Trd, 2590983.313, 112
Trd, 2590983.429, 104
Trd, 2590984.596, 118
Trd, 2590984.963, 118
Trd, 2590985.829, 118
Trd, 2590986.296, 115
Trd, 2590987.146, 105
Trd, 2590987.379, 118
Trd, 2590988.246, 105
Trd, 2590989.146, 114
Trd, 2590989.779, 109
Trd, 2590989.846, 108
Trd, 2590991.063, 108
Trd, 2590991.763, 107
Trd, 2590992.279, 102
Trd, 2590992.729, 102
Trd, 2590993.529, 101
Trd, 2590993.946, 93
Trd, 2590995.463, 102
Trd, 2590995.729, 101
Trd, 2590996.263, 101
Trd, 2590997.146, 102
Trd, 2590997.229, 104
Trd, 2590998.879, 93
Trd, 2590999.346, 104
Trd, 2591000.096, 99
Trd, 2591000.679, 105
Trd, 2591001.013, 112
Trd, 2591001.379, 113
Trd, 2591002.063, 110
Trd, 2591003.113, 109
Trd, 2591005.879, 110
Trd, 2591006.363, 108
Trd, 2591006.679, 112
Trd, 2591006.913, 105
Trd, 2591007.296, 113
Trd, 2591007.896, 99
Trd, 2591009.063, 116
Trd, 2591010.863, 109
Trd, 2591010.963, 112
Trd, 2591011.163, 107
Trd, 2591011.863, 105
Trd, 2591011.963, 114
Trd, 2591012.396, 114
Trd, 2591012.596, 100
Trd, 2591013.429, 114
Trd, 2591014.346, 107
Trd, 2591016.129, 98
Trd, 2591016.296, 97
Trd, 2591017.029, 95
Trd, 2591017.529, 97
Trd, 2591017.779, 97
Trd, 2591017.979, 97
Trd, 2591020.879, 91
Trd, 2591020.946, 92
Trd, 2591021.996, 89
Trd, 2591022.196, 90
Trd, 2591022.996, 94
Trd, 2591023.429, 94
Trd, 2591023.846, 101
Trd, 2591025.246, 105
Trd, 2591025.796, 118
Trd, 2591026.463, 123
Trd, 2591027.163, 111
Trd, 2591028.329, 104
Trd, 2591028.813, 105
Trd, 2591029.263, 106
Trd, 2591029.363, 107
Trd, 2591030.096, 105
Trd, 2591030.246, 98
Trd, 2591030.529, 91
Trd, 2591030.579, 105
Trd, 2591030.929, 83
Trd, 2591031.696, 83
Trd, 2591031.963, 77
Trd, 2591032.179, 103
Trd, 2591032.896, 105
Trd, 2591034.729, 86
Trd, 2591035.129, 84
Trd, 2591035.613, 84
Trd, 2591036.579, 83
Trd, 2591037.596, 83
Trd, 2591037.729, 84
Trd, 2591038.579, 100
Trd, 2591039.846, 101
Trd, 2591040.346, 100
Trd, 2591040.579, 102
Trd, 2591041.379, 101
Trd, 2591041.463, 105
Trd, 2591042.013, 100
Trd, 2591042.129, 99
Trd, 2591042.413, 98
Trd, 2591044.096, 104
Trd, 2591044.196, 91
Trd, 2591044.429, 100
Trd, 2591044.746, 103
Trd, 2591045.063, 113
Trd, 2591047.246, 100
Trd, 2591048.229, 100
Trd, 2591048.479, 104
Trd, 2591049.213, 104
Trd, 2591049.396, 103
Trd, 2591049.579, 105
Trd, 2591049.863, 104
Trd, 2591051.296, 104
Trd, 2591051.546, 102
Trd, 2591051.963, 99
Trd, 2591052.363, 106
Trd, 2591053.329, 112
Trd, 2591053.713, 101
Trd, 2591054.013, 112
Trd, 2591054.546, 99
Trd, 2591055.363, 110
Trd, 2591056.479, 114
Trd, 2591057.846, 113
Trd, 2591057.929, 113
Trd, 2591058.396, 113
Trd, 2591058.446, 114
Trd, 2591058.946, 117
Trd, 2591059.813, 114
Trd, 2591061.079, 103
Trd, 2591061.546, 103
Trd, 2591061.963, 101
Trd, 2591063.029, 98
Trd, 2591063.496, 112
Trd, 2591064.146, 89
Trd, 2591064.513, 83
Trd, 2591064.879, 96
Trd, 2591065.179, 112
Trd, 2591065.679, 113
Trd, 2591066.696, 81
Trd, 2591069.013, 97
Trd, 2591069.129, 90
Trd, 2591069.346, 97
Trd, 2591070.729, 98
Trd, 2591070.763, 95
Trd, 2591070.913, 94
Trd, 2591071.029, 94
Trd, 2591071.513, 99
Trd, 2591072.663, 98
Trd, 2591073.379, 101
Trd, 2591074.729, 101
Trd, 2591074.796, 112
Trd, 2591075.396, 98
Trd, 2591075.879, 92
Trd, 2591075.896, 91
Trd, 2591076.279, 97
Trd, 2591076.846, 98
Trd, 2591077.279, 101
Trd, 2591079.846, 91
Trd, 2591080.179, 93
Trd, 2591081.263, 87
Trd, 2591081.879, 87
Trd, 2591082.679, 90
Trd, 2591082.879, 92
Trd, 2591083.346, 93
Trd, 2591083.696, 94
Trd, 2591084.929, 98
Trd, 2591086.479, 102
Trd, 2591086.696, 105
Trd, 2591086.846, 112
Trd, 2591087.096, 118
Trd, 2591087.329, 117
Trd, 2591089.163, 104
Trd, 2591089.279, 116
Trd, 2591091.763, 105
Trd, 2591091.796, 101
Trd, 2591093.329, 93
Trd, 2591094.146, 99
Trd, 2591094.363, 108
Trd, 2591094.379, 84
Trd, 2591095.129, 90
Trd, 2591096.479, 85
Trd, 2591097.479, 91
Trd, 2591098.263, 89
Trd, 2591098.563, 94
Trd, 2591100.396, 98
Trd, 2591100.913, 99
Trd, 2591101.029, 101
Trd, 2591101.063, 105
Trd, 2591102.196, 105
Trd, 2591102.429, 103
Trd, 2591102.529, 107
Trd, 2591103.146, 105
Trd, 2591103.629, 103
Trd, 2591103.963, 100
Trd, 2591104.546, 108
Trd, 2591106.213, 104
Trd, 2591106.579, 105
Trd, 2591106.629, 104
Trd, 2591107.363, 110
Trd, 2591108.029, 115
Trd, 2591109.229, 114
Trd, 2591110.229, 101
Trd, 2591110.279, 102
Trd, 2591110.396, 103
Trd, 2591112.479, 98
Trd, 2591112.679, 96
Trd, 2591113.013, 91
Trd, 2591115.346, 93
Trd, 2591115.563, 101
Trd, 2591115.846, 87
Trd, 2591116.296, 100
Trd, 2591117.146, 109
Trd, 2591117.329, 112
Trd, 2591118.546, 110
Trd, 2591120.246, 97
Trd, 2591120.896, 100
Trd, 2591121.563, 105
Trd, 2591121.579, 106
Trd, 2591122.263, 107
Trd, 2591123.146, 107
Trd, 2591123.613, 111
Trd, 2591123.663, 106
Trd, 2591124.513, 103
Trd, 2591125.063, 112
Trd, 2591125.446, 111
Trd, 2591128.863, 105
Trd, 2591128.929, 103
Trd, 2591129.329, 100
Trd, 2591130.663, 99
Trd, 2591131.129, 99
Trd, 2591131.196, 99
Trd, 2591131.613, 97
Trd, 2591132.413, 99
Trd, 2591133.346, 97
Trd, 2591133.679, 99
Trd, 2591133.929, 99
Trd, 2591135.613, 96
Trd, 2591135.963, 95
Trd, 2591137.463, 92
Trd, 2591137.513, 92
Trd, 2591137.663, 91
Trd, 2591138.979, 86
Trd, 2591139.246, 84
Trd, 2591139.579, 85
Trd, 2591139.746, 77
Trd, 2591139.996, 85
Trd, 2591140.579, 94
Trd, 2591141.679, 99
Trd, 2591143.146, 101
Trd, 2591143.346, 97
Trd, 2591143.546, 104
Trd, 2591144.563, 98
Trd, 2591145.146, 104
Trd, 2591145.429, 105
Trd, 2591145.763, 111
Trd, 2591146.329, 100
Trd, 2591147.546, 104
Trd, 2591148.313, 104
Trd, 2591148.529, 104
Trd, 2591148.579, 98
Trd, 2591148.663, 105
Trd, 2591149.129, 97
Trd, 2591150.429, 103
Trd, 2591150.746, 103
Trd, 2591151.213, 111
Trd, 2591153.046, 111
Trd, 2591153.463, 112
Trd, 2591153.963, 111
Trd, 2591154.329, 116
Trd, 2591155.229, 113
Trd, 2591156.846, 108
Trd, 2591157.213, 107
Trd, 2591157.329, 105
Trd, 2591158.196, 103
Trd, 2591158.529, 102
Trd, 2591158.879, 91
Trd, 2591160.413, 97
Trd, 2591161.279, 88
Trd, 2591161.813, 96
Trd, 2591162.013, 89
Trd, 2591163.129, 92
Trd, 2591164.096, 96
Trd, 2591164.429, 96
Trd, 2591164.613, 101
Trd, 2591164.963, 103
Trd, 2591166.246, 95
Trd, 2591167.779, 109
Trd, 2591168.496, 103
Trd, 2591168.663, 92
Trd, 2591170.413, 96
Trd, 2591170.463, 91
Trd, 2591171.596, 97
Trd, 2591171.646, 101
Trd, 2591172.629, 105
Trd, 2591173.496, 112
Trd, 2591173.613, 115
Trd, 2591173.763, 102
Trd, 2591173.896, 116
Trd, 2591174.113, 101
Trd, 2591174.563, 102
Trd, 2591177.263, 102
Trd, 2591177.546, 101
Trd, 2591177.629, 98
Trd, 2591178.079, 98
Trd, 2591180.096, 93
Trd, 2591180.646, 93
Trd, 2591181.046, 93
Trd, 2591181.129, 92
Trd, 2591181.379, 94
Trd, 2591181.446, 91
Trd, 2591182.363, 94
Trd, 2591182.929, 101
Trd, 2591183.513, 105
Trd, 2591183.896, 98
Trd, 2591184.396, 91
Trd, 2591184.829, 84
Trd, 2591185.546, 95
Trd, 2591186.463, 110
Trd, 2591186.713, 101
Trd, 2591187.763, 96
Trd, 2591189.446, 104
Trd, 2591189.863, 104
Trd, 2591190.646, 104
Trd, 2591191.113, 103
Trd, 2591191.779, 105
Trd, 2591194.246, 108
Trd, 2591194.646, 109
Trd, 2591195.179, 108
Trd, 2591195.463, 105
Trd, 2591195.546, 118
Trd, 2591195.729, 119
Trd, 2591195.763, 98
Trd, 2591196.013, 115
Trd, 2591196.763, 119
Trd, 2591197.713, 102
Trd, 2591198.746, 101
Trd, 2591199.063, 98
Trd, 2591199.896, 114
Trd, 2591200.796, 93
Trd, 2591201.129, 93
Trd, 2591201.296, 91
Trd, 2591202.663, 91
Trd, 2591203.729, 99
Trd, 2591204.029, 100
Trd, 2591204.479, 100
Trd, 2591204.563, 101
Trd, 2591205.913, 117
Trd, 2591206.129, 111
Trd, 2591207.279, 108
Trd, 2591207.563, 106
Trd, 2591208.079, 107
Trd, 2591208.279, 105
Trd, 2591208.829, 105
Trd, 2591208.863, 106
Trd, 2591209.379, 115
Trd, 2591210.413, 98
Trd, 2591210.563, 114
Trd, 2591211.079, 90
Trd, 2591214.496, 91
Trd, 2591214.629, 92
Trd, 2591214.963, 87
Trd, 2591215.429, 87
Trd, 2591216.579, 91
Trd, 2591217.046, 89
Trd, 2591217.813, 88
Trd, 2591218.179, 94
Trd, 2591218.213, 94
Trd, 2591218.396, 98
Trd, 2591218.629, 87
Trd, 2591219.763, 105
Trd, 2591220.479, 104
Trd, 2591220.829, 104
Trd, 2591220.963, 105
Trd, 2591221.596, 104
Trd, 2591222.913, 89
Trd, 2591224.196, 101
Trd, 2591224.846, 108
Trd, 2591225.329, 97
Trd, 2591225.546, 110
Trd, 2591226.646, 101
Trd, 2591226.829, 101
Trd, 2591227.263, 100
Trd, 2591228.946, 110
Trd, 2591229.529, 111
Trd, 2591229.829, 96
Trd, 2591230.246, 95
Trd, 2591230.379, 112
Trd, 2591232.913, 102
Trd, 2591233.663, 102
Trd, 2591234.113, 109
Trd, 2591235.879, 103
Trd, 2591236.196, 110
Trd, 2591236.613, 110
Trd, 2591236.879, 101
Trd, 2591236.996, 111
Trd, 2591238.079, 111
Trd, 2591238.429, 115
Trd, 2591239.463, 94
Trd, 2591239.696, 94
Trd, 2591241.129, 97
Trd, 2591242.013, 101
Trd, 2591242.213, 100
Trd, 2591242.246, 102
Trd, 2591244.213, 100
Trd, 2591244.429, 101
Trd, 2591244.846, 102
Trd, 2591245.129, 98
Trd, 2591246.929, 99
Trd, 2591248.129, 99
Trd, 2591248.363, 98
Trd, 2591248.446, 99
Trd, 2591248.813, 98
Trd, 2591249.329, 98
Trd, 2591250.379, 93
Trd, 2591250.429, 91
Trd, 2591250.896, 87
Trd, 2591250.913, 98
Trd, 2591252.113, 100
Trd, 2591253.129, 93
Trd, 2591254.813, 101
Trd, 2591255.996, 106
Trd, 2591256.113, 105
Trd, 2591256.263, 107
Trd, 2591256.413, 104
Trd, 2591257.463, 102
Trd, 2591257.496, 111
Trd, 2591257.596, 112
Trd, 2591258.596, 99
Trd, 2591259.679, 117
Trd, 2591259.946, 91
Trd, 2591260.263, 98
Trd, 2591261.129, 90
Trd, 2591261.513, 85
Trd, 2591261.813, 84
Trd, 2591262.013, 92
Trd, 2591264.079, 97
Trd, 2591264.313, 98
Trd, 2591265.013, 101
Trd, 2591265.713, 99
Trd, 2591266.013, 111
Trd, 2591266.563, 99
Trd, 2591266.796, 98
Trd, 2591267.546, 112
Trd, 2591268.563, 106
Trd, 2591269.063, 86
Trd, 2591269.096, 84
Trd, 2591269.796, 114
Trd, 2591271.463, 114
Trd, 2591271.829, 91
Trd, 2591273.596, 92
Trd, 2591273.729, 91
Trd, 2591273.879, 90
Trd, 2591275.313, 85
Trd, 2591276.329, 84
Trd, 2591276.946, 88
Trd, 2591278.096, 88
Trd, 2591279.313, 93
Trd, 2591279.846, 94
Trd, 2591279.979, 101
Trd, 2591280.479, 105
Trd, 2591281.029, 95
Trd, 2591281.563, 94
Trd, 2591281.846, 112
Trd, 2591283.529, 102
Trd, 2591283.746, 110
Trd, 2591284.396, 115
Trd, 2591285.196, 108
Trd, 2591285.746, 112
Trd, 2591286.396, 116
Trd, 2591287.379, 115
Trd, 2591287.596, 115
Trd, 2591287.679, 114
Trd, 2591287.729, 117
Trd, 2591288.063, 112
Trd, 2591288.513, 99
Trd, 2591291.363, 101
Trd, 2591293.113, 105
Trd, 2591294.046, 102
Trd, 2591294.146, 106
Trd, 2591295.129, 102
Trd, 2591295.513, 104
Trd, 2591296.213, 103
Trd, 2591296.663, 103
Trd, 2591297.813, 101
Trd, 2591298.429, 98
Trd, 2591299.779, 93
Trd, 2591299.913, 98
Trd, 2591299.963, 99
Trd, 2591300.679, 94
Trd, 2591300.763, 93
Trd, 2591301.163, 98
Trd, 2591302.679, 101
Trd, 2591302.746, 105
Trd, 2591302.879, 97
Trd, 2591303.396, 98
Trd, 2591303.929, 116
Trd, 2591304.029, 117
Trd, 2591304.329, 100
Trd, 2591304.546, 99
Trd, 2591305.763, 102
Trd, 2591308.146, 109
Trd, 2591308.746, 107
Trd, 2591309.146, 113
Trd, 2591309.563, 106
Trd, 2591309.813, 105
Trd, 2591310.463, 98
Trd, 2591314.029, 101
Trd, 2591314.879, 97
Trd, 2591315.379, 97
Trd, 2591315.663, 96
Trd, 2591316.046, 95
Trd, 2591317.163, 95
Trd, 2591317.946, 96
Trd, 2591318.613, 84
Trd, 2591319.096, 98
Trd, 2591319.779, 99
Trd, 2591321.129, 94
Trd, 2591321.596, 94
Trd, 2591322.196, 95
Trd, 2591322.246, 94
Trd, 2591323.263, 94
Trd, 2591323.696, 98
Trd, 2591324.779, 104
Trd, 2591326.413, 103
Trd, 2591326.479, 105
Trd, 2591327.613, 106
Trd, 2591328.129, 107
Trd, 2591329.929, 108
Trd, 2591330.079, 107
Trd, 2591330.096, 105
Trd, 2591330.529, 108
Trd, 2591331.096, 102
Trd, 2591331.146, 109
Trd, 2591332.129, 101
Trd, 2591332.813, 98
Trd, 2591332.896, 91
Trd, 2591333.879, 106
Trd, 2591335.313, 86
Trd, 2591335.696, 95
Trd, 2591335.996, 96
Trd, 2591337.679, 85
Trd, 2591338.229, 88
Trd, 2591338.679, 86
Trd, 2591338.996, 91
Trd, 2591339.513, 94
Trd, 2591340.263, 87
Trd, 2591340.379, 87
Trd, 2591341.413, 93
Trd, 2591342.246, 91
Trd, 2591342.379, 99
Trd, 2591343.296, 92
Trd, 2591343.879, 92
Trd, 2591345.713, 97
Trd, 2591346.329, 97
Trd, 2591346.679, 98
Trd, 2591347.146, 97
Trd, 2591347.863, 97
Trd, 2591348.729, 105
Trd, 2591348.963, 84
Trd, 2591349.013, 78
Trd, 2591349.296, 99
Trd, 2591350.113, 104
Trd, 2591351.296, 108
Trd, 2591351.629, 104
Trd, 2591351.813, 104
Trd, 2591352.579, 102
Trd, 2591353.179, 102
Trd, 2591353.296, 106
Trd, 2591355.096, 101
Trd, 2591357.596, 104
Trd, 2591358.363, 97
Trd, 2591358.413, 98
Trd, 2591359.679, 102
Trd, 2591359.963, 103
Trd, 2591359.979, 105
Trd, 2591360.213, 112
Trd, 2591360.263, 104
Trd, 2591361.163, 104
Trd, 2591361.413, 103
Trd, 2591361.446, 95
Trd, 2591362.113, 94
Trd, 2591362.396, 114
Trd, 2591362.679, 91
Trd, 2591363.446, 83
Trd, 2591364.096, 82
Trd, 2591365.613, 91
Trd, 2591365.996, 91
Trd, 2591366.213, 94
Trd, 2591366.546, 91
Trd, 2591367.696, 90
Trd, 2591368.546, 86
Trd, 2591369.963, 84
Trd, 2591371.579, 85
Trd, 2591371.646, 93
Trd, 2591372.563, 94
Trd, 2591373.063, 92
Trd, 2591373.679, 101
Trd, 2591373.746, 94
Trd, 2591374.613, 93
Trd, 2591375.496, 97
Trd, 2591375.779, 95
Trd, 2591376.813, 97
Trd, 2591377.663, 100
Trd, 2591377.846, 101
Trd, 2591378.963, 98
Trd, 2591379.246, 98
Trd, 2591379.329, 96
Trd, 2591380.329, 100
Trd, 2591380.846, 94
Trd, 2591381.129, 91
Trd, 2591383.163, 111
Trd, 2591383.329, 86
Trd, 2591384.146, 86
Trd, 2591384.996, 88
Trd, 2591385.013, 89
Trd, 2591385.696, 94
Trd, 2591386.496, 88
Trd, 2591387.796, 89
Trd, 2591388.363, 87
Trd, 2591389.746, 91
Trd, 2591389.963, 90
Trd, 2591391.679, 93
Trd, 2591392.213, 93
Trd, 2591393.146, 94
Trd, 2591393.479, 93
Trd, 2591393.713, 101
Trd, 2591393.763, 101
Trd, 2591393.896, 105
Trd, 2591394.413, 101
Trd, 2591395.579, 98
Trd, 2591397.296, 114
Trd, 2591397.329, 96
Trd, 2591398.329, 101
Trd, 2591398.913, 103
Trd, 2591400.179, 104
Trd, 2591400.213, 103
Trd, 2591401.029, 101
Trd, 2591401.279, 101
Trd, 2591401.429, 98
Trd, 2591403.313, 93
Trd, 2591403.546, 94
Trd, 2591405.829, 94
Trd, 2591406.179, 93
Trd, 2591406.229, 95
Trd, 2591407.196, 102
Trd, 2591407.629, 105
Trd, 2591407.746, 112
Trd, 2591408.046, 94
Trd, 2591408.646, 94
Trd, 2591409.146, 116
Trd, 2591409.296, 93
Trd, 2591409.779, 93
Trd, 2591411.613, 103
Trd, 2591411.763, 101
Trd, 2591414.646, 96
Trd, 2591414.696, 95
Trd, 2591415.429, 92
Trd, 2591415.563, 98
Trd, 2591415.879, 96
Trd, 2591416.113, 95
Trd, 2591416.846, 96
Trd, 2591417.646, 101
Trd, 2591418.213, 95
Trd, 2591420.263, 98
Trd, 2591420.779, 96
Trd, 2591421.463, 97
Trd, 2591421.996, 97
Trd, 2591422.346, 93
Trd, 2591422.896, 96
Trd, 2591423.413, 97
Trd, 2591425.529, 93
Trd, 2591425.563, 92
Trd, 2591425.963, 95
Trd, 2591426.463, 92
Trd, 2591426.629, 91
Trd, 2591426.963, 101
Trd, 2591427.429, 84
Trd, 2591429.679, 96
Trd, 2591430.263, 101
Trd, 2591431.046, 100
Trd, 2591431.496, 105
Trd, 2591432.046, 102
Trd, 2591432.496, 102
Trd, 2591433.163, 113
Trd, 2591434.163, 114
Trd, 2591434.563, 101
Trd, 2591434.846, 99
Trd, 2591434.946, 98
Trd, 2591435.446, 113
Trd, 2591435.579, 91
Trd, 2591437.496, 98
Trd, 2591439.429, 105
Trd, 2591439.646, 106
Trd, 2591440.346, 106
Trd, 2591441.363, 108
Trd, 2591441.863, 108
Trd, 2591441.963, 112
Trd, 2591442.146, 118
Trd, 2591442.479, 107
Trd, 2591443.779, 100
Trd, 2591444.379, 118
Trd, 2591444.446, 119
Trd, 2591444.529, 98
Trd, 2591445.196, 117
Trd, 2591446.613, 101
Trd, 2591446.946, 101
Trd, 2591447.379, 100
Trd, 2591448.679, 101
Trd, 2591449.346, 90
Trd, 2591450.529, 110
Trd, 2591450.679, 112
Trd, 2591451.846, 110
Trd, 2591452.396, 107
Trd, 2591452.696, 108
Trd, 2591453.496, 113
Trd, 2591454.063, 113
Trd, 2591454.563, 115
Trd, 2591455.063, 114
Trd, 2591455.346, 112
Trd, 2591456.096, 105
Trd, 2591456.496, 111
Trd, 2591458.596, 107
Trd, 2591458.996, 108
Trd, 2591459.079, 107
Trd, 2591459.846, 103
Trd, 2591459.879, 101
Trd, 2591460.246, 98
Trd, 2591461.229, 95
Trd, 2591461.979, 99
Trd, 2591462.279, 99
Trd, 2591462.779, 101
Trd, 2591464.029, 103
Trd, 2591464.846, 98
Trd, 2591465.796, 101
Trd, 2591466.513, 101
Trd, 2591467.013, 100
Trd, 2591467.379, 100
Trd, 2591468.213, 101
Trd, 2591468.813, 101
Trd, 2591469.063, 105
Trd, 2591470.413, 112
Trd, 2591470.663, 115
Trd, 2591471.813, 105
Trd, 2591471.929, 101
Trd, 2591471.979, 98
Trd, 2591473.279, 93
Trd, 2591473.546, 97
Trd, 2591475.496, 94
Trd, 2591476.029, 92
Trd, 2591476.779, 94
Trd, 2591476.796, 92
Trd, 2591478.179, 99
Trd, 2591478.829, 96
Trd, 2591478.879, 99
Trd, 2591479.163, 101
Trd, 2591480.163, 100
Trd, 2591481.079, 100
Trd, 2591481.246, 95
Trd, 2591482.096, 91
Trd, 2591482.729, 91
Trd, 2591483.529, 94
Trd, 2591483.963, 104
Trd, 2591484.929, 103
Trd, 2591485.229, 101
Trd, 2591485.546, 109
Trd, 2591486.413, 110
Trd, 2591487.496, 100
Trd, 2591489.879, 107
Trd, 2591490.229, 107
Trd, 2591490.246, 108
Trd, 2591490.596, 106
Trd, 2591492.046, 99
Trd, 2591492.129, 106
Trd, 2591492.979, 98
Trd, 2591493.879, 99
Trd, 2591494.029, 96
Trd, 2591494.229, 100
Trd, 2591495.346, 99
Trd, 2591495.646, 97
Trd, 2591495.796, 84
Trd, 2591497.179, 91
Trd, 2591497.679, 92
Trd, 2591499.196, 92
Trd, 2591499.513, 94
Trd, 2591500.046, 95
Trd, 2591500.846, 101
Trd, 2591501.929, 101
Trd, 2591502.129, 97
Trd, 2591504.163, 104
Trd, 2591505.063, 105
Trd, 2591505.313, 102
Trd, 2591505.563, 101
Trd, 2591506.579, 114
Trd, 2591506.896, 98
Trd, 2591507.396, 97
Trd, 2591508.046, 116
Trd, 2591508.663, 115
Trd, 2591510.213, 94
Trd, 2591511.346, 95
Trd, 2591511.646, 96
Trd, 2591511.979, 97
Trd, 2591512.446, 97
Trd, 2591512.913, 96
Trd, 2591513.079, 98
Trd, 2591513.329, 97
Trd, 2591513.696, 98
Trd, 2591513.729, 99
Trd, 2591514.529, 96
Trd, 2591515.629, 98
Trd, 2591517.113, 96
Trd, 2591517.196, 94
Trd, 2591517.579, 104
Trd, 2591518.929, 97
Trd, 2591518.946, 103
Trd, 2591519.896, 100
Trd, 2591520.529, 100
Trd, 2591520.879, 98
Trd, 2591521.496, 98
Trd, 2591522.879, 98
Trd, 2591524.546, 98
Trd, 2591526.296, 100
Trd, 2591526.529, 99
Trd, 2591527.246, 100
Trd, 2591527.729, 98
Trd, 2591527.996, 91
Trd, 2591528.613, 99
Trd, 2591529.163, 91
Trd, 2591530.663, 93
Trd, 2591530.696, 91
Trd, 2591532.129, 97
Trd, 2591532.513, 100
Trd, 2591533.363, 98
Trd, 2591534.779, 100
Trd, 2591534.846, 97
Trd, 2591535.346, 97
Trd, 2591535.896, 99
Trd, 2591536.046, 101
Trd, 2591537.729, 111
Trd, 2591538.396, 111
Trd, 2591538.946, 113
Trd, 2591539.513, 113
Trd, 2591539.646, 112
Trd, 2591540.396, 92
Trd, 2591540.779, 91
Trd, 2591541.263, 113
Trd, 2591541.379, 115
Trd, 2591542.579, 108
Trd, 2591542.996, 108
Trd, 2591543.513, 106
Trd, 2591543.696, 106
Trd, 2591544.146, 106
Trd, 2591544.329, 105
Trd, 2591545.013, 103
Trd, 2591545.363, 101
Trd, 2591545.546, 84
Trd, 2591547.346, 84
Trd, 2591549.113, 92
Trd, 2591549.346, 92
Trd, 2591549.696, 93
Trd, 2591550.613, 92
Trd, 2591550.996, 94
Trd, 2591551.963, 96
Trd, 2591552.846, 95
Trd, 2591553.963, 105
Trd, 2591554.113, 99
Trd, 2591555.179, 99
Trd, 2591558.079, 105
Trd, 2591558.363, 106
Trd, 2591559.146, 112
Trd, 2591559.513, 115
Trd, 2591559.863, 102
Trd, 2591560.146, 101
Trd, 2591560.263, 116
Trd, 2591560.563, 100
Trd, 2591560.896, 101
Trd, 2591561.413, 102
Trd, 2591561.979, 100
Trd, 2591562.129, 99
Trd, 2591562.413, 110
Trd, 2591564.279, 100
Trd, 2591565.063, 98
Trd, 2591565.263, 107
Trd, 2591565.679, 90
Trd, 2591568.679, 97
Trd, 2591568.996, 98
Trd, 2591569.296, 99
Trd, 2591569.613, 113
Trd, 2591570.013, 99
Trd, 2591570.179, 117
Trd, 2591571.663, 101
Trd, 2591571.929, 101
Trd, 2591572.013, 98
Trd, 2591574.663, 100
Trd, 2591574.729, 101
Trd, 2591576.096, 104
Trd, 2591576.496, 104
Trd, 2591576.629, 105
Trd, 2591576.979, 117
Trd, 2591577.413, 105
Trd, 2591578.879, 81
Trd, 2591579.746, 84
Trd, 2591580.679, 98
Trd, 2591581.396, 99
Trd, 2591581.413, 98
Trd, 2591581.796, 99
Trd, 2591582.113, 100
Trd, 2591582.529, 101
Trd, 2591582.563, 99
Trd, 2591583.213, 97
Trd, 2591583.279, 102
Trd, 2591583.879, 93
Trd, 2591584.163, 98
Trd, 2591584.379, 94
Trd, 2591586.229, 95
Trd, 2591586.913, 95
Trd, 2591586.963, 91
Trd, 2591587.413, 98
Trd, 2591587.846, 89
Trd, 2591588.679, 103
Trd, 2591588.879, 101
Trd, 2591590.129, 104
Trd, 2591590.363, 105
Trd, 2591591.263, 107
Trd, 2591591.946, 106
Trd, 2591592.346, 116
Trd, 2591593.113, 101
Trd, 2591594.646, 110
Trd, 2591595.246, 91
Trd, 2591596.629, 98
Trd, 2591596.979, 105
Trd, 2591597.279, 105
Trd, 2591597.779, 103
Trd, 2591597.963, 103
Trd, 2591598.329, 104
Trd, 2591598.563, 103
Trd, 2591599.163, 84
Trd, 2591599.279, 79
Trd, 2591600.479, 99
Trd, 2591601.029, 100
Trd, 2591602.279, 113
Trd, 2591602.496, 114
Trd, 2591602.896, 94
Trd, 2591603.113, 117
Trd, 2591604.263, 97
Trd, 2591605.413, 98
Trd, 2591605.463, 99
Trd, 2591606.713, 101
Trd, 2591606.879, 100
Trd, 2591607.979, 100
Trd, 2591608.496, 94
Trd, 2591608.979, 83
Trd, 2591609.279, 115
Trd, 2591609.379, 87
Trd, 2591609.513, 74
Trd, 2591611.396, 114
Trd, 2591612.146, 115
Trd, 2591612.513, 118
Trd, 2591613.329, 118
Trd, 2591613.679, 118
Trd, 2591614.229, 115
Trd, 2591614.546, 115
Trd, 2591616.063, 116
Trd, 2591616.963, 116
Trd, 2591617.496, 123
Trd, 2591617.563, 102
Trd, 2591617.913, 102
Trd, 2591618.629, 110
Trd, 2591619.779, 105
Trd, 2591620.246, 104
Trd, 2591620.579, 104
Trd, 2591621.296, 105
Trd, 2591621.429, 105
Trd, 2591621.829, 101
Trd, 2591622.229, 98
Trd, 2591625.329, 99
Trd, 2591625.446, 99
Trd, 2591625.679, 101
Trd, 2591625.846, 98
Trd, 2591627.463, 82
Trd, 2591627.779, 84
Trd, 2591629.613, 93
Trd, 2591630.713, 104
Trd, 2591631.013, 97
Trd, 2591632.196, 102
Trd, 2591632.496, 102
Trd, 2591632.913, 105
Trd, 2591632.996, 113
Trd, 2591634.129, 113
Trd, 2591635.429, 108
Trd, 2591636.246, 107
Trd, 2591636.413, 109
Trd, 2591636.646, 105
Trd, 2591636.946, 103
Trd, 2591637.696, 101
Trd, 2591638.363, 113
Trd, 2591639.113, 99
Trd, 2591639.646, 102
Trd, 2591639.679, 103
Trd, 2591639.779, 105
Trd, 2591640.846, 101
Trd, 2591641.663, 98
Trd, 2591641.763, 91
Trd, 2591643.963, 99
Trd, 2591644.629, 99
Trd, 2591645.296, 101
Trd, 2591647.896, 107
Trd, 2591648.046, 106
Trd, 2591648.346, 105
Trd, 2591648.546, 102
Trd, 2591648.563, 98
Trd, 2591649.629, 92
Trd, 2591650.379, 86
Trd, 2591650.979, 85
Trd, 2591651.529, 89
Trd, 2591651.913, 91
Trd, 2591651.979, 93
Trd, 2591652.779, 99
Trd, 2591652.846, 101
Trd, 2591653.479, 101
Trd, 2591655.463, 101
Trd, 2591655.763, 101
Trd, 2591655.829, 100
Trd, 2591656.129, 102
Trd, 2591656.679, 89
Trd, 2591656.896, 83
Trd, 2591657.379, 94
Trd, 2591659.113, 91
Trd, 2591659.646, 89
Trd, 2591659.879, 91
Trd, 2591661.146, 98
Trd, 2591661.546, 100
Trd, 2591662.379, 101
Trd, 2591663.029, 101
Trd, 2591664.113, 105
Trd, 2591664.779, 105
Trd, 2591664.829, 115
Trd, 2591665.229, 118
Trd, 2591666.563, 105
Trd, 2591667.579, 118
Trd, 2591669.679, 114
Trd, 2591670.079, 109
Trd, 2591670.629, 112
Trd, 2591671.179, 115
Trd, 2591671.829, 115
Trd, 2591671.846, 112
Trd, 2591672.179, 101
Trd, 2591672.213, 116
Trd, 2591673.263, 102
Trd, 2591673.279, 101
Trd, 2591673.579, 98
Trd, 2591673.863, 104
Trd, 2591674.046, 92
Trd, 2591675.029, 103
Trd, 2591676.763, 104
Trd, 2591676.813, 103
Trd, 2591677.779, 94
Trd, 2591679.029, 104
Trd, 2591680.029, 104
Trd, 2591680.096, 103
Trd, 2591680.946, 100
Trd, 2591681.063, 91
Trd, 2591682.396, 102
Trd, 2591683.796, 104
Trd, 2591684.113, 98
Trd, 2591684.846, 97
Trd, 2591685.679, 103
Trd, 2591686.129, 104
Trd, 2591686.479, 94
Trd, 2591686.629, 93
Trd, 2591686.879, 101
Trd, 2591689.813, 98
Trd, 2591690.279, 95
Trd, 2591690.896, 99
Trd, 2591691.546, 99
Trd, 2591691.996, 102
Trd, 2591692.463, 105
Trd, 2591693.346, 115
Trd, 2591693.663, 104
Trd, 2591694.579, 101
Trd, 2591694.796, 100
Trd, 2591694.879, 99
Trd, 2591694.946, 92
Trd, 2591695.229, 88
Trd, 2591695.363, 98
Trd, 2591695.446, 101
Trd, 2591696.679, 86
Trd, 2591697.996, 85
Trd, 2591698.663, 85
Trd, 2591699.363, 86
Trd, 2591700.679, 93
Trd, 2591701.029, 85
Trd, 2591701.796, 93
Trd, 2591702.096, 90
Trd, 2591705.129, 91
Trd, 2591705.396, 91
Trd, 2591705.629, 89
Trd, 2591705.829, 93
Trd, 2591706.679, 94
Trd, 2591706.929, 112
Trd, 2591707.279, 117
Trd, 2591707.646, 92
Trd, 2591708.596, 110
Trd, 2591709.263, 100
Trd, 2591711.613, 105
Trd, 2591712.079, 113
Trd, 2591712.863, 108
Trd, 2591712.979, 107
Trd, 2591713.979, 112
Trd, 2591714.163, 115
Trd, 2591714.413, 114
Trd, 2591714.979, 103
Trd, 2591716.213, 112
Trd, 2591716.279, 102
Trd, 2591717.146, 102
Trd, 2591717.363, 102
Trd, 2591718.829, 103
Trd, 2591719.729, 107
Trd, 2591720.129, 99
Trd, 2591720.463, 107
Trd, 2591720.529, 109
Trd, 2591720.579, 110
Trd, 2591720.963, 98
Trd, 2591723.296, 101
Trd, 2591724.879, 107
Trd, 2591725.329, 101
Trd, 2591725.513, 95
Trd, 2591726.146, 96
Trd, 2591726.279, 95
Trd, 2591727.363, 103
Trd, 2591727.613, 107
Trd, 2591730.196, 95
Trd, 2591731.363, 110
Trd, 2591731.579, 90
Trd, 2591731.863, 91
Trd, 2591732.263, 85
Trd, 2591734.246, 96
Trd, 2591734.546, 96
Trd, 2591734.563, 97
Trd, 2591734.796, 92
Trd, 2591734.996, 101
Trd, 2591735.046, 91
Trd, 2591738.863, 102
Trd, 2591740.046, 99
Trd, 2591740.413, 98
Trd, 2591740.729, 98
Trd, 2591741.496, 100
Trd, 2591741.563, 101
Trd, 2591741.746, 97
Trd, 2591741.813, 96
Trd, 2591742.079, 93
Trd, 2591742.496, 91
Trd, 2591743.213, 85
Trd, 2591743.563, 100
Trd, 2591744.213, 103
Trd, 2591744.596, 86
Trd, 2591745.396, 84
Trd, 2591745.596, 94
Trd, 2591746.479, 92
Trd, 2591747.029, 92
Trd, 2591748.046, 94
Trd, 2591748.346, 94
Trd, 2591749.096, 98
Trd, 2591750.313, 100
Trd, 2591751.063, 96
Trd, 2591751.079, 95
Trd, 2591752.713, 101
Trd, 2591752.796, 112
Trd, 2591753.129, 112
Trd, 2591753.229, 97
Trd, 2591753.946, 98
Trd, 2591754.163, 97
Trd, 2591755.796, 100
Trd, 2591756.396, 104
Trd, 2591756.529, 105
Trd, 2591756.829, 104
Trd, 2591757.029, 105
Trd, 2591757.996, 109
Trd, 2591758.913, 105
Trd, 2591759.113, 104
Trd, 2591759.963, 91
Trd, 2591760.446, 109
Trd, 2591760.863, 102
Trd, 2591761.363, 101
Trd, 2591764.213, 100
Trd, 2591764.596, 100
Trd, 2591764.746, 113
Trd, 2591765.663, 102
Trd, 2591765.729, 100
Trd, 2591768.829, 100
Trd, 2591770.146, 100
Trd, 2591771.529, 100
Trd, 2591771.596, 89
Trd, 2591771.929, 101
Trd, 2591772.763, 90
Trd, 2591772.929, 90
Trd, 2591773.063, 91
Trd, 2591773.396, 92
Trd, 2591774.246, 100
Trd, 2591774.446, 93
Trd, 2591775.679, 93
Trd, 2591776.829, 94
Trd, 2591777.479, 95
Trd, 2591777.629, 93
Trd, 2591778.579, 82
Trd, 2591778.613, 84
Trd, 2591779.396, 99
Trd, 2591779.863, 100
Trd, 2591780.479, 101
Trd, 2591781.929, 105
Trd, 2591782.329, 117
Trd, 2591782.613, 102
Trd, 2591783.063, 99
Trd, 2591783.563, 101
Trd, 2591784.163, 101
Trd, 2591784.979, 113
Trd, 2591785.413, 101
Trd, 2591785.646, 99
Trd, 2591785.913, 99
Trd, 2591786.179, 113
Trd, 2591786.546, 99
Trd, 2591789.613, 107
Trd, 2591789.946, 109
Trd, 2591790.296, 118
Trd, 2591791.829, 110
Trd, 2591791.863, 109
Trd, 2591792.329, 110
Trd, 2591792.879, 105
Trd, 2591792.913, 99
Trd, 2591793.996, 104
Trd, 2591794.696, 102
Trd, 2591795.213, 98
Trd, 2591796.829, 94
Trd, 2591796.863, 94
Trd, 2591797.313, 95
Trd, 2591798.813, 105
Trd, 2591799.663, 95
Trd, 2591800.713, 98
Trd, 2591800.913, 98
Trd, 2591801.779, 114
Trd, 2591801.879, 91
Trd, 2591802.229, 113
Trd, 2591802.396, 116
Trd, 2591802.646, 91
Trd, 2591804.696, 100
Trd, 2591805.146, 91
Trd, 2591805.713, 99
Trd, 2591805.979, 87
Trd, 2591806.163, 83
Trd, 2591806.796, 116
Trd, 2591806.979, 117
Trd, 2591807.546, 85
Trd, 2591808.096, 88
Trd, 2591809.529, 115
Trd, 2591810.779, 90
Trd, 2591811.296, 90
Trd, 2591813.196, 98
Trd, 2591816.113, 99
Trd, 2591817.479, 95
Trd, 2591817.713, 92
Trd, 2591817.813, 96
Trd, 2591817.996, 91
Trd, 2591819.879, 92
Trd, 2591819.929, 91
Trd, 2591820.013, 95
Trd, 2591820.263, 96
Trd, 2591820.729, 91
Trd, 2591821.463, 92
Trd, 2591823.246, 94
Trd, 2591823.529, 94
Trd, 2591823.713, 93
Trd, 2591824.013, 92
Trd, 2591825.846, 91
Trd, 2591826.079, 92
Trd, 2591826.113, 93
Trd, 2591826.329, 84
Trd, 2591827.596, 96
Trd, 2591828.879, 96
Trd, 2591829.596, 102
Trd, 2591830.996, 102
Trd, 2591831.479, 104
Trd, 2591831.846, 104
Trd, 2591832.813, 102
Trd, 2591832.829, 105
Trd, 2591834.396, 103
Trd, 2591834.646, 103
Trd, 2591835.096, 104
Trd, 2591835.829, 103
Trd, 2591836.413, 101
Trd, 2591837.646, 98
Trd, 2591838.446, 97
Trd, 2591839.279, 99
Trd, 2591840.429, 101
Trd, 2591840.696, 105
Trd, 2591840.913, 113
Trd, 2591841.329, 118
Trd, 2591841.346, 118
Trd, 2591842.163, 102
Trd, 2591843.363, 106
Trd, 2591844.863, 111
Trd, 2591845.679, 109
Trd, 2591845.779, 111
Trd, 2591845.879, 108
Trd, 2591846.079, 105
Trd, 2591846.163, 112
Trd, 2591846.346, 113
Trd, 2591848.096, 116
Trd, 2591850.313, 107
Trd, 2591850.346, 108
Trd, 2591851.713, 107
Trd, 2591852.196, 109
Trd, 2591852.513, 108
Trd, 2591852.913, 107
Trd, 2591852.946, 105
Trd, 2591855.029, 101
Trd, 2591855.079, 100
Trd, 2591855.329, 100
Trd, 2591855.746, 92
Trd, 2591856.746, 95
Trd, 2591858.046, 99
Trd, 2591858.529, 98
Trd, 2591859.279, 99
Trd, 2591859.729, 100
Trd, 2591859.846, 101
Trd, 2591860.879, 97
Trd, 2591861.863, 97
Trd, 2591862.063, 90
Trd, 2591862.213, 81
Trd, 2591863.263, 84
Trd, 2591864.279, 79
Trd, 2591865.563, 88
Trd, 2591865.863, 85
Trd, 2591865.979, 84
Trd, 2591866.546, 82
Trd, 2591868.596, 87
Trd, 2591868.863, 94
Trd, 2591869.379, 86
Trd, 2591870.246, 94
Trd, 2591870.279, 79
Trd, 2591870.463, 99
Trd, 2591871.513, 88
Trd, 2591872.079, 98
Trd, 2591872.179, 85
Trd, 2591873.663, 93
Trd, 2591875.046, 101
Trd, 2591875.163, 105
Trd, 2591876.496, 99
Trd, 2591877.379, 100
Trd, 2591877.863, 103
Trd, 2591879.113, 103
Trd, 2591879.213, 104
Trd, 2591879.496, 100
Trd, 2591880.063, 99
Trd, 2591880.896, 99
Trd, 2591881.396, 100
Trd, 2591881.929, 100
Trd, 2591882.329, 99
Trd, 2591882.629, 104
Trd, 2591885.013, 98
Trd, 2591885.046, 101
Trd, 2591885.329, 101
Trd, 2591885.396, 104
Trd, 2591886.096, 99
Trd, 2591887.196, 96
Trd, 2591887.346, 91
Trd, 2591887.613, 84
Trd, 2591888.263, 105
Trd, 2591889.079, 91
Trd, 2591889.229, 92
Trd, 2591889.946, 92
Trd, 2591893.013, 97
Trd, 2591893.513, 99
Trd, 2591893.696, 100
Trd, 2591893.729, 101
Trd, 2591893.996, 98
Trd, 2591895.229, 101
Trd, 2591895.313, 102
Trd, 2591896.413, 103
Trd, 2591896.729, 103
Trd, 2591897.146, 103
Trd, 2591897.713, 99
Trd, 2591898.496, 107
Trd, 2591898.513, 106
Trd, 2591898.763, 110
Trd, 2591899.413, 113
Trd, 2591900.213, 98
Trd, 2591902.929, 99
Trd, 2591903.079, 91
Trd, 2591903.229, 100
Trd, 2591903.496, 101
Trd, 2591904.663, 100
Trd, 2591905.896, 103
Trd, 2591905.963, 102
Trd, 2591908.996, 98
Trd, 2591909.063, 99
Trd, 2591909.396, 97
Trd, 2591910.379, 102
Trd, 2591911.379, 99
Trd, 2591911.413, 98
Trd, 2591911.429, 97
Trd, 2591911.629, 91
Trd, 2591912.563, 99
Trd, 2591912.829, 94
Trd, 2591913.479, 98
Trd, 2591913.563, 98
Trd, 2591913.596, 99
Trd, 2591913.863, 101
Trd, 2591914.946, 84
Trd, 2591916.946, 103
Trd, 2591917.446, 104
Trd, 2591917.563, 105
Trd, 2591917.946, 84
Trd, 2591919.429, 101
Trd, 2591920.446, 96
Trd, 2591920.779, 91
Trd, 2591921.579, 95
Trd, 2591921.813, 94
Trd, 2591922.813, 103
Trd, 2591922.846, 105
Trd, 2591924.463, 101
Trd, 2591925.213, 100
Trd, 2591925.229, 99
Trd, 2591925.729, 106
Trd, 2591925.763, 98
Trd, 2591925.813, 97
Trd, 2591927.379, 101
Trd, 2591927.663, 102
Trd, 2591929.513, 112
Trd, 2591930.529, 111
Trd, 2591930.713, 109
Trd, 2591930.779, 111
Trd, 2591930.813, 113
Trd, 2591932.663, 108
Trd, 2591932.879, 109
Trd, 2591933.046, 106
Trd, 2591933.646, 105
Trd, 2591934.779, 104
Trd, 2591935.879, 103
Trd, 2591936.563, 102
Trd, 2591936.596, 104
Trd, 2591936.963, 105
Trd, 2591937.913, 100
Trd, 2591938.246, 113
Trd, 2591939.046, 99
Trd, 2591940.263, 101
Trd, 2591940.329, 98
Trd, 2591940.779, 101
Trd, 2591941.346, 103
Trd, 2591941.513, 87
Trd, 2591942.596, 106
Trd, 2591942.646, 90
Trd, 2591944.413, 100
Trd, 2591945.113, 102
Trd, 2591945.229, 95
Trd, 2591945.896, 94
Trd, 2591947.496, 99
Trd, 2591947.663, 98
Trd, 2591947.879, 104
Trd, 2591948.779, 99
Trd, 2591949.713, 98
Trd, 2591950.646, 82
Trd, 2591950.929, 97
Trd, 2591951.246, 84
Trd, 2591952.629, 101
Trd, 2591954.079, 96
Trd, 2591954.313, 91
Trd, 2591955.279, 96
Trd, 2591955.763, 94
Trd, 2591956.129, 91
Trd, 2591956.963, 105
Trd, 2591957.296, 102
Trd, 2591958.213, 102
Trd, 2591958.263, 101
Trd, 2591958.679, 91
Trd, 2591959.596, 78
Trd, 2591960.396, 96
Trd, 2591961.096, 96
Trd, 2591961.529, 96
Trd, 2591961.863, 96
Trd, 2591962.229, 97
Trd, 2591963.846, 97
Trd, 2591964.129, 95
Trd, 2591964.879, 100
Trd, 2591965.696, 97
Trd, 2591965.913, 99
Trd, 2591966.063, 101
Trd, 2591966.829, 97
Trd, 2591967.563, 105
Trd, 2591968.463, 100
Trd, 2591969.046, 116
Trd, 2591969.979, 99
Trd, 2591970.679, 94
Trd, 2591971.879, 91
Trd, 2591972.813, 96
Trd, 2591974.129, 95
Trd, 2591974.279, 96
Trd, 2591974.929, 96
Trd, 2591975.263, 96
Trd, 2591976.579, 98
Trd, 2591976.646, 97
Trd, 2591977.579, 97
Trd, 2591977.613, 99
Trd, 2591978.463, 101
Trd, 2591979.629, 104
Trd, 2591980.079, 105
Trd, 2591980.929, 105
Trd, 2591981.179, 99
Trd, 2591982.046, 106
Trd, 2591982.479, 98
Trd, 2591983.496, 104
Trd, 2591983.529, 102
Trd, 2591983.679, 101
Trd, 2591983.963, 104
Trd, 2591984.029, 84
Trd, 2591984.079, 116
Trd, 2591986.279, 107
Trd, 2591987.129, 107
Trd, 2591987.729, 107
Trd, 2591988.263, 108
Trd, 2591988.396, 106
Trd, 2591989.229, 110
Trd, 2591990.279, 115
Trd, 2591991.479, 113
Trd, 2591992.479, 114
Trd, 2591993.029, 105
Trd, 2591993.146, 114
Trd, 2591993.663, 98
Trd, 2591994.129, 98
Trd, 2591994.963, 93
Trd, 2591996.596, 99
Trd, 2591998.446, 99
Trd, 2591998.579, 98
Trd, 2591998.729, 91
Trd, 2591998.779, 84
Trd, 2591999.113, 83
Trd, 2591999.329, 90
