Trd, 2590648.679, 105
Trd, 2590648.779, 112
Trd, 2590649.729, 102
Trd, 2590651.229, 101
Trd, 2590651.596, 98
Trd, 2590651.946, 99
Trd, 2590653.679, 95
Trd, 2590654.046, 103
Trd, 2590654.413, 106
Trd, 2590654.946, 102
Trd, 2590655.829, 105
Trd, 2590656.579, 105
Trd, 2590657.096, 103
Trd, 2590657.746, 108
Trd, 2590658.946, 106
Trd, 2590659.196, 105
Trd, 2590660.629, 105
Trd, 2590660.763, 94
Trd, 2590663.546, 91
Trd, 2590663.629, 92
Trd, 2590663.896, 92
Trd, 2590664.129, 95
Trd, 2590664.779, 100
Trd, 2590665.329, 88
Trd, 2590665.946, 106
Trd, 2590666.096, 108
Trd, 2590666.229, 105
Trd, 2590667.913, 105
Trd, 2590668.513, 111
Trd, 2590669.513, 95
Trd, 2590670.663, 107
Trd, 2590671.296, 112
Trd, 2590671.613, 115
Trd, 2590671.929, 117
Trd, 2590672.346, 108
Trd, 2590672.596, 109
Trd, 2590672.746, 107
Trd, 2590674.579, 107
Trd, 2590675.013, 115
Trd, 2590676.113, 109
Trd, 2590677.279, 105
Trd, 2590677.946, 101
Trd, 2590677.996, 97
Trd, 2590678.396, 98
Trd, 2590679.096, 105
Trd, 2590679.996, 99
Trd, 2590680.463, 102
Trd, 2590681.013, 101
Trd, 2590681.246, 102
Trd, 2590681.746, 105
Trd, 2590681.963, 101
Trd, 2590683.996, 112
Trd, 2590684.213, 107
Trd, 2590684.746, 105
Trd, 2590685.479, 99
Trd, 2590685.713, 105
Trd, 2590685.996, 98
Trd, 2590688.046, 102
Trd, 2590688.096, 103
Trd, 2590689.263, 103
Trd, 2590689.646, 104
Trd, 2590690.179, 103
Trd, 2590691.246, 105
Trd, 2590692.063, 95
Trd, 2590692.296, 95
Trd, 2590693.463, 88
Trd, 2590693.596, 103
Trd, 2590694.896, 101
Trd, 2590696.596, 95
Trd, 2590696.679, 97
Trd, 2590697.229, 98
Trd, 2590697.446, 99
Trd, 2590699.846, 98
Trd, 2590700.229, 98
Trd, 2590700.296, 97
Trd, 2590700.313, 105
Trd, 2590700.646, 108
Trd, 2590700.763, 91
Trd, 2590701.663, 91
Trd, 2590702.813, 98
Trd, 2590703.629, 98
Trd, 2590703.729, 87
Trd, 2590704.029, 99
Trd, 2590705.746, 93
Trd, 2590707.529, 94
Trd, 2590707.996, 95
Trd, 2590708.729, 102
Trd, 2590709.946, 101
Trd, 2590709.979, 100
Trd, 2590710.829, 90
Trd, 2590710.846, 89
Trd, 2590711.513, 105
Trd, 2590711.879, 106
Trd, 2590712.946, 87
Trd, 2590713.463, 104
Trd, 2590714.829, 101
Trd, 2590716.446, 105
Trd, 2590717.163, 111
Trd, 2590718.346, 108
Trd, 2590719.246, 113
Trd, 2590719.879, 115
Trd, 2590720.446, 112
Trd, 2590720.746, 113
Trd, 2590721.113, 106
Trd, 2590721.763, 105
Trd, 2590723.346, 103
Trd, 2590723.429, 104
Trd, 2590723.746, 104
Trd, 2590724.163, 103
Trd, 2590724.463, 103
Trd, 2590726.779, 102
Trd, 2590727.079, 116
Trd, 2590728.029, 102
Trd, 2590728.263, 118
Trd, 2590728.396, 101
Trd, 2590731.113, 121
Trd, 2590731.396, 103
Trd, 2590732.396, 104
Trd, 2590732.863, 110
Trd, 2590733.779, 106
Trd, 2590733.896, 105
Trd, 2590735.163, 107
Trd, 2590735.679, 108
Trd, 2590736.529, 108
Trd, 2590736.813, 109
Trd, 2590737.213, 109
Trd, 2590737.313, 105
Trd, 2590738.013, 101
Trd, 2590739.929, 99
Trd, 2590739.963, 98
Trd, 2590740.779, 106
Trd, 2590741.213, 83
Trd, 2590741.646, 83
Trd, 2590741.729, 81
Trd, 2590741.846, 93
Trd, 2590742.196, 94
Trd, 2590743.513, 101
Trd, 2590744.813, 99
Trd, 2590745.329, 99
Trd, 2590745.663, 100
Trd, 2590746.546, 105
Trd, 2590747.646, 101
Trd, 2590748.279, 99
Trd, 2590748.579, 98
Trd, 2590749.796, 106
Trd, 2590750.429, 107
Trd, 2590752.063, 107
Trd, 2590752.463, 107
Trd, 2590752.796, 108
Trd, 2590752.846, 112
Trd, 2590753.779, 109
Trd, 2590753.979, 106
Trd, 2590754.113, 118
Trd, 2590754.529, 122
Trd, 2590755.146, 116
Trd, 2590755.429, 104
Trd, 2590756.629, 101
Trd, 2590758.813, 106
Trd, 2590759.813, 107
Trd, 2590760.313, 105
Trd, 2590761.079, 104
Trd, 2590761.446, 105
Trd, 2590762.079, 106
Trd, 2590762.613, 108
Trd, 2590762.763, 105
Trd, 2590765.063, 109
Trd, 2590766.146, 112
Trd, 2590766.496, 113
Trd, 2590766.746, 111
Trd, 2590768.063, 112
Trd, 2590768.546, 105
Trd, 2590768.613, 101
Trd, 2590768.779, 96
Trd, 2590768.946, 95
Trd, 2590770.363, 110
Trd, 2590771.796, 106
Trd, 2590773.113, 105
Trd, 2590773.813, 105
Trd, 2590773.963, 104
Trd, 2590774.346, 96
Trd, 2590775.263, 106
Trd, 2590775.913, 107
Trd, 2590776.046, 105
Trd, 2590777.613, 89
Trd, 2590778.113, 105
Trd, 2590779.279, 105
Trd, 2590779.363, 94
Trd, 2590780.546, 103
Trd, 2590781.213, 100
Trd, 2590781.313, 104
Trd, 2590781.529, 100
Trd, 2590782.913, 99
Trd, 2590783.396, 98
Trd, 2590784.679, 100
Trd, 2590784.996, 92
Trd, 2590785.463, 91
Trd, 2590786.079, 98
Trd, 2590787.646, 97
Trd, 2590788.479, 97
Trd, 2590788.896, 96
Trd, 2590789.529, 100
Trd, 2590789.546, 101
Trd, 2590789.663, 94
Trd, 2590790.079, 105
Trd, 2590793.246, 103
Trd, 2590793.646, 98
Trd, 2590793.829, 97
Trd, 2590794.729, 102
Trd, 2590794.779, 101
Trd, 2590794.813, 105
Trd, 2590795.379, 103
Trd, 2590795.429, 102
Trd, 2590799.146, 102
Trd, 2590799.179, 104
Trd, 2590799.229, 108
Trd, 2590799.713, 100
Trd, 2590800.546, 101
Trd, 2590801.063, 101
Trd, 2590801.596, 108
Trd, 2590801.646, 102
Trd, 2590802.029, 111
Trd, 2590802.346, 101
Trd, 2590803.646, 111
Trd, 2590804.846, 107
Trd, 2590804.896, 105
Trd, 2590805.613, 108
Trd, 2590806.363, 116
Trd, 2590808.246, 112
Trd, 2590808.463, 110
Trd, 2590808.913, 109
Trd, 2590809.729, 110
Trd, 2590810.213, 102
Trd, 2590811.996, 101
Trd, 2590812.629, 105
Trd, 2590813.213, 106
Trd, 2590814.213, 105
Trd, 2590814.996, 105
Trd, 2590815.313, 104
Trd, 2590815.396, 102
Trd, 2590815.679, 101
Trd, 2590816.196, 97
Trd, 2590816.629, 105
Trd, 2590817.579, 115
Trd, 2590817.763, 118
Trd, 2590818.796, 96
Trd, 2590821.613, 101
Trd, 2590821.696, 104
Trd, 2590822.446, 103
Trd, 2590822.846, 102
Trd, 2590822.979, 107
Trd, 2590823.446, 107
Trd, 2590824.113, 104
Trd, 2590825.263, 107
Trd, 2590826.096, 108
Trd, 2590827.329, 109
Trd, 2590827.746, 116
Trd, 2590827.796, 118
Trd, 2590829.763, 108
Trd, 2590829.796, 107
Trd, 2590829.863, 105
Trd, 2590830.146, 101
Trd, 2590830.546, 88
Trd, 2590831.429, 88
Trd, 2590832.096, 100
Trd, 2590832.446, 102
Trd, 2590833.413, 103
Trd, 2590833.579, 103
Trd, 2590833.946, 101
Trd, 2590834.896, 103
Trd, 2590835.779, 100
Trd, 2590836.663, 101
Trd, 2590838.079, 103
Trd, 2590838.263, 98
Trd, 2590838.546, 92
Trd, 2590839.479, 105
Trd, 2590839.796, 87
Trd, 2590840.713, 102
Trd, 2590842.696, 106
Trd, 2590844.496, 105
Trd, 2590844.813, 105
Trd, 2590845.329, 101
Trd, 2590845.496, 100
Trd, 2590846.246, 97
Trd, 2590847.063, 98
Trd, 2590847.396, 87
Trd, 2590848.046, 95
Trd, 2590849.579, 92
Trd, 2590849.979, 100
Trd, 2590850.213, 101
Trd, 2590850.529, 96
Trd, 2590851.413, 99
Trd, 2590851.946, 100
Trd, 2590854.329, 100
Trd, 2590854.546, 100
Trd, 2590854.713, 96
Trd, 2590855.563, 97
Trd, 2590857.279, 94
Trd, 2590857.596, 100
Trd, 2590857.713, 94
Trd, 2590858.729, 97
Trd, 2590859.146, 100
Trd, 2590860.279, 103
Trd, 2590860.813, 104
Trd, 2590861.379, 105
Trd, 2590862.013, 106
Trd, 2590862.479, 106
Trd, 2590864.013, 107
Trd, 2590864.963, 106
Trd, 2590865.179, 97
Trd, 2590866.796, 105
Trd, 2590867.363, 104
Trd, 2590867.379, 114
Trd, 2590867.996, 96
Trd, 2590868.263, 95
Trd, 2590868.379, 94
Trd, 2590869.013, 106
Trd, 2590870.179, 96
Trd, 2590871.763, 105
Trd, 2590871.996, 102
Trd, 2590872.779, 98
Trd, 2590873.229, 87
Trd, 2590873.246, 105
Trd, 2590875.513, 86
Trd, 2590875.979, 101
Trd, 2590878.196, 103
Trd, 2590878.679, 103
Trd, 2590879.329, 104
Trd, 2590879.929, 103
Trd, 2590880.179, 103
Trd, 2590880.829, 105
Trd, 2590881.163, 101
Trd, 2590883.529, 107
Trd, 2590884.513, 108
Trd, 2590884.613, 107
Trd, 2590885.029, 114
Trd, 2590885.929, 108
Trd, 2590886.229, 107
Trd, 2590886.296, 117
Trd, 2590886.946, 115
Trd, 2590887.296, 106
Trd, 2590889.279, 105
Trd, 2590889.679, 101
Trd, 2590889.996, 104
Trd, 2590890.163, 100
Trd, 2590892.179, 101
Trd, 2590892.713, 106
Trd, 2590893.363, 106
Trd, 2590893.396, 105
Trd, 2590894.079, 105
Trd, 2590894.463, 103
Trd, 2590894.796, 101
Trd, 2590895.263, 104
Trd, 2590897.246, 103
Trd, 2590897.846, 111
Trd, 2590898.096, 112
Trd, 2590899.146, 105
Trd, 2590900.079, 107
Trd, 2590900.163, 106
Trd, 2590901.513, 98
Trd, 2590903.863, 107
Trd, 2590904.429, 107
Trd, 2590904.646, 106
Trd, 2590904.979, 102
Trd, 2590905.113, 107
Trd, 2590905.596, 108
Trd, 2590905.629, 118
Trd, 2590905.763, 106
Trd, 2590906.279, 100
Trd, 2590906.429, 105
Trd, 2590907.796, 113
Trd, 2590908.313, 112
Trd, 2590909.296, 100
Trd, 2590909.846, 103
Trd, 2590910.979, 99
Trd, 2590911.146, 97
Trd, 2590911.763, 88
Trd, 2590915.063, 96
Trd, 2590915.229, 97
Trd, 2590915.413, 98
Trd, 2590916.429, 103
Trd, 2590917.096, 104
Trd, 2590917.379, 103
Trd, 2590918.079, 99
Trd, 2590918.263, 98
Trd, 2590919.013, 105
Trd, 2590919.313, 96
Trd, 2590920.729, 105
Trd, 2590922.196, 104
Trd, 2590923.146, 108
Trd, 2590923.179, 95
Trd, 2590923.229, 94
Trd, 2590925.896, 108
Trd, 2590926.679, 107
Trd, 2590927.846, 107
Trd, 2590928.263, 108
Trd, 2590928.879, 106
Trd, 2590929.863, 103
Trd, 2590930.913, 104
Trd, 2590931.279, 101
Trd, 2590931.379, 99
Trd, 2590931.846, 107
Trd, 2590931.863, 97
Trd, 2590932.463, 104
Trd, 2590932.713, 104
Trd, 2590932.796, 108
Trd, 2590934.563, 108
Trd, 2590934.846, 107
Trd, 2590936.446, 108
Trd, 2590936.579, 105
Trd, 2590936.929, 93
Trd, 2590937.496, 92
Trd, 2590938.746, 104
Trd, 2590938.879, 104
Trd, 2590939.213, 105
Trd, 2590939.629, 107
Trd, 2590941.829, 99
Trd, 2590942.496, 100
Trd, 2590943.179, 101
Trd, 2590943.263, 100
Trd, 2590944.813, 88
Trd, 2590946.046, 99
Trd, 2590946.296, 102
Trd, 2590947.813, 108
Trd, 2590949.263, 101
Trd, 2590949.779, 101
Trd, 2590950.713, 114
Trd, 2590951.179, 109
Trd, 2590952.029, 111
Trd, 2590952.529, 111
Trd, 2590952.696, 114
Trd, 2590953.379, 116
Trd, 2590953.663, 118
Trd, 2590953.713, 105
Trd, 2590954.346, 124
Trd, 2590954.896, 97
Trd, 2590955.163, 88
Trd, 2590955.413, 118
Trd, 2590956.829, 98
Trd, 2590957.013, 97
Trd, 2590957.279, 96
Trd, 2590957.763, 96
Trd, 2590957.896, 93
Trd, 2590958.929, 94
Trd, 2590959.446, 103
Trd, 2590960.146, 105
Trd, 2590961.863, 101
Trd, 2590961.996, 87
Trd, 2590962.063, 102
Trd, 2590962.263, 84
Trd, 2590964.296, 97
Trd, 2590965.613, 97
Trd, 2590965.813, 89
Trd, 2590967.046, 92
Trd, 2590967.379, 93
Trd, 2590967.779, 108
Trd, 2590969.346, 95
Trd, 2590969.713, 101
Trd, 2590970.029, 105
Trd, 2590970.246, 118
Trd, 2590970.813, 97
Trd, 2590972.363, 114
Trd, 2590972.479, 106
Trd, 2590973.796, 106
Trd, 2590974.696, 100
Trd, 2590974.763, 98
Trd, 2590974.979, 101
Trd, 2590976.196, 96
Trd, 2590976.396, 104
Trd, 2590977.113, 105
Trd, 2590977.379, 108
Trd, 2590977.413, 125
Trd, 2590978.546, 101
Trd, 2590978.629, 99
Trd, 2590979.346, 98
Trd, 2590980.429, 98
Trd, 2590980.896, 96
Trd, 2590982.096, 89
Trd, 2590982.213, 89
Trd, 2590982.296, 88
Trd, 2590982.346, 89
Trd, 2590982.513, 90
Trd, 2590984.446, 90
Trd, 2590984.813, 101
Trd, 2590986.296, 103
Trd, 2590986.329, 119
Trd, 2590986.979, 118
Trd, 2590989.296, 111
Trd, 2590989.413, 109
Trd, 2590989.429, 108
Trd, 2590989.496, 107
Trd, 2590992.179, 106
Trd, 2590992.696, 96
Trd, 2590992.779, 94
Trd, 2590993.929, 91
Trd, 2590994.729, 91
Trd, 2590994.913, 90
Trd, 2590994.979, 97
Trd, 2590995.979, 98
Trd, 2590996.296, 99
Trd, 2590996.779, 101
Trd, 2590996.929, 108
Trd, 2590997.546, 118
Trd, 2591000.246, 109
Trd, 2591000.496, 109
Trd, 2591001.846, 109
Trd, 2591002.479, 111
Trd, 2591002.729, 111
Trd, 2591003.263, 103
Trd, 2591003.296, 96
Trd, 2591004.729, 95
Trd, 2591005.146, 96
Trd, 2591005.579, 96
Trd, 2591006.863, 107
Trd, 2591007.846, 86
Trd, 2591008.363, 105
Trd, 2591009.213, 105
Trd, 2591009.696, 106
Trd, 2591010.913, 106
Trd, 2591011.063, 107
Trd, 2591011.296, 108
Trd, 2591011.463, 104
Trd, 2591011.529, 113
Trd, 2591011.779, 85
Trd, 2591013.013, 115
Trd, 2591013.729, 114
Trd, 2591016.529, 100
Trd, 2591018.796, 106
Trd, 2591019.513, 107
Trd, 2591020.213, 106
Trd, 2591020.596, 105
Trd, 2591020.696, 105
Trd, 2591021.796, 106
Trd, 2591022.763, 105
Trd, 2591023.596, 105
Trd, 2591023.613, 104
Trd, 2591025.029, 102
Trd, 2591025.129, 104
Trd, 2591025.279, 101
Trd, 2591027.863, 101
Trd, 2591028.829, 105
Trd, 2591028.996, 101
Trd, 2591029.013, 98
Trd, 2591029.279, 87
Trd, 2591030.646, 103
Trd, 2591031.646, 106
Trd, 2591031.713, 98
Trd, 2591033.163, 97
Trd, 2591033.463, 99
Trd, 2591033.696, 99
Trd, 2591033.746, 98
Trd, 2591034.229, 99
Trd, 2591036.263, 104
Trd, 2591036.746, 108
Trd, 2591037.146, 102
Trd, 2591037.813, 103
Trd, 2591038.413, 102
Trd, 2591038.513, 102
Trd, 2591038.596, 103
Trd, 2591039.246, 110
Trd, 2591039.263, 101
Trd, 2591040.013, 87
Trd, 2591040.479, 109
Trd, 2591041.279, 84
Trd, 2591042.113, 98
Trd, 2591042.729, 105
Trd, 2591044.313, 108
Trd, 2591044.996, 107
Trd, 2591045.696, 107
Trd, 2591045.946, 108
Trd, 2591047.363, 112
Trd, 2591047.879, 112
Trd, 2591048.279, 112
Trd, 2591048.779, 105
Trd, 2591050.329, 106
Trd, 2591050.379, 105
Trd, 2591050.596, 108
Trd, 2591050.779, 101
Trd, 2591051.629, 87
Trd, 2591051.729, 108
Trd, 2591051.913, 108
Trd, 2591053.396, 85
Trd, 2591055.096, 101
Trd, 2591055.363, 103
Trd, 2591055.863, 103
Trd, 2591056.046, 100
Trd, 2591058.079, 96
Trd, 2591058.213, 98
Trd, 2591058.879, 101
Trd, 2591059.113, 92
Trd, 2591061.613, 96
Trd, 2591062.896, 98
Trd, 2591063.479, 98
Trd, 2591063.679, 104
Trd, 2591063.996, 105
Trd, 2591064.079, 97
Trd, 2591064.229, 96
Trd, 2591064.829, 94
Trd, 2591066.163, 114
Trd, 2591068.279, 103
Trd, 2591068.879, 112
Trd, 2591069.863, 100
Trd, 2591069.963, 99
Trd, 2591071.063, 110
Trd, 2591071.229, 111
Trd, 2591071.779, 107
Trd, 2591073.296, 104
Trd, 2591074.463, 104
Trd, 2591074.613, 104
Trd, 2591074.663, 104
Trd, 2591075.179, 105
Trd, 2591075.496, 104
Trd, 2591077.129, 102
Trd, 2591077.796, 101
Trd, 2591078.396, 102
Trd, 2591079.979, 103
Trd, 2591080.363, 107
Trd, 2591081.296, 98
Trd, 2591081.346, 108
Trd, 2591081.513, 87
Trd, 2591081.829, 86
Trd, 2591084.413, 89
Trd, 2591084.463, 90
Trd, 2591084.513, 91
Trd, 2591085.546, 87
Trd, 2591085.763, 98
Trd, 2591087.413, 98
Trd, 2591087.679, 92
Trd, 2591087.846, 89
Trd, 2591089.163, 101
Trd, 2591090.679, 105
Trd, 2591090.796, 100
Trd, 2591091.196, 108
Trd, 2591091.679, 106
Trd, 2591091.979, 105
Trd, 2591093.246, 110
Trd, 2591094.429, 101
Trd, 2591095.496, 98
Trd, 2591097.513, 95
Trd, 2591098.929, 97
Trd, 2591099.129, 98
Trd, 2591099.463, 97
Trd, 2591100.446, 105
Trd, 2591100.563, 99
Trd, 2591101.679, 108
Trd, 2591102.379, 109
Trd, 2591102.413, 107
Trd, 2591102.463, 115
Trd, 2591102.496, 98
Trd, 2591103.046, 97
Trd, 2591103.763, 88
Trd, 2591103.896, 115
Trd, 2591104.029, 116
Trd, 2591106.029, 90
Trd, 2591106.346, 89
Trd, 2591107.163, 89
Trd, 2591107.346, 92
Trd, 2591107.579, 93
Trd, 2591108.796, 105
Trd, 2591112.513, 103
Trd, 2591113.713, 107
Trd, 2591113.746, 105
Trd, 2591114.129, 104
Trd, 2591115.363, 105
Trd, 2591116.379, 103
Trd, 2591117.563, 102
Trd, 2591117.763, 101
Trd, 2591117.779, 98
Trd, 2591118.446, 100
Trd, 2591118.496, 102
Trd, 2591118.796, 93
Trd, 2591120.279, 107
Trd, 2591120.463, 108
Trd, 2591120.846, 112
Trd, 2591122.296, 104
Trd, 2591122.663, 104
Trd, 2591122.729, 102
Trd, 2591122.746, 112
Trd, 2591124.829, 106
Trd, 2591125.346, 113
Trd, 2591125.863, 104
Trd, 2591126.013, 116
Trd, 2591126.029, 103
Trd, 2591126.046, 118
Trd, 2591126.313, 101
Trd, 2591127.863, 107
Trd, 2591130.096, 110
Trd, 2591130.213, 109
Trd, 2591132.096, 108
Trd, 2591132.396, 108
Trd, 2591133.213, 106
Trd, 2591133.313, 107
Trd, 2591135.013, 102
Trd, 2591136.129, 98
Trd, 2591136.579, 98
Trd, 2591138.096, 101
Trd, 2591138.246, 103
Trd, 2591139.046, 103
Trd, 2591139.113, 104
Trd, 2591140.179, 107
Trd, 2591140.813, 94
Trd, 2591140.979, 94
Trd, 2591141.379, 108
Trd, 2591143.163, 107
Trd, 2591143.813, 105
Trd, 2591144.363, 106
Trd, 2591144.646, 105
Trd, 2591144.779, 102
Trd, 2591146.646, 108
Trd, 2591147.013, 102
Trd, 2591148.163, 105
Trd, 2591149.146, 102
Trd, 2591149.329, 101
Trd, 2591149.513, 101
Trd, 2591149.663, 98
Trd, 2591151.513, 104
Trd, 2591151.979, 101
Trd, 2591152.313, 100
Trd, 2591152.463, 108
Trd, 2591154.496, 108
Trd, 2591155.729, 104
Trd, 2591156.779, 101
Trd, 2591157.463, 101
Trd, 2591158.346, 102
Trd, 2591158.896, 102
Trd, 2591159.063, 99
Trd, 2591159.913, 98
Trd, 2591160.496, 101
Trd, 2591161.079, 97
Trd, 2591161.329, 102
Trd, 2591162.479, 100
Trd, 2591162.713, 103
Trd, 2591162.846, 99
Trd, 2591162.979, 105
Trd, 2591163.046, 108
Trd, 2591165.946, 98
Trd, 2591167.029, 104
Trd, 2591167.629, 104
Trd, 2591168.063, 105
Trd, 2591168.663, 106
Trd, 2591168.729, 93
Trd, 2591169.013, 98
Trd, 2591169.363, 105
Trd, 2591171.179, 93
Trd, 2591171.546, 103
Trd, 2591173.129, 99
Trd, 2591173.279, 99
Trd, 2591173.729, 99
Trd, 2591173.813, 99
Trd, 2591174.729, 98
Trd, 2591174.813, 107
Trd, 2591176.229, 98
Trd, 2591177.529, 106
Trd, 2591177.679, 105
Trd, 2591178.529, 101
Trd, 2591178.829, 103
Trd, 2591179.329, 97
Trd, 2591179.879, 105
Trd, 2591180.213, 108
Trd, 2591180.646, 113
Trd, 2591181.279, 87
Trd, 2591183.679, 108
Trd, 2591184.163, 94
Trd, 2591184.379, 87
Trd, 2591184.763, 80
Trd, 2591186.463, 102
Trd, 2591186.529, 101
Trd, 2591186.979, 104
Trd, 2591187.096, 100
Trd, 2591188.529, 100
Trd, 2591189.196, 101
Trd, 2591189.863, 105
Trd, 2591190.229, 101
Trd, 2591190.929, 101
Trd, 2591191.013, 108
Trd, 2591191.963, 118
Trd, 2591192.396, 118
Trd, 2591193.529, 123
Trd, 2591193.946, 101
Trd, 2591193.979, 101
Trd, 2591195.229, 98
Trd, 2591195.696, 103
Trd, 2591198.913, 101
Trd, 2591199.229, 103
Trd, 2591199.379, 102
Trd, 2591199.529, 103
Trd, 2591199.663, 92
Trd, 2591200.396, 103
Trd, 2591201.796, 102
Trd, 2591202.479, 103
Trd, 2591203.163, 92
Trd, 2591203.179, 105
Trd, 2591204.579, 99
Trd, 2591205.113, 90
Trd, 2591206.979, 103
Trd, 2591207.113, 104
Trd, 2591207.379, 105
Trd, 2591207.846, 87
Trd, 2591210.263, 103
Trd, 2591211.913, 91
Trd, 2591211.996, 106
Trd, 2591212.246, 88
Trd, 2591212.413, 108
Trd, 2591212.979, 101
Trd, 2591213.196, 102
Trd, 2591213.479, 110
Trd, 2591214.229, 112
Trd, 2591214.696, 115
Trd, 2591215.079, 102
Trd, 2591217.113, 102
Trd, 2591219.363, 105
Trd, 2591219.829, 105
Trd, 2591220.163, 101
Trd, 2591221.246, 104
Trd, 2591221.613, 99
Trd, 2591222.413, 100
Trd, 2591222.696, 102
Trd, 2591224.696, 102
Trd, 2591224.996, 101
Trd, 2591225.513, 105
Trd, 2591226.313, 104
Trd, 2591227.829, 108
Trd, 2591228.246, 102
Trd, 2591228.696, 102
Trd, 2591228.979, 104
Trd, 2591230.413, 101
Trd, 2591231.479, 108
Trd, 2591233.213, 112
Trd, 2591233.713, 112
Trd, 2591233.929, 113
Trd, 2591234.763, 117
Trd, 2591235.479, 97
Trd, 2591236.279, 90
Trd, 2591237.146, 105
Trd, 2591237.313, 93
Trd, 2591237.379, 116
Trd, 2591238.629, 89
Trd, 2591238.979, 97
Trd, 2591239.246, 98
Trd, 2591239.763, 99
Trd, 2591240.363, 100
Trd, 2591241.013, 98
Trd, 2591241.513, 107
Trd, 2591243.446, 94
Trd, 2591245.613, 98
Trd, 2591246.163, 99
Trd, 2591246.563, 100
Trd, 2591247.029, 99
Trd, 2591247.063, 105
Trd, 2591247.629, 98
Trd, 2591247.663, 101
Trd, 2591248.113, 108
Trd, 2591248.379, 113
Trd, 2591248.679, 106
Trd, 2591249.263, 115
Trd, 2591250.663, 109
Trd, 2591251.513, 109
Trd, 2591251.796, 110
Trd, 2591252.363, 106
Trd, 2591252.646, 105
Trd, 2591253.413, 85
Trd, 2591255.763, 104
Trd, 2591256.163, 103
Trd, 2591256.579, 100
Trd, 2591257.246, 105
Trd, 2591257.546, 97
Trd, 2591258.613, 87
Trd, 2591259.596, 88
Trd, 2591259.963, 88
Trd, 2591260.963, 89
Trd, 2591261.796, 88
Trd, 2591261.863, 87
Trd, 2591262.313, 89
Trd, 2591263.729, 95
Trd, 2591264.746, 104
Trd, 2591265.063, 93
Trd, 2591265.763, 91
Trd, 2591266.163, 99
Trd, 2591267.279, 101
Trd, 2591268.146, 101
Trd, 2591268.246, 98
Trd, 2591268.296, 97
Trd, 2591269.029, 102
Trd, 2591271.546, 94
Trd, 2591272.929, 96
Trd, 2591272.963, 98
Trd, 2591274.546, 97
Trd, 2591275.813, 105
Trd, 2591276.379, 108
Trd, 2591276.813, 104
Trd, 2591277.429, 101
Trd, 2591277.663, 102
Trd, 2591278.079, 99
Trd, 2591278.379, 106
Trd, 2591279.196, 105
Trd, 2591280.879, 106
Trd, 2591280.913, 107
Trd, 2591281.496, 109
Trd, 2591282.229, 110
Trd, 2591282.379, 109
Trd, 2591283.263, 108
Trd, 2591284.029, 96
Trd, 2591284.363, 105
Trd, 2591285.279, 97
Trd, 2591286.363, 105
Trd, 2591286.829, 87
Trd, 2591288.296, 98
Trd, 2591288.663, 99
Trd, 2591289.196, 102
Trd, 2591289.579, 106
Trd, 2591289.779, 103
Trd, 2591290.479, 108
Trd, 2591293.563, 110
Trd, 2591293.813, 108
Trd, 2591294.129, 109
Trd, 2591294.813, 113
Trd, 2591295.446, 118
Trd, 2591296.013, 123
Trd, 2591296.113, 110
Trd, 2591296.163, 107
Trd, 2591296.579, 105
Trd, 2591296.846, 101
Trd, 2591298.429, 99
Trd, 2591299.079, 98
Trd, 2591299.346, 101
Trd, 2591299.429, 100
Trd, 2591299.596, 100
Trd, 2591300.079, 98
Trd, 2591301.129, 98
Trd, 2591301.713, 89
Trd, 2591301.729, 101
Trd, 2591303.346, 87
Trd, 2591303.829, 98
Trd, 2591304.596, 97
Trd, 2591305.046, 98
Trd, 2591305.963, 105
Trd, 2591307.896, 94
Trd, 2591308.363, 94
Trd, 2591308.563, 114
Trd, 2591309.663, 109
Trd, 2591310.813, 108
Trd, 2591311.079, 108
Trd, 2591311.713, 109
Trd, 2591311.879, 110
Trd, 2591311.913, 112
Trd, 2591312.313, 118
Trd, 2591312.346, 123
Trd, 2591313.046, 106
Trd, 2591313.596, 106
Trd, 2591314.713, 106
Trd, 2591315.813, 108
Trd, 2591316.063, 106
Trd, 2591316.479, 107
Trd, 2591317.313, 107
Trd, 2591317.713, 105
Trd, 2591317.729, 94
Trd, 2591318.896, 107
Trd, 2591319.713, 106
Trd, 2591320.629, 105
Trd, 2591321.846, 104
Trd, 2591322.379, 101
Trd, 2591322.596, 99
Trd, 2591323.146, 102
Trd, 2591323.513, 98
Trd, 2591326.646, 105
Trd, 2591326.663, 102
Trd, 2591327.113, 102
Trd, 2591327.363, 100
Trd, 2591327.863, 101
Trd, 2591327.896, 102
Trd, 2591328.013, 100
Trd, 2591330.013, 100
Trd, 2591330.029, 105
Trd, 2591334.479, 108
Trd, 2591334.496, 107
Trd, 2591334.713, 118
Trd, 2591335.413, 120
Trd, 2591336.079, 112
Trd, 2591336.913, 110
Trd, 2591336.996, 107
Trd, 2591337.396, 113
Trd, 2591337.946, 108
Trd, 2591338.046, 105
Trd, 2591339.829, 102
Trd, 2591341.196, 104
Trd, 2591342.129, 103
Trd, 2591342.379, 103
Trd, 2591342.463, 104
Trd, 2591342.629, 105
Trd, 2591342.829, 108
Trd, 2591343.329, 103
Trd, 2591345.196, 106
Trd, 2591345.363, 106
Trd, 2591346.029, 108
Trd, 2591346.379, 105
Trd, 2591346.496, 101
Trd, 2591347.146, 97
Trd, 2591347.379, 95
Trd, 2591347.579, 84
Trd, 2591349.763, 103
Trd, 2591350.563, 98
Trd, 2591351.396, 102
Trd, 2591351.613, 94
Trd, 2591352.896, 96
Trd, 2591353.363, 97
Trd, 2591353.496, 96
Trd, 2591354.029, 104
Trd, 2591354.646, 100
Trd, 2591354.829, 103
Trd, 2591354.996, 105
Trd, 2591356.279, 103
Trd, 2591357.729, 108
Trd, 2591358.546, 103
Trd, 2591359.479, 101
Trd, 2591359.546, 104
Trd, 2591360.429, 100
Trd, 2591361.579, 104
Trd, 2591361.979, 100
Trd, 2591362.113, 107
Trd, 2591362.563, 101
Trd, 2591365.063, 105
Trd, 2591365.163, 106
Trd, 2591365.563, 107
Trd, 2591365.946, 108
Trd, 2591365.979, 105
Trd, 2591368.279, 108
Trd, 2591368.346, 111
Trd, 2591368.479, 99
Trd, 2591368.546, 98
Trd, 2591368.913, 94
Trd, 2591368.946, 87
Trd, 2591370.813, 101
Trd, 2591372.579, 105
Trd, 2591373.196, 105
Trd, 2591374.063, 106
Trd, 2591374.729, 108
Trd, 2591375.063, 111
Trd, 2591376.929, 98
Trd, 2591377.613, 99
Trd, 2591377.696, 97
Trd, 2591377.813, 87
Trd, 2591377.996, 101
Trd, 2591378.063, 82
Trd, 2591379.329, 113
Trd, 2591379.896, 101
Trd, 2591381.529, 116
Trd, 2591382.229, 113
Trd, 2591383.229, 115
Trd, 2591383.346, 115
Trd, 2591383.779, 116
Trd, 2591384.479, 114
Trd, 2591384.863, 110
Trd, 2591386.929, 100
Trd, 2591387.913, 97
Trd, 2591388.513, 101
Trd, 2591388.679, 87
Trd, 2591388.996, 108
Trd, 2591389.946, 108
Trd, 2591390.113, 97
Trd, 2591390.146, 90
Trd, 2591391.346, 105
Trd, 2591391.596, 106
Trd, 2591396.096, 101
Trd, 2591396.663, 106
Trd, 2591396.729, 107
Trd, 2591396.963, 105
Trd, 2591397.363, 105
Trd, 2591397.846, 104
Trd, 2591398.396, 101
Trd, 2591398.896, 105
Trd, 2591399.213, 87
Trd, 2591399.446, 105
Trd, 2591399.729, 84
Trd, 2591400.013, 113
Trd, 2591401.096, 120
Trd, 2591403.063, 115
Trd, 2591403.546, 117
Trd, 2591404.813, 102
Trd, 2591405.363, 101
Trd, 2591405.396, 118
Trd, 2591406.313, 123
Trd, 2591406.796, 105
Trd, 2591408.379, 107
Trd, 2591408.596, 105
Trd, 2591409.179, 104
Trd, 2591410.196, 104
Trd, 2591410.429, 104
Trd, 2591410.496, 98
Trd, 2591410.546, 105
Trd, 2591412.879, 98
Trd, 2591413.596, 91
Trd, 2591414.396, 103
Trd, 2591415.029, 99
Trd, 2591415.496, 95
Trd, 2591416.213, 103
Trd, 2591418.779, 103
Trd, 2591419.829, 104
Trd, 2591419.896, 102
Trd, 2591420.529, 98
Trd, 2591421.879, 89
Trd, 2591421.896, 105
Trd, 2591422.413, 106
Trd, 2591423.179, 100
Trd, 2591424.796, 99
Trd, 2591425.729, 98
Trd, 2591426.596, 106
Trd, 2591426.846, 105
Trd, 2591427.329, 103
Trd, 2591428.296, 97
Trd, 2591428.979, 100
Trd, 2591429.579, 108
Trd, 2591429.763, 98
Trd, 2591430.629, 114
Trd, 2591430.679, 100
Trd, 2591433.096, 102
Trd, 2591433.196, 101
Trd, 2591433.479, 98
Trd, 2591433.646, 91
Trd, 2591435.246, 88
Trd, 2591435.513, 101
Trd, 2591436.513, 105
Trd, 2591437.929, 94
Trd, 2591437.946, 107
Trd, 2591439.579, 102
Trd, 2591440.063, 117
Trd, 2591440.446, 117
Trd, 2591441.496, 105
Trd, 2591442.813, 104
Trd, 2591444.563, 106
Trd, 2591444.579, 104
Trd, 2591445.413, 105
Trd, 2591446.063, 105
Trd, 2591446.079, 103
Trd, 2591446.179, 100
Trd, 2591446.329, 103
Trd, 2591446.646, 98
Trd, 2591446.896, 104
Trd, 2591448.013, 90
Trd, 2591448.146, 101
Trd, 2591449.046, 105
Trd, 2591449.163, 105
Trd, 2591450.713, 110
Trd, 2591452.029, 105
Trd, 2591453.396, 105
Trd, 2591453.713, 98
Trd, 2591454.729, 103
Trd, 2591454.796, 93
Trd, 2591455.596, 104
Trd, 2591457.313, 93
Trd, 2591457.946, 102
Trd, 2591458.246, 96
Trd, 2591459.646, 105
Trd, 2591460.013, 105
Trd, 2591460.029, 107
Trd, 2591460.663, 106
Trd, 2591461.329, 106
Trd, 2591461.463, 105
Trd, 2591462.363, 104
Trd, 2591463.329, 88
Trd, 2591465.663, 99
Trd, 2591466.313, 100
Trd, 2591466.613, 99
Trd, 2591466.896, 104
Trd, 2591467.046, 108
Trd, 2591467.879, 100
Trd, 2591468.563, 114
Trd, 2591469.513, 105
Trd, 2591471.063, 107
Trd, 2591471.479, 107
Trd, 2591471.529, 98
Trd, 2591472.129, 108
Trd, 2591472.479, 81
Trd, 2591472.663, 109
Trd, 2591474.296, 105
Trd, 2591475.163, 86
Trd, 2591475.179, 91
Trd, 2591476.779, 89
Trd, 2591478.163, 91
Trd, 2591479.163, 94
Trd, 2591479.446, 94
Trd, 2591479.663, 96
Trd, 2591479.929, 104
Trd, 2591481.863, 101
Trd, 2591482.229, 91
Trd, 2591482.863, 105
Trd, 2591483.646, 103
Trd, 2591483.746, 108
Trd, 2591483.896, 104
Trd, 2591484.546, 102
Trd, 2591485.063, 111
Trd, 2591485.863, 101
Trd, 2591488.279, 117
Trd, 2591489.196, 111
Trd, 2591490.046, 112
Trd, 2591491.063, 112
Trd, 2591491.813, 115
Trd, 2591492.029, 115
Trd, 2591492.179, 114
Trd, 2591492.663, 103
Trd, 2591493.013, 101
Trd, 2591493.129, 98
Trd, 2591493.379, 103
Trd, 2591493.413, 104
Trd, 2591494.163, 102
Trd, 2591496.729, 92
Trd, 2591497.863, 101
Trd, 2591500.363, 97
Trd, 2591500.529, 96
Trd, 2591500.663, 98
Trd, 2591501.896, 103
Trd, 2591501.979, 104
Trd, 2591502.213, 105
Trd, 2591502.263, 108
Trd, 2591503.879, 104
Trd, 2591504.113, 105
Trd, 2591505.863, 106
Trd, 2591506.046, 105
Trd, 2591506.913, 103
Trd, 2591507.196, 102
Trd, 2591508.013, 106
Trd, 2591508.129, 106
Trd, 2591508.313, 105
Trd, 2591509.879, 102
Trd, 2591510.363, 103
Trd, 2591510.779, 104
Trd, 2591511.346, 105
Trd, 2591511.929, 101
Trd, 2591512.846, 107
Trd, 2591514.046, 98
Trd, 2591514.363, 96
Trd, 2591518.029, 93
Trd, 2591518.146, 94
Trd, 2591518.913, 96
Trd, 2591519.679, 100
Trd, 2591519.996, 98
Trd, 2591520.163, 106
Trd, 2591520.546, 102
Trd, 2591521.813, 102
Trd, 2591521.846, 114
Trd, 2591522.079, 102
Trd, 2591522.579, 117
Trd, 2591523.463, 107
Trd, 2591523.479, 103
Trd, 2591523.996, 99
Trd, 2591526.096, 105
Trd, 2591527.613, 105
Trd, 2591527.979, 106
Trd, 2591528.463, 108
Trd, 2591528.879, 109
Trd, 2591529.829, 110
Trd, 2591530.596, 111
Trd, 2591531.713, 110
Trd, 2591531.913, 105
Trd, 2591532.013, 111
Trd, 2591533.413, 101
Trd, 2591535.046, 98
Trd, 2591536.479, 98
Trd, 2591537.213, 100
Trd, 2591538.196, 103
Trd, 2591539.079, 101
Trd, 2591539.179, 102
Trd, 2591540.296, 101
Trd, 2591541.179, 98
Trd, 2591541.429, 105
Trd, 2591541.529, 106
Trd, 2591541.846, 108
Trd, 2591542.163, 116
Trd, 2591542.779, 94
Trd, 2591544.713, 113
Trd, 2591545.313, 113
Trd, 2591546.013, 115
Trd, 2591546.296, 113
Trd, 2591546.896, 105
Trd, 2591548.979, 115
Trd, 2591549.313, 105
Trd, 2591550.046, 84
Trd, 2591550.596, 114
Trd, 2591550.896, 83
Trd, 2591551.296, 90
Trd, 2591552.796, 105
Trd, 2591553.096, 104
Trd, 2591553.263, 103
Trd, 2591554.129, 101
Trd, 2591554.629, 100
Trd, 2591554.779, 105
Trd, 2591555.429, 105
Trd, 2591557.379, 98
Trd, 2591558.229, 98
Trd, 2591558.463, 96
Trd, 2591558.479, 94
Trd, 2591559.729, 101
Trd, 2591560.579, 89
Trd, 2591561.313, 105
Trd, 2591561.596, 93
Trd, 2591562.663, 92
Trd, 2591563.063, 92
Trd, 2591563.746, 101
Trd, 2591566.646, 96
Trd, 2591566.746, 93
Trd, 2591567.579, 98
Trd, 2591567.596, 96
Trd, 2591567.813, 96
Trd, 2591568.446, 101
Trd, 2591569.013, 110
Trd, 2591569.579, 96
Trd, 2591569.979, 108
Trd, 2591570.713, 106
Trd, 2591571.846, 108
Trd, 2591572.529, 104
Trd, 2591573.496, 88
Trd, 2591573.646, 98
Trd, 2591574.579, 98
Trd, 2591574.613, 97
Trd, 2591574.963, 112
Trd, 2591575.396, 112
Trd, 2591577.379, 98
Trd, 2591577.846, 99
Trd, 2591579.246, 103
Trd, 2591580.813, 102
Trd, 2591580.946, 100
Trd, 2591581.379, 97
Trd, 2591581.779, 100
Trd, 2591582.929, 106
Trd, 2591583.046, 106
Trd, 2591583.529, 108
Trd, 2591584.429, 104
Trd, 2591584.863, 118
Trd, 2591585.663, 97
Trd, 2591585.679, 87
Trd, 2591586.046, 84
Trd, 2591586.063, 112
Trd, 2591586.396, 118
Trd, 2591587.529, 124
Trd, 2591590.163, 100
Trd, 2591591.646, 100
Trd, 2591591.729, 100
Trd, 2591591.796, 99
Trd, 2591592.113, 98
Trd, 2591593.013, 101
Trd, 2591594.079, 104
Trd, 2591594.646, 104
Trd, 2591594.663, 105
Trd, 2591595.363, 96
Trd, 2591596.313, 103
Trd, 2591596.546, 102
Trd, 2591597.163, 102
Trd, 2591597.979, 103
Trd, 2591598.329, 107
Trd, 2591598.679, 106
Trd, 2591601.396, 107
Trd, 2591601.579, 106
Trd, 2591601.679, 104
Trd, 2591603.363, 102
Trd, 2591603.913, 101
Trd, 2591604.496, 98
Trd, 2591606.763, 103
Trd, 2591606.796, 104
Trd, 2591607.979, 103
Trd, 2591608.146, 102
Trd, 2591608.413, 101
Trd, 2591609.413, 105
Trd, 2591610.846, 102
Trd, 2591611.629, 107
Trd, 2591611.696, 108
Trd, 2591612.696, 106
Trd, 2591613.313, 101
Trd, 2591615.913, 101
Trd, 2591617.063, 107
Trd, 2591617.429, 106
Trd, 2591617.613, 106
Trd, 2591618.013, 107
Trd, 2591618.246, 101
Trd, 2591618.629, 115
Trd, 2591619.096, 98
Trd, 2591620.846, 112
Trd, 2591621.279, 106
Trd, 2591621.329, 105
Trd, 2591621.546, 113
Trd, 2591622.363, 105
Trd, 2591622.713, 87
Trd, 2591623.713, 88
Trd, 2591624.563, 87
Trd, 2591626.563, 87
Trd, 2591626.913, 99
Trd, 2591627.729, 98
Trd, 2591628.129, 86
Trd, 2591628.363, 99
Trd, 2591629.696, 112
Trd, 2591629.929, 103
Trd, 2591630.096, 101
Trd, 2591630.379, 101
Trd, 2591630.563, 100
Trd, 2591631.546, 103
Trd, 2591632.013, 105
Trd, 2591632.463, 114
Trd, 2591633.079, 94
Trd, 2591635.246, 101
Trd, 2591636.113, 101
Trd, 2591636.313, 94
Trd, 2591636.763, 107
Trd, 2591639.413, 101
Trd, 2591639.779, 102
Trd, 2591639.796, 101
Trd, 2591639.879, 103
Trd, 2591640.579, 97
Trd, 2591641.496, 99
Trd, 2591642.463, 100
Trd, 2591642.596, 101
Trd, 2591642.729, 107
Trd, 2591643.346, 108
Trd, 2591643.596, 104
Trd, 2591643.713, 99
Trd, 2591645.229, 105
Trd, 2591645.729, 106
Trd, 2591646.213, 107
Trd, 2591647.046, 108
Trd, 2591647.063, 109
Trd, 2591647.229, 107
Trd, 2591647.379, 105
Trd, 2591647.429, 118
Trd, 2591648.329, 104
Trd, 2591652.779, 111
Trd, 2591653.096, 111
Trd, 2591653.696, 105
Trd, 2591654.079, 102
Trd, 2591655.463, 110
Trd, 2591656.063, 102
Trd, 2591657.263, 108
Trd, 2591658.713, 111
Trd, 2591659.079, 110
Trd, 2591659.813, 110
Trd, 2591661.496, 110
Trd, 2591661.563, 108
Trd, 2591662.546, 104
Trd, 2591662.763, 103
Trd, 2591663.279, 101
Trd, 2591663.596, 110
Trd, 2591664.463, 99
Trd, 2591665.263, 97
Trd, 2591666.613, 101
Trd, 2591667.446, 101
Trd, 2591668.063, 101
Trd, 2591668.413, 104
Trd, 2591669.463, 104
Trd, 2591670.029, 108
Trd, 2591670.196, 113
Trd, 2591670.396, 116
Trd, 2591670.446, 118
Trd, 2591671.013, 104
Trd, 2591671.346, 103
Trd, 2591671.396, 107
Trd, 2591671.779, 97
Trd, 2591672.596, 106
Trd, 2591673.813, 102
Trd, 2591673.846, 103
Trd, 2591674.813, 103
Trd, 2591674.979, 105
Trd, 2591676.529, 109
Trd, 2591676.929, 117
Trd, 2591678.879, 111
Trd, 2591679.629, 112
Trd, 2591680.863, 112
Trd, 2591681.179, 110
Trd, 2591681.279, 105
Trd, 2591681.296, 112
Trd, 2591681.596, 101
Trd, 2591684.596, 98
Trd, 2591684.679, 97
Trd, 2591686.513, 93
Trd, 2591686.796, 94
Trd, 2591686.846, 96
Trd, 2591687.446, 88
Trd, 2591687.613, 87
Trd, 2591688.463, 103
Trd, 2591689.846, 103
Trd, 2591690.146, 105
Trd, 2591690.363, 101
Trd, 2591691.596, 101
Trd, 2591692.546, 100
Trd, 2591692.996, 106
Trd, 2591693.296, 106
Trd, 2591694.296, 98
Trd, 2591695.963, 102
Trd, 2591696.396, 105
Trd, 2591696.579, 105
Trd, 2591696.729, 103
Trd, 2591697.496, 100
Trd, 2591698.179, 101
Trd, 2591698.496, 100
Trd, 2591698.529, 98
Trd, 2591700.246, 108
Trd, 2591703.079, 100
Trd, 2591703.529, 99
Trd, 2591703.546, 98
Trd, 2591703.896, 100
Trd, 2591704.879, 89
Trd, 2591705.613, 90
Trd, 2591706.379, 87
Trd, 2591707.846, 103
Trd, 2591708.846, 112
Trd, 2591709.129, 93
Trd, 2591709.213, 92
Trd, 2591709.429, 84
Trd, 2591710.429, 120
Trd, 2591710.779, 121
Trd, 2591712.229, 94
Trd, 2591715.446, 108
Trd, 2591716.063, 107
Trd, 2591716.446, 106
Trd, 2591716.596, 105
Trd, 2591716.796, 107
Trd, 2591717.079, 105
Trd, 2591718.429, 106
Trd, 2591720.913, 107
Trd, 2591721.996, 103
Trd, 2591722.096, 106
Trd, 2591722.713, 105
Trd, 2591723.446, 103
Trd, 2591723.996, 103
Trd, 2591724.096, 101
Trd, 2591724.213, 104
Trd, 2591724.813, 105
Trd, 2591725.613, 108
Trd, 2591725.796, 114
Trd, 2591727.579, 114
Trd, 2591727.929, 116
Trd, 2591728.846, 105
Trd, 2591729.379, 105
Trd, 2591729.963, 98
Trd, 2591732.029, 102
Trd, 2591732.929, 101
Trd, 2591733.246, 105
Trd, 2591733.313, 108
Trd, 2591733.713, 109
Trd, 2591734.396, 104
Trd, 2591734.879, 104
Trd, 2591735.796, 117
Trd, 2591736.863, 100
Trd, 2591737.213, 117
Trd, 2591738.229, 103
Trd, 2591738.613, 116
Trd, 2591739.479, 109
Trd, 2591739.729, 97
Trd, 2591740.613, 110
Trd, 2591741.096, 110
Trd, 2591742.929, 108
Trd, 2591743.146, 104
Trd, 2591743.313, 100
Trd, 2591743.829, 110
Trd, 2591743.913, 97
Trd, 2591745.213, 113
Trd, 2591746.829, 104
Trd, 2591747.679, 102
Trd, 2591747.996, 101
Trd, 2591748.246, 102
Trd, 2591748.263, 92
Trd, 2591751.613, 106
Trd, 2591752.179, 107
Trd, 2591752.663, 108
Trd, 2591752.946, 106
Trd, 2591753.363, 107
Trd, 2591753.629, 112
Trd, 2591754.313, 109
Trd, 2591754.563, 109
Trd, 2591754.596, 108
Trd, 2591756.863, 105
Trd, 2591758.429, 105
Trd, 2591759.179, 103
Trd, 2591760.263, 105
Trd, 2591760.363, 104
Trd, 2591760.796, 108
Trd, 2591761.746, 103
Trd, 2591762.279, 111
Trd, 2591762.363, 103
Trd, 2591762.963, 111
Trd, 2591763.029, 101
Trd, 2591764.113, 111
Trd, 2591764.296, 101
Trd, 2591765.296, 110
Trd, 2591765.913, 104
Trd, 2591769.329, 102
Trd, 2591770.129, 105
Trd, 2591771.113, 106
Trd, 2591771.346, 106
Trd, 2591772.363, 106
Trd, 2591772.879, 105
Trd, 2591772.896, 102
Trd, 2591773.129, 108
Trd, 2591773.396, 101
Trd, 2591774.263, 100
Trd, 2591774.979, 105
Trd, 2591775.846, 101
Trd, 2591776.146, 104
Trd, 2591776.196, 105
Trd, 2591777.979, 106
Trd, 2591779.129, 105
Trd, 2591780.129, 108
Trd, 2591780.179, 104
Trd, 2591780.196, 118
Trd, 2591780.279, 102
Trd, 2591781.746, 100
Trd, 2591782.113, 110
Trd, 2591782.696, 104
Trd, 2591782.879, 99
Trd, 2591784.096, 98
Trd, 2591784.379, 102
Trd, 2591785.663, 88
Trd, 2591786.463, 87
Trd, 2591787.213, 90
Trd, 2591787.279, 90
Trd, 2591788.013, 89
Trd, 2591788.429, 87
Trd, 2591790.829, 84
Trd, 2591792.129, 102
Trd, 2591792.763, 89
Trd, 2591793.029, 100
Trd, 2591793.296, 102
Trd, 2591795.629, 100
Trd, 2591796.079, 102
Trd, 2591796.796, 105
Trd, 2591796.879, 101
Trd, 2591797.496, 102
Trd, 2591797.646, 108
Trd, 2591798.579, 101
Trd, 2591799.313, 106
Trd, 2591799.346, 105
Trd, 2591799.646, 102
Trd, 2591802.079, 103
Trd, 2591802.763, 104
Trd, 2591802.913, 103
Trd, 2591804.279, 104
Trd, 2591804.579, 100
Trd, 2591804.829, 105
Trd, 2591807.396, 98
Trd, 2591808.013, 98
Trd, 2591808.063, 105
Trd, 2591808.079, 105
Trd, 2591808.746, 111
Trd, 2591809.396, 104
Trd, 2591812.113, 97
Trd, 2591812.329, 93
Trd, 2591812.596, 97
Trd, 2591812.829, 91
Trd, 2591812.879, 87
Trd, 2591814.163, 96
Trd, 2591814.279, 97
Trd, 2591814.963, 97
Trd, 2591815.846, 102
Trd, 2591816.296, 102
Trd, 2591817.963, 96
Trd, 2591818.563, 101
Trd, 2591818.996, 105
Trd, 2591819.813, 97
Trd, 2591820.496, 104
Trd, 2591820.813, 94
Trd, 2591821.596, 106
Trd, 2591823.263, 101
Trd, 2591823.779, 101
Trd, 2591824.446, 101
Trd, 2591825.063, 100
Trd, 2591825.229, 101
Trd, 2591827.029, 103
Trd, 2591827.796, 101
Trd, 2591829.113, 99
Trd, 2591829.463, 102
Trd, 2591830.396, 103
Trd, 2591831.579, 105
Trd, 2591832.029, 101
Trd, 2591832.113, 98
Trd, 2591832.129, 108
Trd, 2591832.363, 98
Trd, 2591832.496, 87
Trd, 2591832.629, 84
Trd, 2591834.063, 103
Trd, 2591834.196, 117
Trd, 2591835.413, 116
Trd, 2591835.846, 116
Trd, 2591836.379, 118
Trd, 2591837.929, 105
Trd, 2591838.346, 112
Trd, 2591838.946, 109
Trd, 2591839.029, 107
Trd, 2591840.613, 106
Trd, 2591841.179, 119
Trd, 2591843.346, 108
Trd, 2591843.729, 108
Trd, 2591844.196, 107
Trd, 2591844.246, 106
Trd, 2591845.113, 105
Trd, 2591845.179, 101
Trd, 2591845.396, 101
Trd, 2591845.813, 101
Trd, 2591847.029, 98
Trd, 2591847.046, 97
Trd, 2591848.079, 97
Trd, 2591848.629, 98
Trd, 2591848.979, 104
Trd, 2591850.396, 97
Trd, 2591851.279, 102
Trd, 2591851.796, 104
Trd, 2591852.629, 105
Trd, 2591852.829, 108
Trd, 2591853.096, 103
Trd, 2591853.813, 100
Trd, 2591853.929, 112
Trd, 2591854.863, 112
Trd, 2591855.313, 102
Trd, 2591855.463, 102
Trd, 2591855.813, 118
Trd, 2591856.629, 103
Trd, 2591858.529, 101
Trd, 2591859.329, 101
Trd, 2591860.296, 101
Trd, 2591861.313, 98
Trd, 2591862.196, 95
Trd, 2591863.063, 93
Trd, 2591863.363, 95
Trd, 2591863.879, 92
Trd, 2591863.946, 95
Trd, 2591864.396, 87
Trd, 2591864.746, 84
Trd, 2591865.346, 86
Trd, 2591866.046, 89
Trd, 2591867.096, 101
Trd, 2591868.146, 105
Trd, 2591868.829, 106
Trd, 2591869.563, 106
Trd, 2591870.113, 106
Trd, 2591870.829, 108
Trd, 2591871.313, 104
Trd, 2591871.863, 101
Trd, 2591872.529, 113
Trd, 2591873.863, 116
Trd, 2591874.446, 105
Trd, 2591875.129, 101
Trd, 2591875.363, 100
Trd, 2591876.213, 96
Trd, 2591876.329, 99
Trd, 2591876.946, 101
Trd, 2591877.479, 103
Trd, 2591877.563, 87
Trd, 2591878.029, 115
Trd, 2591880.713, 111
Trd, 2591880.946, 112
Trd, 2591881.779, 118
Trd, 2591883.179, 119
Trd, 2591884.046, 121
Trd, 2591884.146, 121
Trd, 2591884.646, 100
Trd, 2591885.113, 113
Trd, 2591885.713, 109
Trd, 2591886.329, 103
Trd, 2591886.579, 124
Trd, 2591886.613, 102
Trd, 2591888.029, 104
Trd, 2591888.896, 112
Trd, 2591889.746, 105
Trd, 2591890.846, 104
Trd, 2591891.146, 103
Trd, 2591892.179, 103
Trd, 2591893.929, 101
Trd, 2591894.313, 100
Trd, 2591896.046, 101
Trd, 2591896.313, 102
Trd, 2591896.329, 98
Trd, 2591897.463, 98
Trd, 2591898.363, 100
Trd, 2591898.479, 97
Trd, 2591898.696, 87
Trd, 2591898.763, 105
Trd, 2591901.313, 97
Trd, 2591901.796, 95
Trd, 2591902.446, 109
Trd, 2591902.779, 98
Trd, 2591904.296, 105
Trd, 2591904.946, 87
Trd, 2591905.263, 104
Trd, 2591905.829, 104
Trd, 2591905.913, 114
Trd, 2591906.096, 96
Trd, 2591907.613, 118
Trd, 2591908.513, 105
Trd, 2591908.579, 97
Trd, 2591908.746, 96
Trd, 2591909.296, 81
Trd, 2591911.246, 112
Trd, 2591911.629, 107
Trd, 2591913.579, 105
Trd, 2591913.646, 105
Trd, 2591913.879, 103
Trd, 2591914.329, 102
Trd, 2591915.496, 103
Trd, 2591916.163, 102
Trd, 2591916.213, 103
Trd, 2591916.596, 105
Trd, 2591917.179, 102
Trd, 2591917.729, 102
Trd, 2591918.446, 101
Trd, 2591919.563, 101
Trd, 2591920.213, 102
Trd, 2591922.079, 101
Trd, 2591923.113, 98
Trd, 2591923.713, 99
Trd, 2591924.329, 101
Trd, 2591925.429, 100
Trd, 2591926.229, 101
Trd, 2591926.613, 105
Trd, 2591928.413, 115
Trd, 2591929.196, 111
Trd, 2591930.096, 109
Trd, 2591930.646, 112
Trd, 2591931.596, 118
Trd, 2591931.879, 117
Trd, 2591932.013, 116
Trd, 2591932.029, 112
Trd, 2591932.546, 105
Trd, 2591933.196, 105
Trd, 2591933.363, 101
Trd, 2591934.546, 102
Trd, 2591935.179, 97
Trd, 2591936.613, 100
Trd, 2591937.113, 101
Trd, 2591937.646, 95
Trd, 2591938.396, 104
Trd, 2591938.913, 97
Trd, 2591939.263, 96
Trd, 2591939.363, 101
Trd, 2591940.513, 105
Trd, 2591942.163, 90
Trd, 2591943.663, 104
Trd, 2591943.796, 105
Trd, 2591944.513, 104
Trd, 2591944.913, 101
Trd, 2591946.663, 107
Trd, 2591946.963, 107
Trd, 2591947.163, 106
Trd, 2591947.613, 107
Trd, 2591947.929, 106
Trd, 2591948.229, 101
Trd, 2591948.329, 108
Trd, 2591948.713, 98
Trd, 2591950.713, 112
Trd, 2591951.479, 109
Trd, 2591952.713, 110
Trd, 2591953.446, 111
Trd, 2591953.813, 115
Trd, 2591953.946, 106
Trd, 2591954.929, 106
Trd, 2591955.013, 105
Trd, 2591955.646, 118
Trd, 2591957.879, 99
Trd, 2591958.779, 113
Trd, 2591960.946, 105
Trd, 2591961.796, 106
Trd, 2591962.163, 106
Trd, 2591963.146, 108
Trd, 2591963.429, 108
Trd, 2591963.513, 105
Trd, 2591963.779, 102
Trd, 2591963.796, 101
Trd, 2591963.829, 113
Trd, 2591963.979, 95
Trd, 2591966.146, 105
Trd, 2591966.496, 102
Trd, 2591967.096, 114
Trd, 2591968.479, 104
Trd, 2591968.979, 102
Trd, 2591969.796, 101
Trd, 2591969.863, 108
Trd, 2591970.896, 98
Trd, 2591971.429, 99
Trd, 2591971.863, 100
Trd, 2591971.879, 101
Trd, 2591973.646, 98
Trd, 2591973.813, 98
Trd, 2591974.729, 89
Trd, 2591975.029, 87
Trd, 2591976.479, 97
Trd, 2591977.046, 91
Trd, 2591978.746, 99
Trd, 2591978.896, 100
Trd, 2591978.929, 105
Trd, 2591979.563, 98
Trd, 2591980.146, 108
Trd, 2591980.396, 112
Trd, 2591980.646, 110
Trd, 2591983.429, 108
Trd, 2591983.746, 104
Trd, 2591984.396, 101
Trd, 2591984.613, 95
Trd, 2591986.413, 95
Trd, 2591987.029, 94
Trd, 2591987.313, 83
Trd, 2591987.696, 91
Trd, 2591988.529, 91
Trd, 2591989.729, 103
Trd, 2591991.163, 91
Trd, 2591991.913, 102
Trd, 2591991.979, 103
Trd, 2591992.529, 96
Trd, 2591993.646, 100
Trd, 2591994.013, 105
Trd, 2591994.296, 99
Trd, 2591994.313, 108
Trd, 2591994.546, 99
Trd, 2591995.613, 102
Trd, 2591996.446, 107
Trd, 2591996.629, 102
Trd, 2591996.779, 116
Trd, 2591997.063, 101
Trd, 2591998.129, 112
Trd, 2591998.563, 115
