Trd, 2590657.913, 112
Trd, 2590658.779, 113
Trd, 2590658.863, 111
Trd, 2590659.046, 114
Trd, 2590659.513, 115
Trd, 2590660.213, 109
Trd, 2590660.546, 108
Trd, 2590661.363, 113
Trd, 2590664.963, 113
Trd, 2590666.029, 114
Trd, 2590666.263, 113
Trd, 2590666.729, 114
Trd, 2590667.346, 112
Trd, 2590667.696, 112
Trd, 2590667.763, 113
Trd, 2590668.163, 111
Trd, 2590668.529, 108
Trd, 2590669.013, 104
Trd, 2590669.663, 107
Trd, 2590670.229, 102
Trd, 2590670.296, 106
Trd, 2590670.429, 107
Trd, 2590674.113, 105
Trd, 2590674.363, 103
Trd, 2590674.746, 104
Trd, 2590674.846, 101
Trd, 2590675.813, 94
Trd, 2590676.246, 84
Trd, 2590676.546, 106
Trd, 2590677.496, 105
Trd, 2590677.763, 105
Trd, 2590678.279, 105
Trd, 2590679.596, 106
Trd, 2590681.163, 108
Trd, 2590681.846, 109
Trd, 2590682.179, 107
Trd, 2590682.679, 105
Trd, 2590683.179, 112
Trd, 2590685.379, 101
Trd, 2590685.546, 101
Trd, 2590685.563, 102
Trd, 2590685.746, 102
Trd, 2590686.746, 103
Trd, 2590686.829, 105
Trd, 2590687.213, 112
Trd, 2590687.479, 101
Trd, 2590689.863, 100
Trd, 2590690.529, 106
Trd, 2590690.679, 109
Trd, 2590690.996, 108
Trd, 2590692.079, 110
Trd, 2590693.113, 112
Trd, 2590693.463, 113
Trd, 2590694.013, 112
Trd, 2590695.729, 109
Trd, 2590695.963, 109
Trd, 2590697.063, 109
Trd, 2590697.296, 109
Trd, 2590698.129, 109
Trd, 2590699.013, 115
Trd, 2590699.379, 110
Trd, 2590699.579, 118
Trd, 2590699.946, 108
Trd, 2590700.213, 122
Trd, 2590701.729, 104
Trd, 2590703.329, 111
Trd, 2590703.579, 107
Trd, 2590703.663, 106
Trd, 2590704.446, 110
Trd, 2590705.296, 111
Trd, 2590705.346, 111
Trd, 2590706.096, 110
Trd, 2590707.346, 112
Trd, 2590707.779, 115
Trd, 2590708.179, 109
Trd, 2590709.529, 108
Trd, 2590709.679, 105
Trd, 2590709.963, 117
Trd, 2590710.646, 101
Trd, 2590710.713, 98
Trd, 2590711.346, 94
Trd, 2590711.413, 117
Trd, 2590711.796, 117
Trd, 2590713.579, 115
Trd, 2590714.029, 118
Trd, 2590714.896, 108
Trd, 2590715.913, 109
Trd, 2590717.946, 117
Trd, 2590718.013, 116
Trd, 2590718.363, 115
Trd, 2590718.629, 116
Trd, 2590718.863, 115
Trd, 2590719.529, 113
Trd, 2590719.629, 112
Trd, 2590721.129, 111
Trd, 2590722.646, 106
Trd, 2590722.946, 107
Trd, 2590723.946, 102
Trd, 2590724.429, 104
Trd, 2590724.546, 105
Trd, 2590725.763, 106
Trd, 2590726.479, 105
Trd, 2590727.429, 106
Trd, 2590728.046, 107
Trd, 2590728.296, 108
Trd, 2590728.813, 107
Trd, 2590729.813, 113
Trd, 2590730.663, 103
Trd, 2590730.963, 100
Trd, 2590732.179, 100
Trd, 2590732.746, 111
Trd, 2590732.963, 111
Trd, 2590733.413, 108
Trd, 2590733.829, 108
Trd, 2590734.013, 106
Trd, 2590734.996, 107
Trd, 2590736.963, 104
Trd, 2590737.479, 105
Trd, 2590738.763, 113
Trd, 2590739.013, 111
Trd, 2590740.496, 100
Trd, 2590740.629, 98
Trd, 2590741.113, 96
Trd, 2590741.379, 110
Trd, 2590741.713, 101
Trd, 2590743.446, 113
Trd, 2590743.546, 114
Trd, 2590743.713, 112
Trd, 2590744.063, 114
Trd, 2590745.729, 115
Trd, 2590745.913, 121
Trd, 2590746.813, 115
Trd, 2590747.346, 118
Trd, 2590747.663, 116
Trd, 2590748.279, 116
Trd, 2590748.513, 116
Trd, 2590749.013, 116
Trd, 2590749.796, 110
Trd, 2590751.913, 110
Trd, 2590752.496, 110
Trd, 2590753.413, 124
Trd, 2590753.696, 110
Trd, 2590754.013, 110
Trd, 2590754.196, 125
Trd, 2590754.963, 108
Trd, 2590755.713, 112
Trd, 2590755.729, 105
Trd, 2590756.379, 95
Trd, 2590757.596, 95
Trd, 2590758.046, 95
Trd, 2590758.496, 96
Trd, 2590760.279, 91
Trd, 2590760.513, 92
Trd, 2590760.896, 93
Trd, 2590761.296, 93
Trd, 2590763.113, 100
Trd, 2590763.996, 102
Trd, 2590764.896, 103
Trd, 2590765.513, 103
Trd, 2590765.613, 103
Trd, 2590765.646, 104
Trd, 2590765.896, 103
Trd, 2590766.763, 108
Trd, 2590767.646, 104
Trd, 2590767.713, 101
Trd, 2590768.913, 111
Trd, 2590769.813, 112
Trd, 2590770.663, 112
Trd, 2590770.963, 101
Trd, 2590771.313, 98
Trd, 2590773.046, 108
Trd, 2590773.279, 108
Trd, 2590773.346, 108
Trd, 2590774.313, 108
Trd, 2590774.879, 114
Trd, 2590775.396, 113
Trd, 2590776.346, 113
Trd, 2590776.429, 112
Trd, 2590776.479, 105
Trd, 2590776.946, 115
Trd, 2590779.229, 115
Trd, 2590780.429, 115
Trd, 2590780.596, 116
Trd, 2590782.346, 108
Trd, 2590782.513, 118
Trd, 2590782.663, 122
Trd, 2590783.846, 113
Trd, 2590784.296, 112
Trd, 2590784.979, 109
Trd, 2590786.213, 112
Trd, 2590787.163, 113
Trd, 2590788.196, 113
Trd, 2590788.363, 112
Trd, 2590789.229, 109
Trd, 2590789.913, 108
Trd, 2590790.329, 105
Trd, 2590790.363, 107
Trd, 2590790.996, 107
Trd, 2590791.496, 106
Trd, 2590792.963, 105
Trd, 2590793.196, 106
Trd, 2590793.546, 105
Trd, 2590794.979, 111
Trd, 2590795.696, 104
Trd, 2590795.863, 103
Trd, 2590796.896, 102
Trd, 2590797.363, 113
Trd, 2590798.996, 105
Trd, 2590799.146, 100
Trd, 2590799.913, 102
Trd, 2590800.579, 101
Trd, 2590802.029, 100
Trd, 2590802.379, 99
Trd, 2590802.946, 100
Trd, 2590802.979, 105
Trd, 2590804.296, 102
Trd, 2590804.763, 101
Trd, 2590805.263, 100
Trd, 2590805.613, 105
Trd, 2590806.963, 103
Trd, 2590807.079, 105
Trd, 2590807.313, 105
Trd, 2590807.946, 105
Trd, 2590808.629, 104
Trd, 2590808.696, 107
Trd, 2590809.146, 108
Trd, 2590809.679, 99
Trd, 2590810.029, 114
Trd, 2590811.263, 100
Trd, 2590813.046, 109
Trd, 2590813.513, 111
Trd, 2590814.063, 112
Trd, 2590815.163, 112
Trd, 2590815.396, 112
Trd, 2590816.029, 110
Trd, 2590816.063, 109
Trd, 2590816.313, 113
Trd, 2590817.946, 104
Trd, 2590818.129, 113
Trd, 2590819.063, 102
Trd, 2590819.946, 99
Trd, 2590821.663, 109
Trd, 2590821.946, 100
Trd, 2590822.529, 105
Trd, 2590822.563, 110
Trd, 2590823.546, 115
Trd, 2590825.846, 110
Trd, 2590825.913, 109
Trd, 2590826.213, 109
Trd, 2590826.646, 108
Trd, 2590826.713, 110
Trd, 2590827.796, 100
Trd, 2590829.263, 104
Trd, 2590830.446, 105
Trd, 2590830.996, 108
Trd, 2590832.546, 109
Trd, 2590832.679, 109
Trd, 2590832.813, 108
Trd, 2590832.996, 107
Trd, 2590833.296, 101
Trd, 2590835.879, 104
Trd, 2590836.379, 105
Trd, 2590836.529, 104
Trd, 2590836.596, 115
Trd, 2590836.996, 112
Trd, 2590837.513, 100
Trd, 2590838.663, 101
Trd, 2590838.963, 98
Trd, 2590839.113, 102
Trd, 2590840.346, 105
Trd, 2590840.796, 93
Trd, 2590841.796, 99
Trd, 2590843.246, 94
Trd, 2590843.463, 97
Trd, 2590844.896, 96
Trd, 2590844.963, 95
Trd, 2590845.163, 96
Trd, 2590845.596, 94
Trd, 2590846.129, 86
Trd, 2590846.996, 88
Trd, 2590848.713, 105
Trd, 2590849.296, 108
Trd, 2590849.496, 111
Trd, 2590849.763, 94
Trd, 2590851.146, 104
Trd, 2590852.263, 106
Trd, 2590852.663, 112
Trd, 2590853.963, 113
Trd, 2590854.279, 114
Trd, 2590854.779, 108
Trd, 2590856.829, 108
Trd, 2590857.313, 108
Trd, 2590857.429, 105
Trd, 2590857.813, 102
Trd, 2590858.529, 110
Trd, 2590858.896, 105
Trd, 2590860.146, 111
Trd, 2590860.429, 105
Trd, 2590860.829, 112
Trd, 2590862.346, 102
Trd, 2590862.563, 101
Trd, 2590863.979, 104
Trd, 2590864.096, 101
Trd, 2590864.113, 103
Trd, 2590864.863, 100
Trd, 2590864.929, 101
Trd, 2590866.179, 103
Trd, 2590867.996, 104
Trd, 2590868.196, 104
Trd, 2590868.496, 100
Trd, 2590869.329, 105
Trd, 2590870.229, 108
Trd, 2590872.479, 106
Trd, 2590874.396, 105
Trd, 2590874.879, 98
Trd, 2590875.313, 102
Trd, 2590875.679, 111
Trd, 2590877.029, 111
Trd, 2590877.146, 112
Trd, 2590878.646, 113
Trd, 2590878.846, 112
Trd, 2590879.196, 111
Trd, 2590879.663, 105
Trd, 2590879.863, 110
Trd, 2590880.263, 110
Trd, 2590881.579, 110
Trd, 2590882.029, 112
Trd, 2590882.063, 115
Trd, 2590882.396, 113
Trd, 2590883.813, 117
Trd, 2590884.029, 118
Trd, 2590884.829, 117
Trd, 2590884.913, 122
Trd, 2590885.179, 105
Trd, 2590886.613, 100
Trd, 2590887.379, 108
Trd, 2590888.446, 105
Trd, 2590888.863, 101
Trd, 2590889.146, 98
Trd, 2590889.829, 99
Trd, 2590890.796, 100
Trd, 2590891.063, 99
Trd, 2590891.279, 101
Trd, 2590891.446, 108
Trd, 2590891.663, 99
Trd, 2590891.746, 98
Trd, 2590893.713, 111
Trd, 2590894.879, 106
Trd, 2590895.579, 107
Trd, 2590896.479, 111
Trd, 2590896.979, 113
Trd, 2590898.213, 108
Trd, 2590898.829, 111
Trd, 2590898.979, 110
Trd, 2590899.979, 109
Trd, 2590900.413, 108
Trd, 2590900.463, 105
Trd, 2590900.713, 104
Trd, 2590902.079, 108
Trd, 2590902.229, 108
Trd, 2590902.846, 110
Trd, 2590903.663, 115
Trd, 2590904.196, 112
Trd, 2590904.379, 111
Trd, 2590904.729, 108
Trd, 2590906.763, 103
Trd, 2590907.029, 100
Trd, 2590908.896, 101
Trd, 2590909.379, 100
Trd, 2590910.296, 100
Trd, 2590910.546, 105
Trd, 2590910.563, 105
Trd, 2590910.896, 98
Trd, 2590912.413, 104
Trd, 2590912.863, 103
Trd, 2590913.496, 105
Trd, 2590914.479, 102
Trd, 2590914.513, 106
Trd, 2590915.013, 98
Trd, 2590916.096, 95
Trd, 2590918.196, 102
Trd, 2590918.313, 102
Trd, 2590918.613, 102
Trd, 2590919.246, 103
Trd, 2590919.379, 101
Trd, 2590919.979, 105
Trd, 2590920.196, 105
Trd, 2590921.996, 107
Trd, 2590922.363, 106
Trd, 2590922.846, 106
Trd, 2590923.813, 106
Trd, 2590924.213, 104
Trd, 2590924.446, 108
Trd, 2590925.963, 114
Trd, 2590928.279, 107
Trd, 2590929.129, 110
Trd, 2590929.446, 109
Trd, 2590929.696, 108
Trd, 2590930.729, 108
Trd, 2590930.813, 103
Trd, 2590931.363, 106
Trd, 2590931.613, 105
Trd, 2590931.929, 104
Trd, 2590932.763, 101
Trd, 2590932.829, 98
Trd, 2590933.129, 105
Trd, 2590934.046, 115
Trd, 2590934.246, 95
Trd, 2590935.913, 113
Trd, 2590935.963, 114
Trd, 2590936.163, 99
Trd, 2590936.696, 99
Trd, 2590938.179, 114
Trd, 2590939.013, 115
Trd, 2590939.663, 113
Trd, 2590940.096, 112
Trd, 2590941.379, 110
Trd, 2590942.113, 114
Trd, 2590942.513, 113
Trd, 2590942.846, 109
Trd, 2590943.113, 112
Trd, 2590944.229, 109
Trd, 2590944.296, 108
Trd, 2590946.763, 107
Trd, 2590947.879, 101
Trd, 2590947.996, 108
Trd, 2590948.746, 100
Trd, 2590950.313, 100
Trd, 2590950.513, 114
Trd, 2590950.963, 105
Trd, 2590951.829, 110
Trd, 2590952.729, 110
Trd, 2590953.013, 106
Trd, 2590953.079, 104
Trd, 2590953.563, 101
Trd, 2590953.696, 109
Trd, 2590955.396, 99
Trd, 2590956.646, 105
Trd, 2590957.696, 115
Trd, 2590958.829, 110
Trd, 2590959.163, 109
Trd, 2590959.263, 108
Trd, 2590959.913, 110
Trd, 2590960.713, 110
Trd, 2590961.029, 109
Trd, 2590961.646, 109
Trd, 2590961.879, 110
Trd, 2590962.813, 109
Trd, 2590963.396, 108
Trd, 2590963.529, 107
Trd, 2590963.546, 108
Trd, 2590963.779, 112
Trd, 2590964.379, 108
Trd, 2590965.846, 118
Trd, 2590966.329, 117
Trd, 2590967.829, 115
Trd, 2590968.496, 115
Trd, 2590969.996, 113
Trd, 2590970.163, 104
Trd, 2590970.429, 100
Trd, 2590970.929, 98
Trd, 2590971.596, 111
Trd, 2590972.596, 109
Trd, 2590973.296, 105
Trd, 2590973.463, 112
Trd, 2590974.796, 108
Trd, 2590976.179, 110
Trd, 2590976.596, 110
Trd, 2590977.213, 112
Trd, 2590977.746, 110
Trd, 2590978.613, 109
Trd, 2590978.979, 101
Trd, 2590979.663, 104
Trd, 2590980.163, 105
Trd, 2590980.613, 104
Trd, 2590981.996, 105
Trd, 2590982.963, 103
Trd, 2590983.329, 99
Trd, 2590984.146, 98
Trd, 2590984.363, 98
Trd, 2590984.729, 95
Trd, 2590984.879, 94
Trd, 2590985.096, 99
Trd, 2590985.363, 100
Trd, 2590985.379, 108
Trd, 2590988.763, 112
Trd, 2590989.213, 111
Trd, 2590990.413, 113
Trd, 2590990.446, 112
Trd, 2590990.746, 105
Trd, 2590990.996, 115
Trd, 2590992.796, 107
Trd, 2590993.763, 108
Trd, 2590994.363, 108
Trd, 2590994.396, 112
Trd, 2590994.613, 113
Trd, 2590994.729, 112
Trd, 2590995.113, 107
Trd, 2590996.763, 106
Trd, 2590996.946, 103
Trd, 2590997.163, 102
Trd, 2590998.796, 111
Trd, 2591000.013, 109
Trd, 2591001.096, 109
Trd, 2591001.613, 104
Trd, 2591004.829, 106
Trd, 2591004.996, 105
Trd, 2591005.396, 107
Trd, 2591006.229, 105
Trd, 2591006.463, 104
Trd, 2591006.563, 106
Trd, 2591006.863, 101
Trd, 2591008.063, 108
Trd, 2591008.279, 98
Trd, 2591008.779, 112
Trd, 2591010.463, 106
Trd, 2591012.129, 100
Trd, 2591012.979, 103
Trd, 2591013.479, 105
Trd, 2591014.429, 111
Trd, 2591014.696, 111
Trd, 2591014.796, 112
Trd, 2591015.979, 113
Trd, 2591016.879, 113
Trd, 2591017.046, 114
Trd, 2591018.079, 114
Trd, 2591019.563, 111
Trd, 2591020.163, 109
Trd, 2591020.563, 110
Trd, 2591020.946, 105
Trd, 2591021.163, 110
Trd, 2591021.246, 111
Trd, 2591021.546, 104
Trd, 2591021.946, 104
Trd, 2591022.829, 102
Trd, 2591023.346, 108
Trd, 2591024.879, 111
Trd, 2591025.263, 112
Trd, 2591025.696, 102
Trd, 2591027.313, 110
Trd, 2591028.446, 101
Trd, 2591028.946, 101
Trd, 2591029.329, 106
Trd, 2591030.663, 105
Trd, 2591031.629, 109
Trd, 2591031.763, 111
Trd, 2591032.079, 108
Trd, 2591032.613, 111
Trd, 2591033.546, 111
Trd, 2591034.046, 113
Trd, 2591034.096, 115
Trd, 2591034.896, 113
Trd, 2591035.446, 114
Trd, 2591036.013, 116
Trd, 2591036.046, 114
Trd, 2591036.113, 113
Trd, 2591036.663, 112
Trd, 2591037.113, 105
Trd, 2591039.846, 112
Trd, 2591040.313, 108
Trd, 2591041.213, 109
Trd, 2591041.429, 109
Trd, 2591041.646, 115
Trd, 2591042.413, 107
Trd, 2591044.446, 104
Trd, 2591044.946, 103
Trd, 2591045.379, 104
Trd, 2591045.546, 101
Trd, 2591046.096, 104
Trd, 2591046.246, 103
Trd, 2591047.046, 104
Trd, 2591047.179, 105
Trd, 2591048.229, 103
Trd, 2591048.563, 100
Trd, 2591049.229, 108
Trd, 2591049.263, 112
Trd, 2591049.463, 100
Trd, 2591049.546, 94
Trd, 2591050.163, 83
Trd, 2591051.429, 82
Trd, 2591053.696, 110
Trd, 2591054.029, 111
Trd, 2591054.179, 95
Trd, 2591054.663, 88
Trd, 2591054.963, 109
Trd, 2591056.346, 103
Trd, 2591056.629, 108
Trd, 2591058.313, 107
Trd, 2591058.713, 106
Trd, 2591059.779, 105
Trd, 2591060.679, 102
Trd, 2591061.246, 101
Trd, 2591061.979, 108
Trd, 2591062.246, 96
Trd, 2591062.279, 112
Trd, 2591063.896, 101
Trd, 2591064.796, 103
Trd, 2591065.363, 103
Trd, 2591066.479, 103
Trd, 2591066.946, 101
Trd, 2591067.163, 100
Trd, 2591067.346, 94
Trd, 2591067.846, 105
Trd, 2591068.796, 84
Trd, 2591068.846, 97
Trd, 2591070.529, 108
Trd, 2591073.296, 101
Trd, 2591073.713, 101
Trd, 2591074.229, 104
Trd, 2591074.429, 103
Trd, 2591075.513, 104
Trd, 2591075.596, 106
Trd, 2591075.696, 115
Trd, 2591076.779, 106
Trd, 2591077.113, 105
Trd, 2591077.529, 98
Trd, 2591080.029, 107
Trd, 2591080.079, 108
Trd, 2591081.246, 107
Trd, 2591082.546, 109
Trd, 2591083.513, 108
Trd, 2591084.179, 107
Trd, 2591084.213, 106
Trd, 2591084.463, 106
Trd, 2591084.479, 103
Trd, 2591084.546, 100
Trd, 2591085.629, 100
Trd, 2591086.296, 98
Trd, 2591086.446, 107
Trd, 2591086.979, 85
Trd, 2591089.129, 103
Trd, 2591089.179, 117
Trd, 2591089.463, 96
Trd, 2591090.529, 113
Trd, 2591091.679, 103
Trd, 2591092.296, 115
Trd, 2591093.279, 108
Trd, 2591093.863, 110
Trd, 2591095.363, 111
Trd, 2591095.629, 110
Trd, 2591096.429, 112
Trd, 2591097.129, 115
Trd, 2591097.263, 115
Trd, 2591097.679, 112
Trd, 2591098.629, 111
Trd, 2591099.713, 110
Trd, 2591100.163, 113
Trd, 2591101.329, 112
Trd, 2591101.879, 113
Trd, 2591102.079, 108
Trd, 2591102.229, 108
Trd, 2591103.079, 106
Trd, 2591104.529, 113
Trd, 2591104.963, 115
Trd, 2591105.163, 103
Trd, 2591106.979, 104
Trd, 2591108.029, 104
Trd, 2591108.696, 104
Trd, 2591109.313, 106
Trd, 2591109.546, 108
Trd, 2591110.296, 108
Trd, 2591110.679, 106
Trd, 2591110.763, 108
Trd, 2591111.613, 107
Trd, 2591111.779, 105
Trd, 2591112.163, 101
Trd, 2591113.129, 99
Trd, 2591113.713, 98
Trd, 2591114.596, 94
Trd, 2591115.946, 114
Trd, 2591116.763, 99
Trd, 2591117.113, 115
Trd, 2591117.796, 117
Trd, 2591117.946, 118
Trd, 2591118.629, 105
Trd, 2591119.279, 113
Trd, 2591120.479, 113
Trd, 2591121.096, 114
Trd, 2591121.179, 113
Trd, 2591121.379, 114
Trd, 2591121.579, 113
Trd, 2591122.179, 113
Trd, 2591122.313, 112
Trd, 2591122.863, 109
Trd, 2591123.529, 108
Trd, 2591125.413, 108
Trd, 2591125.713, 107
Trd, 2591126.896, 108
Trd, 2591127.213, 108
Trd, 2591128.079, 106
Trd, 2591128.113, 98
Trd, 2591128.363, 94
Trd, 2591129.779, 108
Trd, 2591130.096, 109
Trd, 2591131.446, 112
Trd, 2591132.079, 106
Trd, 2591132.329, 106
Trd, 2591134.629, 108
Trd, 2591135.429, 109
Trd, 2591136.196, 106
Trd, 2591136.713, 108
Trd, 2591137.196, 107
Trd, 2591137.929, 107
Trd, 2591138.213, 102
Trd, 2591138.746, 102
Trd, 2591140.163, 106
Trd, 2591140.346, 101
Trd, 2591140.813, 104
Trd, 2591140.829, 105
Trd, 2591140.846, 108
Trd, 2591141.496, 100
Trd, 2591142.729, 98
Trd, 2591142.763, 113
Trd, 2591142.829, 97
Trd, 2591143.929, 96
Trd, 2591144.279, 96
Trd, 2591145.929, 105
Trd, 2591146.446, 105
Trd, 2591146.963, 104
Trd, 2591147.663, 102
Trd, 2591148.613, 103
Trd, 2591148.763, 106
Trd, 2591148.879, 115
Trd, 2591152.529, 108
Trd, 2591152.696, 108
Trd, 2591153.046, 107
Trd, 2591153.429, 99
Trd, 2591154.546, 112
Trd, 2591155.513, 111
Trd, 2591155.579, 112
Trd, 2591156.329, 113
Trd, 2591157.196, 115
Trd, 2591158.613, 114
Trd, 2591159.879, 114
Trd, 2591160.263, 115
Trd, 2591160.579, 114
Trd, 2591161.446, 114
Trd, 2591161.629, 108
Trd, 2591162.629, 108
Trd, 2591163.679, 105
Trd, 2591164.163, 103
Trd, 2591164.496, 104
Trd, 2591166.196, 101
Trd, 2591166.846, 103
Trd, 2591167.396, 103
Trd, 2591167.896, 104
Trd, 2591167.929, 103
Trd, 2591168.463, 104
Trd, 2591168.646, 105
Trd, 2591169.063, 104
Trd, 2591169.813, 98
Trd, 2591171.379, 104
Trd, 2591171.996, 105
Trd, 2591172.713, 106
Trd, 2591174.113, 108
Trd, 2591174.713, 110
Trd, 2591174.896, 109
Trd, 2591175.579, 96
Trd, 2591176.463, 111
Trd, 2591177.046, 96
Trd, 2591177.379, 96
Trd, 2591178.579, 112
Trd, 2591179.546, 112
Trd, 2591179.913, 95
Trd, 2591180.779, 114
Trd, 2591181.796, 112
Trd, 2591181.896, 106
Trd, 2591182.079, 105
Trd, 2591182.696, 104
Trd, 2591183.896, 106
Trd, 2591184.346, 105
Trd, 2591184.713, 100
Trd, 2591185.513, 107
Trd, 2591187.663, 92
Trd, 2591188.129, 91
Trd, 2591188.663, 104
Trd, 2591189.129, 104
Trd, 2591189.496, 96
Trd, 2591190.629, 105
Trd, 2591191.196, 105
Trd, 2591191.863, 108
Trd, 2591192.529, 110
Trd, 2591193.096, 114
Trd, 2591193.246, 110
Trd, 2591193.396, 116
Trd, 2591193.879, 113
Trd, 2591195.279, 116
Trd, 2591195.496, 114
Trd, 2591195.729, 116
Trd, 2591196.229, 113
Trd, 2591196.263, 112
Trd, 2591196.796, 108
Trd, 2591198.796, 102
Trd, 2591200.329, 109
Trd, 2591201.013, 108
Trd, 2591201.146, 106
Trd, 2591203.413, 107
Trd, 2591203.646, 104
Trd, 2591205.246, 103
Trd, 2591205.779, 101
Trd, 2591205.946, 98
Trd, 2591206.263, 94
Trd, 2591207.246, 103
Trd, 2591207.496, 112
Trd, 2591208.229, 113
Trd, 2591208.579, 96
Trd, 2591209.713, 115
Trd, 2591209.829, 103
Trd, 2591211.429, 110
Trd, 2591211.746, 111
Trd, 2591211.963, 111
Trd, 2591212.363, 112
Trd, 2591212.613, 112
Trd, 2591212.979, 113
Trd, 2591213.263, 114
Trd, 2591213.563, 115
Trd, 2591214.396, 118
Trd, 2591214.929, 114
Trd, 2591215.163, 113
Trd, 2591217.546, 116
Trd, 2591217.779, 115
Trd, 2591218.146, 113
Trd, 2591218.646, 111
Trd, 2591218.979, 111
Trd, 2591219.496, 122
Trd, 2591219.663, 108
Trd, 2591219.996, 99
Trd, 2591222.079, 121
Trd, 2591222.829, 99
Trd, 2591224.713, 96
Trd, 2591226.696, 107
Trd, 2591226.946, 104
Trd, 2591227.229, 105
Trd, 2591227.529, 107
Trd, 2591227.963, 106
Trd, 2591228.113, 106
Trd, 2591228.179, 105
Trd, 2591228.346, 104
Trd, 2591228.729, 98
Trd, 2591229.963, 87
Trd, 2591230.046, 106
Trd, 2591230.996, 107
Trd, 2591232.429, 103
Trd, 2591232.979, 104
Trd, 2591233.113, 105
Trd, 2591233.696, 104
Trd, 2591234.546, 106
Trd, 2591235.746, 105
Trd, 2591235.913, 108
Trd, 2591235.996, 101
Trd, 2591236.479, 104
Trd, 2591237.146, 108
Trd, 2591237.646, 108
Trd, 2591238.179, 105
Trd, 2591239.613, 92
Trd, 2591239.679, 105
Trd, 2591240.546, 103
Trd, 2591242.479, 102
Trd, 2591243.229, 110
Trd, 2591243.713, 105
Trd, 2591243.829, 112
Trd, 2591244.696, 101
Trd, 2591245.013, 111
Trd, 2591245.813, 110
Trd, 2591247.479, 103
Trd, 2591247.846, 104
Trd, 2591248.013, 104
Trd, 2591249.063, 108
Trd, 2591249.196, 106
Trd, 2591250.429, 113
Trd, 2591250.513, 99
Trd, 2591250.713, 98
Trd, 2591250.729, 94
Trd, 2591251.646, 111
Trd, 2591252.713, 112
Trd, 2591254.629, 111
Trd, 2591254.646, 105
Trd, 2591254.796, 104
Trd, 2591258.446, 106
Trd, 2591258.896, 105
Trd, 2591259.313, 104
Trd, 2591259.746, 105
Trd, 2591260.646, 105
Trd, 2591260.729, 103
Trd, 2591261.346, 105
Trd, 2591261.479, 108
Trd, 2591262.046, 102
Trd, 2591262.229, 103
Trd, 2591263.313, 112
Trd, 2591263.646, 102
Trd, 2591264.029, 108
Trd, 2591264.479, 101
Trd, 2591264.646, 98
Trd, 2591265.113, 110
Trd, 2591270.213, 107
Trd, 2591270.379, 107
Trd, 2591270.713, 111
Trd, 2591270.929, 115
Trd, 2591270.946, 106
Trd, 2591271.113, 105
Trd, 2591271.696, 101
Trd, 2591271.879, 100
Trd, 2591272.596, 98
Trd, 2591274.513, 113
Trd, 2591274.629, 112
Trd, 2591276.729, 101
Trd, 2591277.363, 96
Trd, 2591278.079, 95
Trd, 2591278.146, 94
Trd, 2591278.479, 92
Trd, 2591278.763, 92
Trd, 2591279.363, 92
Trd, 2591279.496, 82
Trd, 2591280.879, 91
Trd, 2591282.063, 91
Trd, 2591282.113, 91
Trd, 2591283.063, 105
Trd, 2591283.263, 99
Trd, 2591283.546, 98
Trd, 2591285.446, 104
Trd, 2591285.679, 106
Trd, 2591285.829, 104
Trd, 2591286.263, 108
Trd, 2591287.563, 112
Trd, 2591288.496, 111
Trd, 2591288.663, 112
Trd, 2591289.513, 108
Trd, 2591289.629, 112
Trd, 2591289.696, 113
Trd, 2591291.729, 105
Trd, 2591292.113, 102
Trd, 2591292.796, 114
Trd, 2591293.663, 102
Trd, 2591294.396, 116
Trd, 2591294.646, 115
Trd, 2591294.679, 112
Trd, 2591296.713, 102
Trd, 2591297.713, 117
Trd, 2591299.413, 106
Trd, 2591299.429, 104
Trd, 2591300.029, 105
Trd, 2591300.079, 102
Trd, 2591300.513, 106
Trd, 2591302.029, 102
Trd, 2591302.696, 101
Trd, 2591302.963, 99
Trd, 2591304.446, 104
Trd, 2591304.846, 104
Trd, 2591305.263, 103
Trd, 2591305.463, 100
Trd, 2591306.829, 103
Trd, 2591306.929, 105
Trd, 2591307.163, 104
Trd, 2591308.879, 106
Trd, 2591309.079, 105
Trd, 2591310.646, 108
Trd, 2591311.779, 113
Trd, 2591312.163, 107
Trd, 2591312.179, 98
Trd, 2591313.629, 101
Trd, 2591315.079, 98
Trd, 2591315.896, 99
Trd, 2591316.146, 100
Trd, 2591317.713, 99
Trd, 2591318.163, 99
Trd, 2591318.596, 103
Trd, 2591318.846, 105
Trd, 2591319.896, 103
Trd, 2591320.163, 103
Trd, 2591320.229, 108
Trd, 2591320.679, 98
Trd, 2591320.746, 115
Trd, 2591321.413, 79
Trd, 2591321.446, 78
Trd, 2591321.696, 105
Trd, 2591322.213, 79
Trd, 2591322.396, 78
Trd, 2591324.013, 80
Trd, 2591324.546, 92
Trd, 2591324.563, 80
Trd, 2591325.363, 112
Trd, 2591326.596, 114
Trd, 2591327.346, 86
Trd, 2591327.896, 112
Trd, 2591328.363, 116
Trd, 2591330.313, 108
Trd, 2591330.446, 108
Trd, 2591330.546, 108
Trd, 2591331.129, 108
Trd, 2591332.096, 111
Trd, 2591332.246, 108
Trd, 2591333.363, 110
Trd, 2591334.029, 111
Trd, 2591334.713, 115
Trd, 2591335.379, 115
Trd, 2591335.563, 112
Trd, 2591335.596, 99
Trd, 2591335.979, 114
Trd, 2591336.329, 98
Trd, 2591337.513, 95
Trd, 2591338.963, 112
Trd, 2591340.363, 118
Trd, 2591341.013, 105
Trd, 2591341.296, 103
Trd, 2591341.863, 102
Trd, 2591341.913, 104
Trd, 2591343.246, 105
Trd, 2591343.313, 104
Trd, 2591344.029, 113
Trd, 2591344.229, 103
Trd, 2591344.463, 98
Trd, 2591344.779, 113
Trd, 2591345.079, 94
Trd, 2591345.513, 112
Trd, 2591345.763, 81
Trd, 2591345.913, 80
Trd, 2591347.396, 111
Trd, 2591347.929, 115
Trd, 2591348.929, 102
Trd, 2591349.963, 109
Trd, 2591350.913, 109
Trd, 2591351.879, 111
Trd, 2591352.696, 112
Trd, 2591353.529, 114
Trd, 2591354.479, 111
Trd, 2591356.529, 114
Trd, 2591356.913, 115
Trd, 2591357.196, 114
Trd, 2591358.029, 110
Trd, 2591358.096, 108
Trd, 2591358.613, 114
Trd, 2591359.313, 105
Trd, 2591359.629, 101
Trd, 2591360.329, 112
Trd, 2591360.763, 99
Trd, 2591362.229, 108
Trd, 2591363.079, 107
Trd, 2591363.096, 108
Trd, 2591363.779, 117
Trd, 2591364.146, 111
Trd, 2591364.379, 111
Trd, 2591364.696, 108
Trd, 2591365.463, 112
Trd, 2591367.163, 103
Trd, 2591367.496, 102
Trd, 2591367.546, 101
Trd, 2591368.196, 101
Trd, 2591368.863, 98
Trd, 2591369.296, 97
Trd, 2591369.429, 105
Trd, 2591370.829, 106
Trd, 2591371.929, 108
Trd, 2591372.996, 112
Trd, 2591373.746, 113
Trd, 2591373.846, 113
Trd, 2591373.913, 112
Trd, 2591375.396, 103
Trd, 2591375.679, 112
Trd, 2591376.279, 108
Trd, 2591376.713, 99
Trd, 2591376.929, 97
Trd, 2591377.729, 111
Trd, 2591378.396, 117
Trd, 2591380.579, 105
Trd, 2591380.763, 99
Trd, 2591381.246, 98
Trd, 2591382.463, 110
Trd, 2591385.179, 114
Trd, 2591385.846, 114
Trd, 2591386.113, 113
Trd, 2591386.696, 113
Trd, 2591386.796, 112
Trd, 2591387.829, 113
Trd, 2591387.863, 112
Trd, 2591388.379, 112
Trd, 2591388.596, 108
Trd, 2591389.179, 104
Trd, 2591389.496, 101
Trd, 2591389.979, 115
Trd, 2591391.613, 117
Trd, 2591392.813, 112
Trd, 2591393.579, 118
Trd, 2591394.046, 115
Trd, 2591394.063, 113
Trd, 2591395.079, 112
Trd, 2591395.396, 115
Trd, 2591397.563, 115
Trd, 2591397.663, 115
Trd, 2591398.979, 110
Trd, 2591399.929, 109
Trd, 2591400.629, 110
Trd, 2591401.196, 108
Trd, 2591401.779, 110
Trd, 2591402.013, 108
Trd, 2591402.579, 106
Trd, 2591403.029, 106
Trd, 2591403.729, 107
Trd, 2591405.463, 105
Trd, 2591405.746, 100
Trd, 2591406.163, 98
Trd, 2591406.846, 95
Trd, 2591407.229, 94
Trd, 2591407.463, 85
Trd, 2591407.863, 84
Trd, 2591408.079, 104
Trd, 2591409.163, 108
Trd, 2591410.796, 101
Trd, 2591411.296, 105
Trd, 2591411.813, 111
Trd, 2591411.829, 112
Trd, 2591413.179, 112
Trd, 2591413.429, 112
Trd, 2591414.296, 112
Trd, 2591415.513, 113
Trd, 2591415.779, 113
Trd, 2591417.079, 113
Trd, 2591417.729, 108
Trd, 2591418.663, 108
Trd, 2591419.463, 108
Trd, 2591419.613, 109
Trd, 2591420.613, 109
Trd, 2591421.079, 106
Trd, 2591421.613, 105
Trd, 2591421.746, 101
Trd, 2591421.896, 111
Trd, 2591422.263, 99
Trd, 2591423.196, 114
Trd, 2591423.729, 98
Trd, 2591426.146, 115
Trd, 2591426.629, 102
Trd, 2591427.213, 101
Trd, 2591428.596, 112
Trd, 2591429.513, 111
Trd, 2591429.913, 110
Trd, 2591430.263, 109
Trd, 2591430.579, 111
Trd, 2591430.713, 112
Trd, 2591432.013, 108
Trd, 2591432.346, 110
Trd, 2591433.329, 110
Trd, 2591433.846, 111
Trd, 2591434.213, 110
Trd, 2591434.429, 105
Trd, 2591434.913, 104
Trd, 2591436.613, 95
Trd, 2591436.913, 94
Trd, 2591437.363, 98
Trd, 2591437.696, 91
Trd, 2591439.413, 97
Trd, 2591439.579, 99
Trd, 2591439.896, 94
Trd, 2591441.013, 111
Trd, 2591441.513, 112
Trd, 2591441.613, 103
Trd, 2591442.629, 114
Trd, 2591442.729, 113
Trd, 2591443.046, 110
Trd, 2591444.229, 113
Trd, 2591444.496, 113
Trd, 2591445.129, 112
Trd, 2591447.063, 113
Trd, 2591447.146, 114
Trd, 2591447.546, 115
Trd, 2591447.646, 113
Trd, 2591447.913, 112
Trd, 2591449.629, 109
Trd, 2591450.063, 108
Trd, 2591450.196, 102
Trd, 2591451.496, 108
Trd, 2591451.779, 105
Trd, 2591453.379, 105
Trd, 2591453.679, 106
Trd, 2591454.329, 104
Trd, 2591454.763, 101
Trd, 2591454.946, 98
Trd, 2591455.313, 107
Trd, 2591455.779, 95
Trd, 2591456.113, 108
Trd, 2591458.579, 102
Trd, 2591460.096, 108
Trd, 2591460.579, 111
Trd, 2591460.596, 113
Trd, 2591463.129, 115
Trd, 2591464.213, 115
Trd, 2591464.313, 115
Trd, 2591464.379, 112
Trd, 2591465.579, 111
Trd, 2591465.779, 112
Trd, 2591466.629, 113
Trd, 2591466.746, 114
Trd, 2591467.429, 117
Trd, 2591467.513, 113
Trd, 2591468.129, 114
Trd, 2591468.296, 118
Trd, 2591468.829, 104
Trd, 2591468.846, 101
Trd, 2591469.563, 112
Trd, 2591470.046, 109
Trd, 2591472.629, 109
Trd, 2591472.946, 108
Trd, 2591473.296, 99
Trd, 2591473.413, 101
Trd, 2591473.863, 109
Trd, 2591474.479, 105
Trd, 2591475.446, 103
Trd, 2591475.713, 102
Trd, 2591475.796, 105
Trd, 2591476.179, 99
Trd, 2591477.413, 104
Trd, 2591478.346, 106
Trd, 2591479.213, 107
Trd, 2591479.863, 107
Trd, 2591480.996, 109
Trd, 2591481.179, 114
Trd, 2591481.796, 109
Trd, 2591483.263, 108
Trd, 2591484.029, 108
Trd, 2591485.563, 105
Trd, 2591485.996, 101
Trd, 2591486.696, 105
Trd, 2591486.763, 103
Trd, 2591488.613, 104
Trd, 2591488.629, 101
Trd, 2591489.179, 105
Trd, 2591490.413, 108
Trd, 2591490.679, 112
Trd, 2591490.796, 108
Trd, 2591491.363, 107
Trd, 2591491.513, 114
Trd, 2591492.313, 114
Trd, 2591494.446, 98
Trd, 2591496.413, 104
Trd, 2591496.846, 102
Trd, 2591497.096, 105
Trd, 2591497.279, 105
Trd, 2591497.563, 107
Trd, 2591498.146, 108
Trd, 2591498.229, 107
Trd, 2591499.413, 109
Trd, 2591500.613, 110
Trd, 2591501.129, 105
Trd, 2591501.146, 112
Trd, 2591501.263, 101
Trd, 2591502.696, 112
Trd, 2591503.279, 106
Trd, 2591505.879, 111
Trd, 2591506.463, 108
Trd, 2591508.096, 107
Trd, 2591508.246, 106
Trd, 2591508.329, 103
Trd, 2591509.629, 101
Trd, 2591510.029, 106
Trd, 2591510.196, 98
Trd, 2591510.496, 94
Trd, 2591511.463, 103
Trd, 2591511.513, 108
Trd, 2591513.013, 108
Trd, 2591514.046, 107
Trd, 2591514.313, 107
Trd, 2591514.679, 108
Trd, 2591515.229, 112
Trd, 2591515.329, 111
Trd, 2591515.396, 110
Trd, 2591515.596, 110
Trd, 2591516.846, 108
Trd, 2591517.146, 118
Trd, 2591518.263, 120
Trd, 2591519.196, 111
Trd, 2591520.163, 111
Trd, 2591522.329, 106
Trd, 2591522.646, 104
Trd, 2591522.913, 105
Trd, 2591523.079, 103
Trd, 2591523.163, 105
Trd, 2591523.296, 101
Trd, 2591523.846, 99
Trd, 2591524.029, 98
Trd, 2591524.546, 117
Trd, 2591525.246, 112
Trd, 2591526.763, 112
Trd, 2591527.513, 103
Trd, 2591528.479, 103
Trd, 2591530.279, 109
Trd, 2591531.046, 106
Trd, 2591531.563, 108
Trd, 2591531.963, 109
Trd, 2591532.613, 110
Trd, 2591532.713, 115
Trd, 2591533.463, 100
Trd, 2591533.729, 104
Trd, 2591534.079, 108
Trd, 2591536.846, 109
Trd, 2591536.879, 99
Trd, 2591537.846, 109
Trd, 2591538.146, 101
Trd, 2591538.213, 99
Trd, 2591538.613, 98
Trd, 2591538.663, 109
Trd, 2591538.996, 94
Trd, 2591539.329, 105
Trd, 2591542.729, 98
Trd, 2591542.846, 100
Trd, 2591543.113, 100
Trd, 2591543.229, 98
Trd, 2591543.296, 96
Trd, 2591544.463, 101
Trd, 2591545.029, 105
Trd, 2591545.629, 112
Trd, 2591546.929, 112
Trd, 2591547.146, 113
Trd, 2591547.429, 108
Trd, 2591548.529, 107
Trd, 2591549.729, 105
Trd, 2591549.996, 104
Trd, 2591550.113, 105
Trd, 2591550.529, 103
Trd, 2591550.963, 103
Trd, 2591551.429, 102
Trd, 2591551.596, 102
Trd, 2591552.213, 101
Trd, 2591554.163, 105
Trd, 2591554.379, 102
Trd, 2591554.996, 105
Trd, 2591555.229, 105
Trd, 2591555.696, 105
Trd, 2591556.863, 108
Trd, 2591557.363, 105
Trd, 2591557.496, 104
Trd, 2591558.313, 100
Trd, 2591559.146, 98
Trd, 2591559.413, 97
Trd, 2591560.946, 114
Trd, 2591560.996, 100
Trd, 2591561.829, 111
Trd, 2591562.979, 106
Trd, 2591564.263, 105
Trd, 2591564.813, 106
Trd, 2591565.329, 104
Trd, 2591565.513, 94
Trd, 2591565.929, 111
Trd, 2591567.996, 109
Trd, 2591568.196, 109
Trd, 2591568.579, 110
Trd, 2591569.146, 92
Trd, 2591570.846, 111
Trd, 2591571.846, 111
Trd, 2591571.896, 110
Trd, 2591572.113, 106
Trd, 2591572.663, 112
Trd, 2591573.579, 111
Trd, 2591574.346, 114
Trd, 2591574.513, 115
Trd, 2591574.729, 115
Trd, 2591576.179, 116
Trd, 2591576.846, 115
Trd, 2591577.046, 123
Trd, 2591577.879, 112
Trd, 2591578.063, 112
Trd, 2591578.213, 113
Trd, 2591578.413, 108
Trd, 2591578.896, 104
Trd, 2591581.279, 107
Trd, 2591582.463, 107
Trd, 2591582.496, 112
Trd, 2591583.313, 108
Trd, 2591584.063, 109
Trd, 2591585.013, 110
Trd, 2591585.363, 109
Trd, 2591585.896, 106
Trd, 2591586.596, 105
Trd, 2591588.313, 102
Trd, 2591588.913, 103
Trd, 2591589.013, 105
Trd, 2591589.429, 107
Trd, 2591590.579, 106
Trd, 2591591.163, 107
Trd, 2591591.329, 106
Trd, 2591592.446, 101
Trd, 2591592.846, 98
Trd, 2591595.696, 105
Trd, 2591595.896, 105
Trd, 2591596.396, 106
Trd, 2591596.496, 103
Trd, 2591597.413, 102
Trd, 2591598.946, 112
Trd, 2591599.929, 105
Trd, 2591600.113, 103
Trd, 2591601.413, 102
Trd, 2591601.646, 101
Trd, 2591601.679, 106
Trd, 2591602.629, 106
Trd, 2591602.846, 99
Trd, 2591604.046, 99
Trd, 2591604.329, 101
Trd, 2591605.529, 100
Trd, 2591605.913, 100
Trd, 2591606.046, 99
Trd, 2591606.113, 97
Trd, 2591607.096, 114
Trd, 2591608.363, 112
Trd, 2591608.779, 111
Trd, 2591608.863, 111
Trd, 2591609.496, 113
Trd, 2591609.679, 105
Trd, 2591611.863, 106
Trd, 2591612.079, 105
Trd, 2591614.063, 105
Trd, 2591614.329, 106
Trd, 2591614.496, 103
Trd, 2591616.313, 105
Trd, 2591616.646, 106
Trd, 2591617.263, 103
Trd, 2591617.413, 107
Trd, 2591617.596, 98
Trd, 2591617.713, 94
Trd, 2591617.746, 108
Trd, 2591618.346, 84
Trd, 2591620.896, 107
Trd, 2591621.196, 108
Trd, 2591621.329, 106
Trd, 2591621.896, 107
Trd, 2591622.746, 109
Trd, 2591623.546, 112
Trd, 2591624.596, 109
Trd, 2591624.779, 108
Trd, 2591625.479, 110
Trd, 2591628.146, 108
Trd, 2591628.296, 110
Trd, 2591629.579, 111
Trd, 2591630.146, 109
Trd, 2591630.413, 110
Trd, 2591631.413, 111
Trd, 2591632.163, 111
Trd, 2591632.413, 115
Trd, 2591633.296, 111
Trd, 2591633.363, 108
Trd, 2591634.096, 112
Trd, 2591634.879, 105
Trd, 2591635.813, 101
Trd, 2591636.513, 103
Trd, 2591636.713, 99
Trd, 2591637.463, 114
Trd, 2591639.129, 116
Trd, 2591641.096, 113
Trd, 2591641.363, 107
Trd, 2591641.613, 103
Trd, 2591642.029, 103
Trd, 2591643.063, 101
Trd, 2591643.196, 107
Trd, 2591643.646, 110
Trd, 2591644.879, 106
Trd, 2591645.029, 105
Trd, 2591645.129, 105
Trd, 2591645.796, 105
Trd, 2591646.013, 105
Trd, 2591646.179, 104
Trd, 2591646.879, 104
Trd, 2591648.546, 106
Trd, 2591648.863, 108
Trd, 2591649.379, 106
Trd, 2591651.196, 111
Trd, 2591651.279, 113
Trd, 2591651.679, 101
Trd, 2591651.996, 101
Trd, 2591653.546, 100
Trd, 2591654.829, 106
Trd, 2591655.079, 107
Trd, 2591655.096, 106
Trd, 2591655.779, 108
Trd, 2591657.063, 114
Trd, 2591657.446, 108
Trd, 2591658.496, 114
Trd, 2591658.896, 118
Trd, 2591660.463, 123
Trd, 2591660.529, 121
Trd, 2591661.129, 121
Trd, 2591661.213, 119
Trd, 2591663.129, 115
Trd, 2591663.229, 108
Trd, 2591663.313, 118
Trd, 2591664.579, 106
Trd, 2591666.646, 108
Trd, 2591667.096, 106
Trd, 2591667.146, 105
Trd, 2591667.646, 101
Trd, 2591668.546, 98
Trd, 2591668.713, 99
Trd, 2591669.329, 102
Trd, 2591669.529, 97
Trd, 2591670.079, 104
Trd, 2591671.563, 105
Trd, 2591671.846, 114
Trd, 2591672.846, 112
Trd, 2591673.113, 111
Trd, 2591673.579, 113
Trd, 2591673.996, 112
Trd, 2591674.679, 115
Trd, 2591674.946, 110
Trd, 2591675.779, 82
Trd, 2591677.679, 105
Trd, 2591677.896, 104
Trd, 2591679.063, 103
Trd, 2591679.313, 102
Trd, 2591679.329, 101
Trd, 2591681.413, 100
Trd, 2591681.713, 107
Trd, 2591681.813, 108
Trd, 2591682.163, 92
Trd, 2591682.496, 114
Trd, 2591683.163, 105
Trd, 2591683.763, 92
Trd, 2591684.096, 96
Trd, 2591685.146, 106
Trd, 2591685.746, 108
Trd, 2591685.796, 106
Trd, 2591686.113, 116
Trd, 2591687.946, 109
Trd, 2591688.029, 108
Trd, 2591688.429, 109
Trd, 2591689.263, 110
Trd, 2591690.396, 109
Trd, 2591690.879, 110
Trd, 2591692.146, 108
Trd, 2591692.179, 105
Trd, 2591693.246, 115
Trd, 2591694.146, 108
Trd, 2591694.863, 106
Trd, 2591695.529, 108
Trd, 2591696.679, 111
Trd, 2591696.779, 118
Trd, 2591697.546, 112
Trd, 2591698.446, 112
Trd, 2591698.996, 109
Trd, 2591699.729, 105
Trd, 2591700.313, 103
Trd, 2591701.579, 101
Trd, 2591702.079, 100
Trd, 2591702.429, 99
Trd, 2591703.263, 98
Trd, 2591703.963, 96
Trd, 2591704.363, 96
Trd, 2591704.446, 96
Trd, 2591704.596, 97
Trd, 2591704.813, 99
Trd, 2591707.229, 104
Trd, 2591707.379, 100
Trd, 2591707.413, 99
Trd, 2591707.563, 98
Trd, 2591708.396, 100
Trd, 2591710.046, 98
Trd, 2591710.879, 95
Trd, 2591711.313, 96
Trd, 2591712.113, 99
Trd, 2591713.163, 104
Trd, 2591713.196, 105
Trd, 2591713.529, 108
Trd, 2591713.863, 104
Trd, 2591715.696, 108
Trd, 2591716.013, 109
Trd, 2591716.063, 107
Trd, 2591716.146, 98
Trd, 2591717.779, 110
Trd, 2591720.096, 109
Trd, 2591720.646, 103
Trd, 2591720.963, 112
Trd, 2591721.979, 103
Trd, 2591722.296, 109
Trd, 2591722.346, 106
Trd, 2591723.079, 107
Trd, 2591723.413, 107
Trd, 2591725.379, 105
Trd, 2591726.079, 99
Trd, 2591727.029, 98
Trd, 2591727.696, 102
Trd, 2591728.679, 101
Trd, 2591729.363, 96
Trd, 2591730.179, 97
Trd, 2591730.313, 96
Trd, 2591730.663, 103
Trd, 2591732.146, 100
Trd, 2591732.779, 103
Trd, 2591733.079, 105
Trd, 2591733.329, 104
Trd, 2591733.846, 112
Trd, 2591735.146, 107
Trd, 2591735.213, 115
Trd, 2591735.963, 112
Trd, 2591736.079, 113
Trd, 2591736.313, 113
Trd, 2591736.379, 112
Trd, 2591737.096, 111
Trd, 2591737.229, 109
Trd, 2591737.279, 113
Trd, 2591738.713, 102
Trd, 2591738.763, 101
Trd, 2591739.546, 98
Trd, 2591740.663, 98
Trd, 2591741.563, 100
Trd, 2591742.979, 99
Trd, 2591743.813, 108
Trd, 2591743.829, 101
Trd, 2591744.529, 113
Trd, 2591745.879, 109
Trd, 2591747.063, 110
Trd, 2591747.296, 110
Trd, 2591747.413, 115
Trd, 2591747.613, 109
Trd, 2591747.629, 105
Trd, 2591749.713, 102
Trd, 2591749.746, 101
Trd, 2591751.329, 113
Trd, 2591752.396, 112
Trd, 2591752.796, 108
Trd, 2591752.813, 107
Trd, 2591753.729, 108
Trd, 2591755.096, 108
Trd, 2591755.446, 109
Trd, 2591756.479, 113
Trd, 2591757.096, 115
Trd, 2591757.313, 109
Trd, 2591758.363, 109
Trd, 2591759.096, 108
Trd, 2591759.113, 108
Trd, 2591759.379, 105
Trd, 2591759.846, 107
Trd, 2591760.663, 101
Trd, 2591761.563, 99
Trd, 2591762.263, 108
Trd, 2591762.396, 95
Trd, 2591763.079, 110
Trd, 2591763.546, 112
Trd, 2591764.379, 98
Trd, 2591765.429, 96
Trd, 2591766.279, 115
Trd, 2591767.579, 118
Trd, 2591769.379, 123
Trd, 2591770.779, 115
Trd, 2591771.279, 118
Trd, 2591771.579, 119
Trd, 2591771.746, 118
Trd, 2591771.763, 115
Trd, 2591771.863, 110
Trd, 2591772.063, 108
Trd, 2591772.129, 105
Trd, 2591772.463, 101
Trd, 2591773.379, 95
Trd, 2591775.596, 112
Trd, 2591775.713, 112
Trd, 2591775.896, 113
Trd, 2591776.679, 102
Trd, 2591776.963, 101
Trd, 2591779.079, 108
Trd, 2591779.596, 108
Trd, 2591779.963, 108
Trd, 2591780.246, 98
Trd, 2591780.429, 101
Trd, 2591781.596, 108
Trd, 2591782.479, 113
Trd, 2591784.029, 111
Trd, 2591784.129, 112
Trd, 2591784.846, 112
Trd, 2591785.013, 113
Trd, 2591785.996, 103
Trd, 2591786.329, 101
Trd, 2591788.279, 104
Trd, 2591789.479, 109
Trd, 2591789.629, 109
Trd, 2591789.879, 110
Trd, 2591789.946, 111
Trd, 2591789.963, 112
Trd, 2591790.413, 114
Trd, 2591790.879, 112
Trd, 2591791.213, 108
Trd, 2591793.263, 110
Trd, 2591793.713, 109
Trd, 2591794.729, 100
Trd, 2591795.246, 99
Trd, 2591796.696, 104
Trd, 2591797.029, 106
Trd, 2591797.296, 106
Trd, 2591797.529, 105
Trd, 2591797.996, 105
Trd, 2591798.096, 106
Trd, 2591799.613, 100
Trd, 2591801.046, 102
Trd, 2591801.863, 100
Trd, 2591801.996, 112
Trd, 2591802.379, 103
Trd, 2591803.129, 111
Trd, 2591803.313, 101
Trd, 2591806.529, 110
Trd, 2591806.646, 111
Trd, 2591808.046, 112
Trd, 2591808.913, 111
Trd, 2591809.529, 113
Trd, 2591810.563, 111
Trd, 2591811.079, 111
Trd, 2591811.513, 111
Trd, 2591812.946, 110
Trd, 2591813.263, 109
Trd, 2591813.596, 110
Trd, 2591813.729, 109
Trd, 2591814.246, 108
Trd, 2591814.296, 105
Trd, 2591816.163, 103
Trd, 2591816.813, 99
Trd, 2591816.996, 101
Trd, 2591817.246, 103
Trd, 2591818.979, 103
Trd, 2591819.063, 105
Trd, 2591820.163, 99
Trd, 2591820.563, 103
Trd, 2591821.213, 101
Trd, 2591821.913, 104
Trd, 2591823.279, 108
Trd, 2591824.346, 110
Trd, 2591824.613, 108
Trd, 2591825.829, 111
Trd, 2591826.446, 109
Trd, 2591826.913, 108
Trd, 2591827.746, 107
Trd, 2591828.646, 106
Trd, 2591829.646, 105
Trd, 2591830.063, 104
Trd, 2591830.129, 98
Trd, 2591830.929, 101
Trd, 2591831.296, 107
Trd, 2591831.413, 100
Trd, 2591831.729, 99
Trd, 2591832.379, 103
Trd, 2591833.229, 103
Trd, 2591834.113, 108
Trd, 2591834.746, 102
Trd, 2591834.813, 101
Trd, 2591835.513, 96
Trd, 2591837.329, 102
Trd, 2591838.063, 103
Trd, 2591839.513, 100
Trd, 2591839.663, 99
Trd, 2591840.296, 101
Trd, 2591840.579, 103
Trd, 2591841.429, 105
Trd, 2591842.263, 107
Trd, 2591843.229, 113
Trd, 2591844.213, 114
Trd, 2591844.546, 114
Trd, 2591845.813, 111
Trd, 2591846.413, 110
Trd, 2591847.329, 112
Trd, 2591847.746, 115
Trd, 2591848.363, 118
Trd, 2591848.713, 117
Trd, 2591849.046, 110
Trd, 2591849.513, 109
Trd, 2591850.246, 108
Trd, 2591852.713, 111
Trd, 2591852.896, 110
Trd, 2591853.796, 107
Trd, 2591854.213, 108
Trd, 2591854.613, 108
Trd, 2591854.713, 108
Trd, 2591854.896, 109
Trd, 2591855.313, 118
Trd, 2591856.629, 113
Trd, 2591856.996, 112
Trd, 2591857.263, 106
Trd, 2591857.396, 121
Trd, 2591857.946, 112
Trd, 2591858.479, 103
Trd, 2591858.779, 101
Trd, 2591859.529, 98
Trd, 2591860.396, 108
Trd, 2591861.179, 104
Trd, 2591863.229, 98
Trd, 2591863.329, 96
Trd, 2591864.463, 98
Trd, 2591864.679, 101
Trd, 2591865.329, 105
Trd, 2591866.246, 102
Trd, 2591867.963, 108
Trd, 2591867.979, 107
Trd, 2591868.396, 103
Trd, 2591869.629, 112
Trd, 2591870.213, 103
Trd, 2591872.596, 107
Trd, 2591873.096, 106
Trd, 2591873.263, 108
Trd, 2591873.496, 105
Trd, 2591874.096, 105
Trd, 2591874.213, 104
Trd, 2591874.546, 105
Trd, 2591874.879, 103
Trd, 2591875.513, 108
Trd, 2591876.379, 105
Trd, 2591876.479, 101
Trd, 2591876.596, 98
Trd, 2591877.213, 97
Trd, 2591878.246, 110
Trd, 2591879.513, 109
Trd, 2591882.196, 103
Trd, 2591882.513, 107
Trd, 2591883.146, 109
Trd, 2591883.779, 109
Trd, 2591884.429, 112
Trd, 2591884.513, 110
Trd, 2591884.663, 114
Trd, 2591885.496, 114
Trd, 2591885.579, 109
Trd, 2591886.613, 113
Trd, 2591887.096, 114
Trd, 2591888.196, 114
Trd, 2591888.846, 113
Trd, 2591889.479, 108
Trd, 2591890.846, 108
Trd, 2591891.596, 110
Trd, 2591891.963, 104
Trd, 2591893.529, 104
Trd, 2591893.546, 101
Trd, 2591894.913, 103
Trd, 2591894.996, 104
Trd, 2591895.246, 105
Trd, 2591895.529, 108
Trd, 2591895.779, 104
Trd, 2591897.129, 104
Trd, 2591898.796, 102
Trd, 2591899.263, 106
Trd, 2591900.079, 106
Trd, 2591900.196, 102
Trd, 2591901.129, 105
Trd, 2591901.629, 101
Trd, 2591902.296, 98
Trd, 2591902.896, 94
Trd, 2591903.613, 101
Trd, 2591904.463, 101
Trd, 2591906.396, 100
Trd, 2591906.779, 99
Trd, 2591906.996, 100
Trd, 2591907.796, 103
Trd, 2591908.063, 105
Trd, 2591908.779, 108
Trd, 2591909.679, 108
Trd, 2591910.846, 110
Trd, 2591911.279, 111
Trd, 2591911.329, 110
Trd, 2591912.029, 109
Trd, 2591912.213, 101
Trd, 2591912.529, 110
Trd, 2591913.996, 99
Trd, 2591915.296, 107
Trd, 2591915.313, 110
Trd, 2591916.829, 109
Trd, 2591916.963, 109
Trd, 2591917.213, 111
Trd, 2591917.596, 109
Trd, 2591917.713, 109
Trd, 2591918.196, 109
Trd, 2591918.529, 108
Trd, 2591918.879, 105
Trd, 2591920.813, 105
Trd, 2591921.013, 106
Trd, 2591923.046, 102
Trd, 2591923.546, 100
Trd, 2591924.796, 96
Trd, 2591924.896, 95
Trd, 2591925.179, 94
Trd, 2591926.913, 85
Trd, 2591927.513, 89
Trd, 2591928.479, 92
Trd, 2591928.646, 93
Trd, 2591929.229, 112
Trd, 2591930.629, 107
Trd, 2591930.813, 104
Trd, 2591930.913, 101
Trd, 2591931.246, 108
Trd, 2591932.479, 104
Trd, 2591932.679, 105
Trd, 2591933.329, 89
Trd, 2591934.029, 113
Trd, 2591935.713, 106
Trd, 2591936.479, 106
Trd, 2591936.846, 107
Trd, 2591936.946, 107
Trd, 2591937.113, 105
Trd, 2591937.263, 107
Trd, 2591939.479, 104
Trd, 2591939.879, 102
Trd, 2591940.679, 100
Trd, 2591941.563, 110
Trd, 2591942.379, 112
Trd, 2591942.446, 105
Trd, 2591944.063, 111
Trd, 2591944.829, 114
Trd, 2591944.896, 113
Trd, 2591946.329, 110
Trd, 2591946.546, 109
Trd, 2591947.379, 115
Trd, 2591947.779, 112
Trd, 2591947.846, 110
Trd, 2591948.563, 112
Trd, 2591949.663, 110
Trd, 2591949.696, 108
Trd, 2591950.879, 108
Trd, 2591950.896, 109
Trd, 2591952.146, 105
Trd, 2591952.646, 110
Trd, 2591952.846, 112
Trd, 2591954.429, 107
Trd, 2591955.346, 99
Trd, 2591956.879, 107
Trd, 2591958.429, 102
Trd, 2591959.446, 105
Trd, 2591959.529, 101
Trd, 2591960.346, 105
Trd, 2591961.279, 108
Trd, 2591961.679, 109
Trd, 2591961.929, 108
Trd, 2591962.346, 115
Trd, 2591962.413, 110
Trd, 2591963.013, 112
Trd, 2591963.563, 111
Trd, 2591964.963, 115
Trd, 2591965.413, 116
Trd, 2591966.713, 106
Trd, 2591968.496, 109
Trd, 2591968.813, 110
Trd, 2591969.546, 118
Trd, 2591970.013, 111
Trd, 2591970.096, 111
Trd, 2591970.896, 117
Trd, 2591971.679, 114
Trd, 2591972.529, 115
Trd, 2591972.613, 115
Trd, 2591972.813, 112
Trd, 2591973.179, 108
Trd, 2591973.729, 109
Trd, 2591975.229, 108
Trd, 2591975.746, 103
Trd, 2591977.813, 101
Trd, 2591977.829, 100
Trd, 2591978.063, 102
Trd, 2591978.779, 101
Trd, 2591979.729, 98
Trd, 2591980.413, 102
Trd, 2591980.463, 98
Trd, 2591980.479, 97
Trd, 2591982.196, 103
Trd, 2591983.029, 105
Trd, 2591983.646, 108
Trd, 2591984.663, 112
Trd, 2591985.596, 109
Trd, 2591985.846, 108
Trd, 2591986.563, 105
Trd, 2591987.063, 101
Trd, 2591987.579, 102
Trd, 2591988.563, 102
Trd, 2591989.029, 104
Trd, 2591989.429, 104
Trd, 2591989.513, 105
Trd, 2591990.179, 105
Trd, 2591990.996, 104
Trd, 2591992.796, 108
Trd, 2591992.863, 112
Trd, 2591993.963, 108
Trd, 2591994.363, 107
Trd, 2591995.096, 109
Trd, 2591995.279, 102
Trd, 2591997.096, 106
Trd, 2591997.213, 106
Trd, 2591999.579, 103
Trd, 2591999.713, 105
Trd, 2591999.779, 101
