Trd, 2590690.113, 96
Trd, 2590690.413, 95
Trd, 2590690.763, 94
Trd, 2590691.679, 95
Trd, 2590691.863, 98
Trd, 2590692.563, 108
Trd, 2590693.979, 126
Trd, 2590694.913, 111
Trd, 2590695.496, 126
Trd, 2590695.663, 130
Trd, 2590696.446, 122
Trd, 2590697.113, 113
Trd, 2590697.696, 111
Trd, 2590697.846, 108
Trd, 2590697.929, 101
Trd, 2590698.013, 98
Trd, 2590698.396, 89
Trd, 2590699.913, 107
Trd, 2590700.463, 93
Trd, 2590701.413, 93
Trd, 2590701.679, 107
Trd, 2590702.963, 97
Trd, 2590703.463, 97
Trd, 2590704.079, 95
Trd, 2590704.663, 105
Trd, 2590704.963, 109
Trd, 2590705.129, 102
Trd, 2590705.279, 96
Trd, 2590705.463, 117
Trd, 2590705.496, 94
Trd, 2590706.596, 119
Trd, 2590707.446, 114
Trd, 2590709.413, 101
Trd, 2590710.763, 94
Trd, 2590711.196, 94
Trd, 2590711.663, 92
Trd, 2590712.213, 104
Trd, 2590712.313, 94
Trd, 2590713.696, 98
Trd, 2590714.029, 115
Trd, 2590715.896, 114
Trd, 2590716.263, 118
Trd, 2590716.629, 129
Trd, 2590716.763, 108
Trd, 2590716.879, 125
Trd, 2590718.029, 115
Trd, 2590718.329, 112
Trd, 2590719.146, 111
Trd, 2590719.313, 105
Trd, 2590722.696, 97
Trd, 2590722.996, 98
Trd, 2590723.746, 99
Trd, 2590723.813, 101
Trd, 2590724.913, 95
Trd, 2590725.029, 94
Trd, 2590725.229, 92
Trd, 2590725.996, 92
Trd, 2590726.429, 112
Trd, 2590726.746, 117
Trd, 2590728.113, 97
Trd, 2590729.146, 97
Trd, 2590729.446, 96
Trd, 2590729.529, 94
Trd, 2590729.696, 98
Trd, 2590729.863, 105
Trd, 2590730.063, 90
Trd, 2590730.796, 90
Trd, 2590731.479, 84
Trd, 2590731.529, 81
Trd, 2590731.563, 77
Trd, 2590732.663, 113
Trd, 2590733.029, 90
Trd, 2590733.129, 106
Trd, 2590734.313, 122
Trd, 2590735.113, 98
Trd, 2590735.546, 89
Trd, 2590736.996, 96
Trd, 2590739.046, 102
Trd, 2590739.246, 96
Trd, 2590740.779, 102
Trd, 2590740.863, 101
Trd, 2590741.063, 101
Trd, 2590741.563, 99
Trd, 2590741.596, 107
Trd, 2590742.396, 101
Trd, 2590742.496, 103
Trd, 2590743.196, 105
Trd, 2590743.546, 101
Trd, 2590745.429, 101
Trd, 2590747.146, 99
Trd, 2590748.129, 98
Trd, 2590748.379, 100
Trd, 2590748.813, 100
Trd, 2590749.596, 97
Trd, 2590749.829, 101
Trd, 2590749.913, 105
Trd, 2590750.029, 107
Trd, 2590750.513, 109
Trd, 2590750.596, 93
Trd, 2590751.163, 118
Trd, 2590752.279, 98
Trd, 2590753.346, 97
Trd, 2590754.663, 99
Trd, 2590755.063, 100
Trd, 2590755.213, 99
Trd, 2590755.763, 104
Trd, 2590756.013, 117
Trd, 2590756.779, 96
Trd, 2590757.329, 114
Trd, 2590757.396, 118
Trd, 2590757.596, 114
Trd, 2590759.563, 99
Trd, 2590760.496, 101
Trd, 2590760.513, 98
Trd, 2590760.913, 94
Trd, 2590760.979, 115
Trd, 2590761.163, 104
Trd, 2590761.713, 91
Trd, 2590763.329, 87
Trd, 2590763.346, 110
Trd, 2590764.863, 90
Trd, 2590765.729, 86
Trd, 2590766.029, 87
Trd, 2590767.963, 93
Trd, 2590768.213, 94
Trd, 2590768.396, 105
Trd, 2590769.329, 106
Trd, 2590769.663, 98
Trd, 2590769.913, 109
Trd, 2590770.096, 122
Trd, 2590770.579, 129
Trd, 2590771.346, 123
Trd, 2590772.113, 102
Trd, 2590772.263, 101
Trd, 2590772.329, 109
Trd, 2590772.646, 103
Trd, 2590773.013, 101
Trd, 2590773.446, 98
Trd, 2590773.463, 117
Trd, 2590773.829, 94
Trd, 2590775.596, 97
Trd, 2590775.829, 115
Trd, 2590776.096, 118
Trd, 2590776.929, 96
Trd, 2590777.229, 95
Trd, 2590779.113, 95
Trd, 2590779.863, 100
Trd, 2590780.479, 99
Trd, 2590780.496, 101
Trd, 2590780.696, 97
Trd, 2590781.896, 102
Trd, 2590782.246, 98
Trd, 2590784.013, 102
Trd, 2590784.163, 102
Trd, 2590784.363, 100
Trd, 2590784.863, 105
Trd, 2590785.479, 105
Trd, 2590785.796, 99
Trd, 2590786.513, 107
Trd, 2590786.813, 92
Trd, 2590787.229, 91
Trd, 2590788.729, 109
Trd, 2590789.213, 111
Trd, 2590790.679, 98
Trd, 2590791.946, 97
Trd, 2590792.213, 102
Trd, 2590792.729, 100
Trd, 2590793.479, 109
Trd, 2590794.396, 108
Trd, 2590794.513, 109
Trd, 2590794.546, 107
Trd, 2590794.896, 118
Trd, 2590795.263, 112
Trd, 2590796.129, 111
Trd, 2590796.896, 105
Trd, 2590797.346, 114
Trd, 2590797.829, 121
Trd, 2590798.363, 104
Trd, 2590798.429, 122
Trd, 2590798.729, 101
Trd, 2590800.563, 96
Trd, 2590800.696, 98
Trd, 2590801.763, 95
Trd, 2590802.713, 94
Trd, 2590804.296, 94
Trd, 2590805.379, 103
Trd, 2590805.496, 105
Trd, 2590805.846, 89
Trd, 2590806.113, 90
Trd, 2590806.296, 89
Trd, 2590806.479, 88
Trd, 2590806.829, 88
Trd, 2590807.696, 88
Trd, 2590808.529, 102
Trd, 2590809.129, 103
Trd, 2590809.746, 89
Trd, 2590810.379, 113
Trd, 2590810.863, 113
Trd, 2590811.379, 114
Trd, 2590811.929, 89
Trd, 2590812.229, 108
Trd, 2590813.379, 93
Trd, 2590813.746, 98
Trd, 2590814.263, 95
Trd, 2590814.829, 98
Trd, 2590815.596, 104
Trd, 2590815.946, 104
Trd, 2590816.513, 114
Trd, 2590816.863, 118
Trd, 2590817.429, 104
Trd, 2590817.829, 104
Trd, 2590818.563, 106
Trd, 2590820.263, 105
Trd, 2590820.913, 102
Trd, 2590821.213, 129
Trd, 2590821.429, 98
Trd, 2590822.613, 94
Trd, 2590822.763, 91
Trd, 2590823.946, 84
Trd, 2590824.279, 84
Trd, 2590824.613, 99
Trd, 2590824.846, 99
Trd, 2590825.013, 100
Trd, 2590825.596, 105
Trd, 2590825.629, 89
Trd, 2590826.079, 89
Trd, 2590826.096, 92
Trd, 2590827.746, 102
Trd, 2590830.813, 107
Trd, 2590831.479, 108
Trd, 2590831.929, 108
Trd, 2590832.213, 107
Trd, 2590832.929, 115
Trd, 2590833.163, 117
Trd, 2590834.113, 108
Trd, 2590834.479, 101
Trd, 2590834.846, 113
Trd, 2590835.496, 99
Trd, 2590835.663, 118
Trd, 2590835.796, 119
Trd, 2590835.846, 98
Trd, 2590837.329, 120
Trd, 2590838.213, 94
Trd, 2590839.663, 93
Trd, 2590839.729, 94
Trd, 2590840.429, 92
Trd, 2590840.463, 92
Trd, 2590841.063, 91
Trd, 2590842.046, 98
Trd, 2590844.346, 102
Trd, 2590845.913, 95
Trd, 2590846.896, 106
Trd, 2590846.929, 108
Trd, 2590847.013, 100
Trd, 2590847.679, 100
Trd, 2590847.846, 110
Trd, 2590848.129, 115
Trd, 2590848.729, 112
Trd, 2590849.779, 105
Trd, 2590850.179, 105
Trd, 2590852.163, 112
Trd, 2590852.313, 115
Trd, 2590852.813, 112
Trd, 2590852.913, 111
Trd, 2590853.246, 108
Trd, 2590853.913, 101
Trd, 2590854.079, 120
Trd, 2590854.329, 122
Trd, 2590854.529, 98
Trd, 2590855.263, 125
Trd, 2590855.879, 95
Trd, 2590858.813, 106
Trd, 2590858.963, 107
Trd, 2590859.313, 100
Trd, 2590859.813, 100
Trd, 2590859.896, 109
Trd, 2590859.963, 98
Trd, 2590861.679, 97
Trd, 2590861.696, 100
Trd, 2590861.996, 101
Trd, 2590862.096, 96
Trd, 2590862.379, 105
Trd, 2590862.413, 94
Trd, 2590862.529, 105
Trd, 2590864.429, 96
Trd, 2590864.813, 94
Trd, 2590865.163, 94
Trd, 2590865.363, 91
Trd, 2590865.746, 87
Trd, 2590867.913, 87
Trd, 2590868.179, 87
Trd, 2590868.963, 88
Trd, 2590869.346, 89
Trd, 2590869.813, 90
Trd, 2590870.863, 92
Trd, 2590870.896, 98
Trd, 2590871.429, 102
Trd, 2590872.963, 95
Trd, 2590873.363, 107
Trd, 2590874.229, 96
Trd, 2590874.846, 94
Trd, 2590875.579, 90
Trd, 2590875.779, 88
Trd, 2590876.029, 89
Trd, 2590876.046, 91
Trd, 2590877.146, 93
Trd, 2590878.046, 95
Trd, 2590878.329, 93
Trd, 2590878.446, 105
Trd, 2590878.513, 109
Trd, 2590878.779, 118
Trd, 2590880.779, 92
Trd, 2590881.363, 92
Trd, 2590881.596, 98
Trd, 2590882.696, 104
Trd, 2590883.363, 95
Trd, 2590883.529, 101
Trd, 2590884.729, 95
Trd, 2590886.313, 98
Trd, 2590886.613, 108
Trd, 2590886.779, 122
Trd, 2590886.796, 95
Trd, 2590887.296, 95
Trd, 2590888.279, 95
Trd, 2590888.496, 91
Trd, 2590890.479, 94
Trd, 2590890.929, 101
Trd, 2590891.563, 100
Trd, 2590891.696, 96
Trd, 2590892.263, 100
Trd, 2590892.663, 100
Trd, 2590893.596, 101
Trd, 2590894.463, 105
Trd, 2590894.663, 104
Trd, 2590896.163, 97
Trd, 2590897.046, 100
Trd, 2590898.229, 102
Trd, 2590898.446, 105
Trd, 2590898.829, 109
Trd, 2590899.213, 98
Trd, 2590900.129, 100
Trd, 2590900.196, 99
Trd, 2590900.813, 97
Trd, 2590900.929, 94
Trd, 2590900.963, 111
Trd, 2590901.746, 92
Trd, 2590905.029, 101
Trd, 2590906.629, 98
Trd, 2590906.713, 97
Trd, 2590906.913, 96
Trd, 2590907.063, 98
Trd, 2590907.263, 101
Trd, 2590907.463, 101
Trd, 2590907.546, 102
Trd, 2590908.263, 91
Trd, 2590908.429, 104
Trd, 2590909.696, 88
Trd, 2590909.913, 102
Trd, 2590909.946, 87
Trd, 2590910.763, 86
Trd, 2590910.813, 86
Trd, 2590913.079, 98
Trd, 2590913.396, 102
Trd, 2590913.596, 98
Trd, 2590914.713, 99
Trd, 2590914.896, 99
Trd, 2590915.263, 105
Trd, 2590915.313, 98
Trd, 2590915.546, 113
Trd, 2590916.046, 116
Trd, 2590916.113, 102
Trd, 2590916.229, 94
Trd, 2590917.146, 115
Trd, 2590919.013, 113
Trd, 2590919.763, 94
Trd, 2590920.613, 116
Trd, 2590920.813, 102
Trd, 2590921.663, 100
Trd, 2590922.463, 104
Trd, 2590922.579, 101
Trd, 2590922.779, 98
Trd, 2590924.013, 114
Trd, 2590924.346, 117
Trd, 2590924.513, 101
Trd, 2590924.579, 100
Trd, 2590924.629, 118
Trd, 2590925.146, 121
Trd, 2590926.996, 101
Trd, 2590928.129, 101
Trd, 2590928.396, 101
Trd, 2590928.679, 102
Trd, 2590930.146, 103
Trd, 2590931.263, 104
Trd, 2590931.279, 100
Trd, 2590932.113, 98
Trd, 2590932.846, 91
Trd, 2590933.313, 97
Trd, 2590933.663, 105
Trd, 2590933.779, 118
Trd, 2590933.879, 115
Trd, 2590936.846, 97
Trd, 2590937.146, 96
Trd, 2590937.463, 110
Trd, 2590938.429, 95
Trd, 2590939.796, 101
Trd, 2590939.813, 103
Trd, 2590940.279, 99
Trd, 2590940.679, 101
Trd, 2590941.096, 102
Trd, 2590941.729, 101
Trd, 2590943.163, 105
Trd, 2590943.346, 100
Trd, 2590945.196, 104
Trd, 2590945.413, 114
Trd, 2590945.846, 115
Trd, 2590946.763, 115
Trd, 2590947.663, 114
Trd, 2590948.329, 117
Trd, 2590948.629, 118
Trd, 2590949.029, 113
Trd, 2590949.446, 112
Trd, 2590949.463, 105
Trd, 2590950.046, 118
Trd, 2590950.196, 102
Trd, 2590950.279, 101
Trd, 2590950.679, 98
Trd, 2590951.829, 95
Trd, 2590951.896, 94
Trd, 2590952.246, 119
Trd, 2590953.879, 92
Trd, 2590955.479, 97
Trd, 2590955.513, 99
Trd, 2590956.346, 116
Trd, 2590956.579, 118
Trd, 2590956.746, 95
Trd, 2590957.629, 94
Trd, 2590957.729, 93
Trd, 2590958.629, 120
Trd, 2590958.846, 122
Trd, 2590959.579, 95
Trd, 2590960.696, 120
Trd, 2590961.613, 99
Trd, 2590962.613, 101
Trd, 2590962.996, 101
Trd, 2590963.179, 102
Trd, 2590963.296, 100
Trd, 2590963.696, 101
Trd, 2590964.579, 99
Trd, 2590965.063, 100
Trd, 2590965.163, 104
Trd, 2590965.463, 98
Trd, 2590965.846, 96
Trd, 2590965.929, 103
Trd, 2590965.946, 108
Trd, 2590966.763, 118
Trd, 2590966.929, 94
Trd, 2590967.129, 91
Trd, 2590967.979, 87
Trd, 2590968.263, 113
Trd, 2590968.963, 115
Trd, 2590970.846, 87
Trd, 2590972.896, 93
Trd, 2590972.963, 95
Trd, 2590973.346, 91
Trd, 2590975.063, 91
Trd, 2590975.796, 94
Trd, 2590975.846, 95
Trd, 2590977.579, 91
Trd, 2590977.829, 89
Trd, 2590977.913, 88
Trd, 2590978.846, 90
Trd, 2590980.079, 100
Trd, 2590980.129, 94
Trd, 2590980.663, 101
Trd, 2590981.379, 102
Trd, 2590981.613, 101
Trd, 2590981.929, 105
Trd, 2590982.329, 108
Trd, 2590982.479, 113
Trd, 2590982.779, 102
Trd, 2590982.846, 101
Trd, 2590983.079, 99
Trd, 2590983.129, 98
Trd, 2590983.396, 101
Trd, 2590984.946, 99
Trd, 2590985.529, 91
Trd, 2590985.663, 116
Trd, 2590986.779, 96
Trd, 2590987.146, 95
Trd, 2590987.696, 96
Trd, 2590990.979, 105
Trd, 2590991.146, 106
Trd, 2590991.179, 104
Trd, 2590991.346, 107
Trd, 2590991.913, 105
Trd, 2590992.113, 108
Trd, 2590993.413, 104
Trd, 2590993.679, 111
Trd, 2590993.713, 108
Trd, 2590994.996, 118
Trd, 2590995.896, 116
Trd, 2590996.363, 106
Trd, 2590997.813, 109
Trd, 2590997.896, 116
Trd, 2590998.629, 101
Trd, 2590998.963, 120
Trd, 2590999.529, 110
Trd, 2591000.113, 99
Trd, 2591001.096, 100
Trd, 2591001.279, 105
Trd, 2591002.263, 99
Trd, 2591002.363, 106
Trd, 2591003.096, 98
Trd, 2591004.179, 95
Trd, 2591005.896, 97
Trd, 2591006.429, 98
Trd, 2591006.546, 96
Trd, 2591007.629, 97
Trd, 2591008.596, 94
Trd, 2591008.863, 94
Trd, 2591009.246, 95
Trd, 2591009.463, 96
Trd, 2591009.779, 101
Trd, 2591010.446, 101
Trd, 2591010.696, 104
Trd, 2591011.813, 105
Trd, 2591011.946, 100
Trd, 2591012.996, 98
Trd, 2591013.046, 99
Trd, 2591013.679, 101
Trd, 2591014.096, 92
Trd, 2591014.496, 91
Trd, 2591017.596, 94
Trd, 2591018.379, 96
Trd, 2591018.579, 96
Trd, 2591018.879, 96
Trd, 2591019.063, 98
Trd, 2591019.263, 103
Trd, 2591019.896, 113
Trd, 2591020.096, 115
Trd, 2591020.696, 97
Trd, 2591021.113, 118
Trd, 2591021.463, 112
Trd, 2591021.546, 96
Trd, 2591022.046, 91
Trd, 2591022.729, 89
Trd, 2591023.063, 118
Trd, 2591023.213, 119
Trd, 2591023.496, 122
Trd, 2591023.863, 115
Trd, 2591024.779, 107
Trd, 2591025.596, 102
Trd, 2591025.796, 102
Trd, 2591026.313, 101
Trd, 2591026.429, 94
Trd, 2591027.379, 107
Trd, 2591027.779, 95
Trd, 2591027.829, 95
Trd, 2591029.029, 95
Trd, 2591031.729, 98
Trd, 2591033.429, 101
Trd, 2591035.379, 100
Trd, 2591035.713, 100
Trd, 2591036.163, 101
Trd, 2591036.213, 98
Trd, 2591036.463, 94
Trd, 2591038.213, 96
Trd, 2591038.263, 99
Trd, 2591038.513, 105
Trd, 2591039.363, 94
Trd, 2591039.463, 93
Trd, 2591040.496, 87
Trd, 2591040.546, 88
Trd, 2591040.829, 102
Trd, 2591041.913, 94
Trd, 2591042.096, 107
Trd, 2591042.429, 94
Trd, 2591043.063, 93
Trd, 2591044.446, 94
Trd, 2591044.529, 93
Trd, 2591044.796, 94
Trd, 2591044.963, 95
Trd, 2591046.163, 110
Trd, 2591047.529, 108
Trd, 2591048.996, 106
Trd, 2591049.029, 106
Trd, 2591049.513, 107
Trd, 2591050.079, 106
Trd, 2591050.646, 105
Trd, 2591051.113, 106
Trd, 2591052.046, 103
Trd, 2591052.263, 105
Trd, 2591053.629, 117
Trd, 2591054.463, 104
Trd, 2591054.763, 103
Trd, 2591054.929, 101
Trd, 2591055.146, 114
Trd, 2591055.546, 99
Trd, 2591055.846, 101
Trd, 2591057.146, 111
Trd, 2591057.313, 112
Trd, 2591057.713, 103
Trd, 2591057.779, 98
Trd, 2591060.713, 95
Trd, 2591061.096, 93
Trd, 2591061.329, 88
Trd, 2591061.896, 102
Trd, 2591062.063, 89
Trd, 2591062.079, 105
Trd, 2591063.246, 94
Trd, 2591063.796, 103
Trd, 2591064.413, 95
Trd, 2591065.996, 96
Trd, 2591066.213, 95
Trd, 2591066.596, 99
Trd, 2591067.229, 97
Trd, 2591067.346, 94
Trd, 2591068.429, 97
Trd, 2591069.346, 98
Trd, 2591069.463, 106
Trd, 2591069.479, 87
Trd, 2591070.029, 110
Trd, 2591071.413, 109
Trd, 2591071.896, 107
Trd, 2591071.913, 86
Trd, 2591072.713, 88
Trd, 2591074.413, 91
Trd, 2591075.646, 102
Trd, 2591076.829, 98
Trd, 2591076.946, 100
Trd, 2591077.513, 113
Trd, 2591077.813, 112
Trd, 2591078.029, 117
Trd, 2591078.296, 108
Trd, 2591078.829, 118
Trd, 2591079.246, 121
Trd, 2591079.379, 101
Trd, 2591080.463, 104
Trd, 2591081.013, 121
Trd, 2591081.996, 105
Trd, 2591082.713, 105
Trd, 2591082.913, 98
Trd, 2591083.313, 122
Trd, 2591083.563, 115
Trd, 2591084.029, 101
Trd, 2591085.313, 110
Trd, 2591087.379, 100
Trd, 2591088.029, 101
Trd, 2591088.829, 104
Trd, 2591090.129, 107
Trd, 2591090.313, 109
Trd, 2591090.546, 107
Trd, 2591090.996, 99
Trd, 2591091.279, 106
Trd, 2591091.879, 108
Trd, 2591092.129, 118
Trd, 2591092.663, 98
Trd, 2591092.896, 109
Trd, 2591093.129, 94
Trd, 2591093.829, 119
Trd, 2591094.146, 92
Trd, 2591096.096, 92
Trd, 2591096.246, 93
Trd, 2591096.263, 105
Trd, 2591096.346, 92
Trd, 2591096.813, 93
Trd, 2591098.029, 110
Trd, 2591098.346, 95
Trd, 2591098.529, 108
Trd, 2591098.946, 93
Trd, 2591101.279, 96
Trd, 2591101.329, 97
Trd, 2591101.463, 98
Trd, 2591102.613, 104
Trd, 2591103.929, 115
Trd, 2591104.813, 114
Trd, 2591105.313, 114
Trd, 2591105.846, 112
Trd, 2591106.179, 105
Trd, 2591106.229, 101
Trd, 2591108.996, 101
Trd, 2591109.046, 102
Trd, 2591109.479, 103
Trd, 2591109.563, 98
Trd, 2591109.813, 94
Trd, 2591110.413, 94
Trd, 2591110.813, 95
Trd, 2591110.896, 91
Trd, 2591111.513, 88
Trd, 2591111.679, 105
Trd, 2591111.996, 88
Trd, 2591114.029, 92
Trd, 2591115.613, 93
Trd, 2591115.813, 92
Trd, 2591116.313, 98
Trd, 2591116.746, 88
Trd, 2591117.663, 100
Trd, 2591117.729, 111
Trd, 2591118.179, 88
Trd, 2591118.396, 117
Trd, 2591119.029, 115
Trd, 2591120.346, 118
Trd, 2591121.896, 97
Trd, 2591121.996, 117
Trd, 2591122.329, 118
Trd, 2591123.679, 99
Trd, 2591124.229, 98
Trd, 2591124.796, 98
Trd, 2591125.013, 97
Trd, 2591125.029, 94
Trd, 2591126.096, 101
Trd, 2591127.146, 92
Trd, 2591127.346, 93
Trd, 2591127.796, 87
Trd, 2591128.863, 87
Trd, 2591128.896, 99
Trd, 2591130.279, 95
Trd, 2591130.479, 105
Trd, 2591130.896, 97
Trd, 2591130.929, 103
Trd, 2591131.496, 109
Trd, 2591132.446, 110
Trd, 2591132.679, 94
Trd, 2591133.779, 99
Trd, 2591134.296, 98
Trd, 2591134.379, 118
Trd, 2591134.996, 98
Trd, 2591135.013, 118
Trd, 2591135.279, 122
Trd, 2591136.013, 101
Trd, 2591137.546, 97
Trd, 2591137.779, 96
Trd, 2591138.179, 94
Trd, 2591138.379, 97
Trd, 2591139.529, 94
Trd, 2591139.746, 104
Trd, 2591141.463, 97
Trd, 2591141.896, 102
Trd, 2591142.479, 101
Trd, 2591143.913, 96
Trd, 2591145.263, 98
Trd, 2591145.979, 104
Trd, 2591146.429, 97
Trd, 2591146.913, 105
Trd, 2591147.463, 118
Trd, 2591147.613, 97
Trd, 2591147.679, 96
Trd, 2591148.079, 94
Trd, 2591149.179, 98
Trd, 2591149.713, 89
Trd, 2591149.813, 105
Trd, 2591150.196, 107
Trd, 2591150.846, 108
Trd, 2591150.979, 111
Trd, 2591151.479, 94
Trd, 2591151.913, 94
Trd, 2591152.996, 102
Trd, 2591153.296, 101
Trd, 2591155.196, 90
Trd, 2591156.479, 97
Trd, 2591156.929, 89
Trd, 2591157.779, 97
Trd, 2591158.513, 91
Trd, 2591159.396, 93
Trd, 2591160.513, 98
Trd, 2591160.596, 94
Trd, 2591160.929, 102
Trd, 2591161.613, 98
Trd, 2591161.713, 98
Trd, 2591161.829, 105
Trd, 2591162.379, 98
Trd, 2591163.713, 98
Trd, 2591164.246, 98
Trd, 2591164.563, 99
Trd, 2591165.846, 94
Trd, 2591166.213, 103
Trd, 2591167.179, 113
Trd, 2591167.263, 115
Trd, 2591167.463, 98
Trd, 2591168.146, 91
Trd, 2591168.346, 90
Trd, 2591168.713, 94
Trd, 2591169.979, 96
Trd, 2591170.763, 96
Trd, 2591171.563, 97
Trd, 2591173.596, 98
Trd, 2591173.646, 102
Trd, 2591174.046, 98
Trd, 2591174.179, 103
Trd, 2591175.763, 105
Trd, 2591175.929, 101
Trd, 2591176.346, 100
Trd, 2591176.746, 102
Trd, 2591177.329, 103
Trd, 2591177.513, 108
Trd, 2591177.713, 113
Trd, 2591177.729, 118
Trd, 2591178.096, 102
Trd, 2591178.463, 101
Trd, 2591180.146, 95
Trd, 2591180.313, 120
Trd, 2591180.813, 122
Trd, 2591180.979, 94
Trd, 2591180.996, 91
Trd, 2591181.763, 101
Trd, 2591181.779, 87
Trd, 2591181.813, 81
Trd, 2591183.079, 123
Trd, 2591185.429, 100
Trd, 2591185.563, 101
Trd, 2591185.729, 105
Trd, 2591186.263, 102
Trd, 2591186.996, 107
Trd, 2591187.029, 104
Trd, 2591189.363, 109
Trd, 2591189.429, 107
Trd, 2591190.479, 108
Trd, 2591191.113, 106
Trd, 2591191.129, 105
Trd, 2591191.546, 98
Trd, 2591191.579, 108
Trd, 2591192.563, 93
Trd, 2591192.863, 94
Trd, 2591193.379, 105
Trd, 2591195.029, 97
Trd, 2591195.929, 96
Trd, 2591196.046, 94
Trd, 2591196.863, 96
Trd, 2591196.946, 99
Trd, 2591197.179, 101
Trd, 2591197.513, 95
Trd, 2591198.979, 109
Trd, 2591199.113, 91
Trd, 2591199.846, 90
Trd, 2591200.046, 89
Trd, 2591200.746, 109
Trd, 2591201.963, 95
Trd, 2591202.196, 96
Trd, 2591202.229, 99
Trd, 2591202.296, 101
Trd, 2591204.263, 97
Trd, 2591205.346, 96
Trd, 2591205.613, 95
Trd, 2591205.829, 118
Trd, 2591206.296, 125
Trd, 2591207.729, 98
Trd, 2591208.029, 120
Trd, 2591208.963, 94
Trd, 2591209.696, 94
Trd, 2591210.446, 91
Trd, 2591210.513, 90
Trd, 2591210.796, 94
Trd, 2591211.979, 98
Trd, 2591212.046, 105
Trd, 2591212.446, 93
Trd, 2591212.913, 105
Trd, 2591213.413, 108
Trd, 2591213.879, 129
Trd, 2591214.363, 98
Trd, 2591214.696, 97
Trd, 2591216.029, 96
Trd, 2591216.596, 97
Trd, 2591216.779, 127
Trd, 2591217.396, 124
Trd, 2591217.679, 97
Trd, 2591218.163, 96
Trd, 2591218.413, 92
Trd, 2591218.779, 91
Trd, 2591219.679, 88
Trd, 2591221.463, 98
Trd, 2591222.779, 99
Trd, 2591223.046, 102
Trd, 2591223.713, 101
Trd, 2591224.446, 105
Trd, 2591224.513, 105
Trd, 2591224.613, 109
Trd, 2591225.946, 105
Trd, 2591226.429, 101
Trd, 2591226.529, 91
Trd, 2591226.796, 113
Trd, 2591227.229, 118
Trd, 2591227.546, 92
Trd, 2591227.646, 122
Trd, 2591228.929, 91
Trd, 2591229.163, 89
Trd, 2591229.846, 87
Trd, 2591229.879, 114
Trd, 2591229.996, 85
Trd, 2591230.263, 117
Trd, 2591232.979, 116
Trd, 2591234.846, 101
Trd, 2591234.963, 115
Trd, 2591235.346, 102
Trd, 2591235.779, 102
Trd, 2591236.129, 101
Trd, 2591236.329, 114
Trd, 2591236.479, 115
Trd, 2591236.579, 103
Trd, 2591237.329, 117
Trd, 2591238.496, 115
Trd, 2591238.913, 101
Trd, 2591239.979, 101
Trd, 2591240.163, 119
Trd, 2591241.263, 91
Trd, 2591242.496, 94
Trd, 2591244.513, 101
Trd, 2591244.946, 94
Trd, 2591245.846, 95
Trd, 2591246.329, 103
Trd, 2591247.246, 95
Trd, 2591247.329, 93
Trd, 2591247.646, 103
Trd, 2591247.679, 107
Trd, 2591248.146, 109
Trd, 2591248.179, 95
Trd, 2591249.413, 110
Trd, 2591250.563, 109
Trd, 2591251.063, 99
Trd, 2591251.379, 98
Trd, 2591251.696, 98
Trd, 2591252.079, 98
Trd, 2591253.396, 98
Trd, 2591254.429, 93
Trd, 2591254.629, 92
Trd, 2591255.763, 99
Trd, 2591256.246, 91
Trd, 2591256.529, 87
Trd, 2591257.663, 88
Trd, 2591258.663, 88
Trd, 2591260.063, 96
Trd, 2591261.179, 95
Trd, 2591261.313, 96
Trd, 2591261.879, 95
Trd, 2591262.829, 95
Trd, 2591262.913, 94
Trd, 2591262.996, 100
Trd, 2591263.079, 94
Trd, 2591263.813, 105
Trd, 2591264.263, 101
Trd, 2591264.663, 105
Trd, 2591265.779, 100
Trd, 2591265.863, 103
Trd, 2591266.596, 98
Trd, 2591266.729, 112
Trd, 2591266.963, 118
Trd, 2591267.279, 103
Trd, 2591267.563, 103
Trd, 2591268.563, 102
Trd, 2591269.263, 119
Trd, 2591269.663, 108
Trd, 2591270.063, 121
Trd, 2591270.729, 100
Trd, 2591273.113, 103
Trd, 2591274.329, 113
Trd, 2591274.713, 117
Trd, 2591275.129, 118
Trd, 2591275.346, 108
Trd, 2591275.846, 122
Trd, 2591277.246, 108
Trd, 2591278.263, 108
Trd, 2591278.579, 107
Trd, 2591278.746, 105
Trd, 2591278.996, 107
Trd, 2591279.079, 101
Trd, 2591279.513, 117
Trd, 2591280.813, 111
Trd, 2591280.846, 99
Trd, 2591280.913, 114
Trd, 2591281.229, 117
Trd, 2591281.313, 98
Trd, 2591281.463, 94
Trd, 2591282.679, 86
Trd, 2591282.913, 93
Trd, 2591283.913, 86
Trd, 2591284.896, 101
Trd, 2591285.813, 91
Trd, 2591286.646, 92
Trd, 2591287.963, 99
Trd, 2591288.329, 97
Trd, 2591288.946, 97
Trd, 2591289.379, 94
Trd, 2591289.879, 102
Trd, 2591290.279, 103
Trd, 2591290.713, 105
Trd, 2591290.746, 118
Trd, 2591291.179, 91
Trd, 2591291.646, 122
Trd, 2591292.679, 93
Trd, 2591293.813, 96
Trd, 2591293.846, 94
Trd, 2591294.346, 92
Trd, 2591294.763, 98
Trd, 2591294.796, 109
Trd, 2591295.713, 97
Trd, 2591297.079, 116
Trd, 2591297.096, 118
Trd, 2591297.246, 99
Trd, 2591297.779, 99
Trd, 2591298.046, 113
Trd, 2591300.063, 100
Trd, 2591300.746, 93
Trd, 2591300.796, 102
Trd, 2591301.563, 102
Trd, 2591302.663, 96
Trd, 2591303.113, 96
Trd, 2591303.196, 98
Trd, 2591305.163, 101
Trd, 2591306.129, 105
Trd, 2591306.279, 107
Trd, 2591306.529, 114
Trd, 2591306.563, 106
Trd, 2591306.846, 116
Trd, 2591307.046, 118
Trd, 2591307.846, 116
Trd, 2591308.546, 116
Trd, 2591309.096, 114
Trd, 2591309.296, 105
Trd, 2591309.663, 101
Trd, 2591310.629, 98
Trd, 2591311.413, 95
Trd, 2591312.046, 94
Trd, 2591312.413, 92
Trd, 2591314.279, 92
Trd, 2591314.446, 91
Trd, 2591315.196, 91
Trd, 2591315.546, 87
Trd, 2591315.563, 90
Trd, 2591316.946, 84
Trd, 2591317.246, 87
Trd, 2591318.646, 90
Trd, 2591318.813, 96
Trd, 2591318.863, 88
Trd, 2591318.996, 105
Trd, 2591319.463, 109
Trd, 2591320.129, 93
Trd, 2591322.529, 105
Trd, 2591322.629, 109
Trd, 2591322.763, 117
Trd, 2591323.029, 106
Trd, 2591323.913, 107
Trd, 2591326.029, 98
Trd, 2591326.229, 107
Trd, 2591326.896, 116
Trd, 2591327.179, 98
Trd, 2591327.529, 116
Trd, 2591328.096, 118
Trd, 2591328.379, 115
Trd, 2591328.596, 94
Trd, 2591329.696, 111
Trd, 2591329.963, 109
Trd, 2591330.363, 92
Trd, 2591331.796, 112
Trd, 2591331.879, 114
Trd, 2591332.329, 110
Trd, 2591332.363, 98
Trd, 2591332.696, 98
Trd, 2591333.896, 112
Trd, 2591334.879, 114
Trd, 2591335.296, 107
Trd, 2591336.513, 118
Trd, 2591336.529, 105
Trd, 2591336.796, 117
Trd, 2591338.129, 103
Trd, 2591338.179, 102
Trd, 2591339.363, 102
Trd, 2591339.679, 101
Trd, 2591339.896, 98
Trd, 2591340.063, 94
Trd, 2591340.513, 118
Trd, 2591340.796, 118
Trd, 2591342.113, 112
Trd, 2591342.696, 116
Trd, 2591343.013, 108
Trd, 2591344.713, 98
Trd, 2591344.813, 109
Trd, 2591345.829, 114
Trd, 2591346.279, 108
Trd, 2591346.796, 118
Trd, 2591347.813, 105
Trd, 2591348.279, 101
Trd, 2591349.996, 99
Trd, 2591350.063, 98
Trd, 2591350.913, 93
Trd, 2591351.963, 97
Trd, 2591352.229, 97
Trd, 2591352.263, 96
Trd, 2591352.463, 92
Trd, 2591353.813, 102
Trd, 2591353.963, 103
Trd, 2591354.013, 96
Trd, 2591355.029, 96
Trd, 2591355.296, 94
Trd, 2591355.546, 105
Trd, 2591357.563, 97
Trd, 2591357.779, 98
Trd, 2591358.246, 98
Trd, 2591358.896, 99
Trd, 2591359.046, 97
Trd, 2591360.029, 95
Trd, 2591360.413, 91
Trd, 2591360.429, 102
Trd, 2591361.279, 105
Trd, 2591362.379, 111
Trd, 2591362.529, 118
Trd, 2591364.479, 116
Trd, 2591365.079, 115
Trd, 2591365.279, 108
Trd, 2591365.646, 101
Trd, 2591366.079, 115
Trd, 2591366.863, 116
Trd, 2591367.413, 102
Trd, 2591367.596, 101
Trd, 2591367.913, 117
Trd, 2591368.629, 98
Trd, 2591370.696, 97
Trd, 2591370.763, 98
Trd, 2591371.696, 113
Trd, 2591372.196, 118
Trd, 2591372.379, 98
Trd, 2591372.663, 101
Trd, 2591373.013, 94
Trd, 2591373.146, 105
Trd, 2591373.496, 122
Trd, 2591373.796, 115
Trd, 2591375.296, 121
Trd, 2591375.429, 115
Trd, 2591375.479, 98
Trd, 2591375.696, 123
Trd, 2591378.513, 97
Trd, 2591378.813, 96
Trd, 2591379.063, 99
Trd, 2591379.363, 101
Trd, 2591379.913, 95
Trd, 2591380.029, 94
Trd, 2591380.546, 93
Trd, 2591381.196, 99
Trd, 2591382.546, 96
Trd, 2591382.896, 95
Trd, 2591383.046, 96
Trd, 2591383.579, 101
Trd, 2591383.663, 105
Trd, 2591383.713, 109
Trd, 2591384.046, 89
Trd, 2591384.896, 91
Trd, 2591385.613, 91
Trd, 2591386.729, 90
Trd, 2591387.213, 91
Trd, 2591388.246, 90
Trd, 2591388.629, 93
Trd, 2591388.913, 90
Trd, 2591389.146, 100
Trd, 2591390.779, 105
Trd, 2591392.529, 115
Trd, 2591393.263, 108
Trd, 2591393.513, 102
Trd, 2591393.529, 109
Trd, 2591393.629, 118
Trd, 2591394.696, 102
Trd, 2591394.779, 101
Trd, 2591395.429, 92
Trd, 2591397.396, 94
Trd, 2591397.413, 93
Trd, 2591397.696, 93
Trd, 2591397.763, 91
Trd, 2591399.163, 88
Trd, 2591399.313, 87
Trd, 2591399.413, 94
Trd, 2591399.746, 104
Trd, 2591400.313, 106
Trd, 2591401.329, 115
Trd, 2591402.479, 91
Trd, 2591402.829, 118
Trd, 2591404.013, 104
Trd, 2591404.396, 98
Trd, 2591404.613, 105
Trd, 2591404.996, 105
Trd, 2591405.346, 100
Trd, 2591406.163, 104
Trd, 2591406.713, 101
Trd, 2591407.129, 101
Trd, 2591408.146, 95
Trd, 2591408.663, 105
Trd, 2591411.463, 99
Trd, 2591411.729, 100
Trd, 2591412.096, 99
Trd, 2591412.213, 99
Trd, 2591412.579, 105
Trd, 2591413.063, 111
Trd, 2591413.379, 98
Trd, 2591413.446, 94
Trd, 2591414.363, 112
Trd, 2591415.463, 104
Trd, 2591416.563, 116
Trd, 2591416.846, 115
Trd, 2591417.663, 89
Trd, 2591417.746, 105
Trd, 2591418.679, 118
Trd, 2591419.496, 122
Trd, 2591420.763, 126
Trd, 2591421.013, 104
Trd, 2591421.213, 124
Trd, 2591421.363, 103
Trd, 2591422.613, 104
Trd, 2591423.163, 105
Trd, 2591423.229, 104
Trd, 2591423.946, 101
Trd, 2591425.113, 108
Trd, 2591426.413, 108
Trd, 2591426.696, 103
Trd, 2591426.929, 102
Trd, 2591427.046, 101
Trd, 2591427.396, 109
Trd, 2591427.429, 118
Trd, 2591429.196, 105
Trd, 2591429.246, 102
Trd, 2591429.429, 98
Trd, 2591429.613, 94
Trd, 2591429.663, 91
Trd, 2591430.213, 105
Trd, 2591431.879, 93
Trd, 2591432.613, 122
Trd, 2591432.796, 94
Trd, 2591433.279, 118
Trd, 2591434.063, 93
Trd, 2591434.163, 122
Trd, 2591434.246, 92
Trd, 2591435.163, 91
Trd, 2591436.496, 101
Trd, 2591436.596, 102
Trd, 2591436.729, 103
Trd, 2591437.413, 103
Trd, 2591438.296, 92
Trd, 2591438.463, 87
Trd, 2591439.829, 99
Trd, 2591440.479, 105
Trd, 2591441.629, 98
Trd, 2591442.396, 102
Trd, 2591442.646, 103
Trd, 2591443.079, 111
Trd, 2591443.129, 122
Trd, 2591444.229, 114
Trd, 2591445.396, 105
Trd, 2591445.563, 102
Trd, 2591445.779, 102
Trd, 2591445.913, 101
Trd, 2591446.229, 94
Trd, 2591446.363, 106
Trd, 2591446.379, 122
Trd, 2591447.296, 110
Trd, 2591448.079, 124
Trd, 2591449.429, 101
Trd, 2591451.229, 109
Trd, 2591451.679, 106
Trd, 2591452.896, 112
Trd, 2591453.246, 110
Trd, 2591453.363, 119
Trd, 2591454.479, 108
Trd, 2591454.813, 118
Trd, 2591455.679, 100
Trd, 2591455.979, 112
Trd, 2591457.263, 103
Trd, 2591457.346, 102
Trd, 2591457.779, 108
Trd, 2591457.896, 109
Trd, 2591459.363, 106
Trd, 2591459.446, 103
Trd, 2591460.063, 98
Trd, 2591461.129, 94
Trd, 2591461.146, 108
Trd, 2591461.446, 107
Trd, 2591461.763, 91
Trd, 2591462.313, 99
Trd, 2591463.863, 93
Trd, 2591464.829, 98
Trd, 2591465.179, 95
Trd, 2591465.496, 97
Trd, 2591465.613, 99
Trd, 2591466.596, 98
Trd, 2591467.513, 97
Trd, 2591467.813, 109
Trd, 2591468.029, 95
Trd, 2591470.063, 102
Trd, 2591471.329, 102
Trd, 2591471.446, 105
Trd, 2591471.663, 117
Trd, 2591471.979, 102
Trd, 2591472.029, 98
Trd, 2591472.879, 100
Trd, 2591473.263, 104
Trd, 2591473.329, 99
Trd, 2591473.446, 113
Trd, 2591474.213, 117
Trd, 2591474.546, 94
Trd, 2591475.446, 107
Trd, 2591475.579, 93
Trd, 2591475.613, 104
Trd, 2591476.196, 94
Trd, 2591478.813, 102
Trd, 2591478.913, 101
Trd, 2591479.346, 99
Trd, 2591479.396, 105
Trd, 2591479.713, 98
Trd, 2591481.846, 111
Trd, 2591482.113, 112
Trd, 2591482.879, 118
Trd, 2591483.896, 105
Trd, 2591485.029, 121
Trd, 2591486.213, 102
Trd, 2591486.463, 105
Trd, 2591486.513, 106
Trd, 2591486.796, 98
Trd, 2591487.146, 106
Trd, 2591487.796, 104
Trd, 2591488.613, 101
Trd, 2591489.396, 104
Trd, 2591489.446, 103
Trd, 2591491.279, 106
Trd, 2591491.513, 105
Trd, 2591491.996, 101
Trd, 2591492.046, 106
Trd, 2591492.179, 108
Trd, 2591492.829, 118
Trd, 2591493.063, 98
Trd, 2591493.179, 122
Trd, 2591493.496, 125
Trd, 2591493.513, 91
Trd, 2591493.846, 124
Trd, 2591496.363, 98
Trd, 2591496.729, 96
Trd, 2591497.246, 105
Trd, 2591497.629, 108
Trd, 2591497.896, 97
Trd, 2591499.596, 115
Trd, 2591499.646, 114
Trd, 2591499.929, 97
Trd, 2591500.029, 94
Trd, 2591500.629, 91
Trd, 2591502.946, 92
Trd, 2591503.013, 97
Trd, 2591503.696, 98
Trd, 2591503.863, 96
Trd, 2591504.796, 100
Trd, 2591505.196, 103
Trd, 2591505.729, 103
Trd, 2591506.563, 118
Trd, 2591507.029, 104
Trd, 2591507.613, 104
Trd, 2591507.879, 104
Trd, 2591507.963, 122
Trd, 2591508.646, 123
Trd, 2591510.796, 105
Trd, 2591511.929, 102
Trd, 2591512.179, 101
Trd, 2591512.196, 98
Trd, 2591512.779, 102
Trd, 2591514.229, 98
Trd, 2591514.313, 94
Trd, 2591516.396, 97
Trd, 2591516.763, 99
Trd, 2591516.929, 98
Trd, 2591517.213, 105
Trd, 2591518.763, 101
Trd, 2591518.929, 101
Trd, 2591519.146, 103
Trd, 2591519.346, 100
Trd, 2591520.263, 101
Trd, 2591520.529, 99
Trd, 2591522.029, 103
Trd, 2591522.313, 105
Trd, 2591523.029, 109
Trd, 2591523.446, 117
Trd, 2591525.113, 118
Trd, 2591525.129, 103
Trd, 2591526.279, 95
Trd, 2591527.079, 95
Trd, 2591527.279, 101
Trd, 2591527.379, 102
Trd, 2591527.396, 117
Trd, 2591527.963, 97
Trd, 2591528.363, 116
Trd, 2591528.429, 98
Trd, 2591530.596, 92
Trd, 2591530.829, 104
Trd, 2591532.113, 96
Trd, 2591532.229, 89
Trd, 2591533.213, 95
Trd, 2591534.296, 95
Trd, 2591534.363, 98
Trd, 2591534.713, 99
Trd, 2591534.963, 99
Trd, 2591535.713, 118
Trd, 2591536.546, 120
Trd, 2591538.146, 125
Trd, 2591538.913, 108
Trd, 2591539.196, 107
Trd, 2591539.479, 106
Trd, 2591539.963, 98
Trd, 2591540.146, 94
Trd, 2591540.346, 92
Trd, 2591540.446, 91
Trd, 2591540.463, 111
Trd, 2591540.963, 111
Trd, 2591540.979, 112
Trd, 2591541.629, 100
Trd, 2591543.946, 104
Trd, 2591545.079, 104
Trd, 2591545.279, 111
Trd, 2591546.096, 108
Trd, 2591546.846, 95
Trd, 2591547.863, 96
Trd, 2591547.963, 95
Trd, 2591548.779, 95
Trd, 2591548.829, 99
Trd, 2591548.913, 101
Trd, 2591549.663, 104
Trd, 2591550.063, 88
Trd, 2591551.296, 105
Trd, 2591551.679, 94
Trd, 2591553.013, 98
Trd, 2591553.846, 113
Trd, 2591554.079, 100
Trd, 2591554.396, 99
Trd, 2591554.479, 93
Trd, 2591554.546, 113
Trd, 2591554.763, 91
Trd, 2591555.746, 105
Trd, 2591555.996, 87
Trd, 2591558.296, 86
Trd, 2591558.346, 84
Trd, 2591558.779, 98
Trd, 2591559.829, 85
Trd, 2591560.379, 99
Trd, 2591561.213, 98
Trd, 2591562.063, 100
Trd, 2591562.646, 104
Trd, 2591562.846, 105
Trd, 2591564.563, 111
Trd, 2591564.663, 110
Trd, 2591565.613, 111
Trd, 2591565.913, 110
Trd, 2591566.279, 108
Trd, 2591566.779, 111
Trd, 2591566.896, 113
Trd, 2591567.079, 118
Trd, 2591567.513, 113
Trd, 2591568.129, 122
Trd, 2591568.313, 102
Trd, 2591568.896, 101
Trd, 2591569.496, 87
Trd, 2591570.029, 84
Trd, 2591570.729, 108
Trd, 2591571.046, 108
Trd, 2591572.279, 92
Trd, 2591572.429, 97
Trd, 2591572.713, 92
Trd, 2591573.079, 92
Trd, 2591573.763, 91
Trd, 2591577.896, 92
Trd, 2591579.079, 94
Trd, 2591579.746, 94
Trd, 2591580.496, 93
Trd, 2591581.079, 96
Trd, 2591581.113, 99
Trd, 2591581.613, 95
Trd, 2591582.079, 95
Trd, 2591582.296, 105
Trd, 2591582.529, 106
Trd, 2591582.829, 108
Trd, 2591583.413, 127
Trd, 2591583.696, 115
Trd, 2591583.713, 108
Trd, 2591584.246, 127
Trd, 2591584.679, 128
Trd, 2591584.979, 108
Trd, 2591585.013, 107
Trd, 2591585.896, 107
Trd, 2591586.713, 109
Trd, 2591586.829, 108
Trd, 2591587.013, 101
Trd, 2591588.829, 101
Trd, 2591589.329, 102
Trd, 2591589.979, 94
Trd, 2591590.113, 96
Trd, 2591590.279, 98
Trd, 2591590.779, 111
Trd, 2591591.363, 94
Trd, 2591591.429, 122
Trd, 2591593.129, 96
Trd, 2591593.513, 97
Trd, 2591593.546, 125
Trd, 2591594.129, 113
Trd, 2591594.313, 98
Trd, 2591594.363, 96
Trd, 2591594.996, 92
Trd, 2591595.396, 92
Trd, 2591596.046, 97
Trd, 2591598.079, 99
Trd, 2591599.279, 98
Trd, 2591600.429, 95
Trd, 2591601.013, 97
Trd, 2591601.513, 97
Trd, 2591601.629, 98
Trd, 2591602.463, 105
Trd, 2591602.663, 91
Trd, 2591603.363, 98
Trd, 2591603.479, 101
Trd, 2591603.829, 109
Trd, 2591604.479, 94
Trd, 2591604.579, 94
Trd, 2591605.146, 95
Trd, 2591606.363, 108
Trd, 2591606.763, 98
Trd, 2591606.896, 113
Trd, 2591607.029, 118
Trd, 2591607.063, 122
Trd, 2591607.629, 88
Trd, 2591607.713, 87
Trd, 2591608.596, 117
Trd, 2591610.029, 91
Trd, 2591610.646, 91
Trd, 2591611.829, 101
Trd, 2591612.713, 99
Trd, 2591612.996, 99
Trd, 2591613.679, 99
Trd, 2591613.879, 111
Trd, 2591614.013, 113
Trd, 2591614.696, 112
Trd, 2591615.263, 113
Trd, 2591616.463, 105
Trd, 2591616.963, 105
Trd, 2591617.146, 101
Trd, 2591617.279, 114
Trd, 2591617.963, 98
Trd, 2591619.013, 97
Trd, 2591620.029, 97
Trd, 2591620.496, 110
Trd, 2591621.546, 97
Trd, 2591621.913, 95
Trd, 2591622.963, 98
Trd, 2591623.729, 99
Trd, 2591623.796, 94
Trd, 2591626.146, 93
Trd, 2591626.196, 92
Trd, 2591628.213, 98
Trd, 2591628.996, 103
Trd, 2591629.113, 105
Trd, 2591629.496, 98
Trd, 2591629.579, 109
Trd, 2591629.779, 96
Trd, 2591631.363, 101
Trd, 2591631.963, 106
Trd, 2591632.396, 107
Trd, 2591632.429, 115
Trd, 2591632.796, 102
Trd, 2591633.196, 100
Trd, 2591635.146, 99
Trd, 2591635.263, 102
Trd, 2591635.779, 100
Trd, 2591636.196, 100
Trd, 2591636.213, 98
Trd, 2591636.513, 94
Trd, 2591636.963, 99
Trd, 2591637.029, 93
Trd, 2591638.713, 91
Trd, 2591639.696, 100
Trd, 2591640.463, 90
Trd, 2591641.063, 102
Trd, 2591641.179, 90
Trd, 2591641.479, 105
Trd, 2591641.579, 105
Trd, 2591641.713, 111
Trd, 2591641.913, 118
Trd, 2591642.629, 99
Trd, 2591643.829, 102
Trd, 2591644.079, 105
Trd, 2591644.463, 104
Trd, 2591646.179, 102
Trd, 2591646.263, 101
Trd, 2591646.346, 105
Trd, 2591646.863, 105
Trd, 2591648.196, 122
Trd, 2591648.463, 123
Trd, 2591648.779, 104
Trd, 2591649.629, 103
Trd, 2591649.879, 113
Trd, 2591650.213, 114
Trd, 2591650.246, 98
Trd, 2591650.963, 93
Trd, 2591651.363, 92
Trd, 2591651.713, 100
Trd, 2591652.096, 91
Trd, 2591653.596, 88
Trd, 2591653.996, 87
Trd, 2591655.196, 98
Trd, 2591655.846, 90
Trd, 2591656.429, 89
Trd, 2591657.829, 89
Trd, 2591658.046, 99
Trd, 2591658.196, 100
Trd, 2591658.813, 98
Trd, 2591659.096, 100
Trd, 2591659.346, 100
Trd, 2591659.796, 97
Trd, 2591661.079, 99
Trd, 2591661.663, 99
Trd, 2591662.146, 101
Trd, 2591662.763, 103
Trd, 2591662.813, 102
Trd, 2591663.013, 100
Trd, 2591663.513, 110
Trd, 2591663.979, 98
Trd, 2591664.196, 111
Trd, 2591665.579, 117
Trd, 2591665.813, 94
Trd, 2591666.463, 118
Trd, 2591667.829, 92
Trd, 2591668.046, 92
Trd, 2591669.196, 118
Trd, 2591670.663, 114
Trd, 2591671.596, 111
Trd, 2591672.446, 108
Trd, 2591672.529, 109
Trd, 2591672.863, 98
Trd, 2591673.546, 98
Trd, 2591674.379, 107
Trd, 2591675.063, 101
Trd, 2591675.729, 99
Trd, 2591676.596, 99
Trd, 2591679.346, 93
Trd, 2591679.396, 92
Trd, 2591679.863, 103
Trd, 2591680.213, 108
Trd, 2591680.346, 94
Trd, 2591680.979, 96
Trd, 2591680.996, 111
Trd, 2591681.246, 97
Trd, 2591681.779, 98
Trd, 2591681.863, 113
Trd, 2591682.796, 101
Trd, 2591683.079, 105
Trd, 2591683.679, 117
Trd, 2591683.829, 100
Trd, 2591683.946, 99
Trd, 2591685.279, 115
Trd, 2591685.596, 118
Trd, 2591688.896, 115
Trd, 2591689.379, 112
Trd, 2591689.479, 110
Trd, 2591690.379, 109
Trd, 2591690.696, 108
Trd, 2591690.746, 98
Trd, 2591691.029, 114
Trd, 2591691.163, 94
Trd, 2591691.463, 92
Trd, 2591692.046, 116
Trd, 2591692.146, 118
Trd, 2591693.313, 96
Trd, 2591693.863, 98
Trd, 2591694.229, 95
Trd, 2591694.313, 91
Trd, 2591694.329, 87
Trd, 2591695.063, 105
Trd, 2591697.563, 93
Trd, 2591697.746, 97
Trd, 2591698.279, 88
Trd, 2591698.679, 87
Trd, 2591699.679, 95
Trd, 2591700.829, 98
Trd, 2591701.129, 102
Trd, 2591701.179, 90
Trd, 2591701.613, 105
Trd, 2591702.729, 96
Trd, 2591703.296, 116
Trd, 2591703.513, 117
Trd, 2591704.679, 115
Trd, 2591704.879, 108
Trd, 2591705.129, 117
Trd, 2591705.346, 108
Trd, 2591705.629, 107
Trd, 2591705.796, 121
Trd, 2591706.063, 105
Trd, 2591706.396, 98
Trd, 2591707.463, 117
Trd, 2591708.346, 116
Trd, 2591708.413, 118
Trd, 2591708.929, 98
Trd, 2591709.996, 128
Trd, 2591710.113, 129
Trd, 2591710.779, 116
Trd, 2591711.146, 116
Trd, 2591711.796, 115
Trd, 2591711.946, 105
Trd, 2591714.563, 99
Trd, 2591715.329, 96
Trd, 2591716.796, 102
Trd, 2591717.213, 97
Trd, 2591717.229, 96
Trd, 2591717.813, 96
Trd, 2591718.163, 101
Trd, 2591718.546, 94
Trd, 2591720.063, 100
Trd, 2591720.096, 101
Trd, 2591720.179, 91
Trd, 2591721.396, 101
Trd, 2591721.546, 110
Trd, 2591723.096, 102
Trd, 2591723.279, 96
Trd, 2591723.463, 95
Trd, 2591724.813, 102
Trd, 2591724.929, 105
Trd, 2591725.579, 100
Trd, 2591726.579, 100
Trd, 2591726.663, 99
Trd, 2591726.796, 101
Trd, 2591727.563, 101
Trd, 2591729.013, 106
Trd, 2591729.229, 114
Trd, 2591729.363, 116
Trd, 2591730.429, 105
Trd, 2591731.029, 97
Trd, 2591731.413, 97
Trd, 2591732.079, 98
Trd, 2591732.429, 98
Trd, 2591732.479, 108
Trd, 2591734.496, 106
Trd, 2591735.096, 105
Trd, 2591735.163, 104
Trd, 2591735.663, 105
Trd, 2591736.263, 103
Trd, 2591738.479, 99
Trd, 2591738.629, 98
Trd, 2591738.679, 94
Trd, 2591739.129, 109
Trd, 2591739.729, 118
Trd, 2591740.379, 122
Trd, 2591741.113, 115
Trd, 2591742.146, 114
Trd, 2591742.213, 108
Trd, 2591742.729, 119
Trd, 2591743.346, 117
Trd, 2591743.396, 97
Trd, 2591745.596, 112
Trd, 2591745.713, 112
Trd, 2591746.179, 112
Trd, 2591746.279, 111
Trd, 2591746.996, 106
Trd, 2591747.029, 114
Trd, 2591747.313, 105
Trd, 2591748.279, 94
Trd, 2591749.129, 126
Trd, 2591749.346, 91
Trd, 2591749.829, 110
Trd, 2591750.429, 110
Trd, 2591750.596, 125
Trd, 2591751.296, 99
Trd, 2591752.396, 103
Trd, 2591752.563, 102
Trd, 2591753.113, 128
Trd, 2591753.129, 101
Trd, 2591753.779, 105
Trd, 2591755.196, 98
Trd, 2591757.113, 121
Trd, 2591757.913, 94
Trd, 2591758.696, 96
Trd, 2591758.863, 97
Trd, 2591758.963, 98
Trd, 2591759.679, 92
Trd, 2591760.996, 117
Trd, 2591761.046, 119
Trd, 2591761.313, 115
Trd, 2591761.713, 101
Trd, 2591761.946, 91
Trd, 2591762.013, 87
Trd, 2591762.829, 99
Trd, 2591763.846, 89
Trd, 2591764.496, 99
Trd, 2591765.246, 101
Trd, 2591765.529, 98
Trd, 2591765.896, 99
Trd, 2591766.579, 102
Trd, 2591766.596, 100
Trd, 2591766.829, 98
Trd, 2591766.963, 116
Trd, 2591768.246, 115
Trd, 2591768.579, 98
Trd, 2591769.346, 112
Trd, 2591771.129, 93
Trd, 2591771.179, 103
Trd, 2591771.629, 92
Trd, 2591772.463, 115
Trd, 2591772.779, 100
Trd, 2591773.563, 93
Trd, 2591773.596, 114
Trd, 2591774.296, 106
Trd, 2591775.696, 98
Trd, 2591776.063, 99
Trd, 2591776.346, 97
Trd, 2591777.379, 109
Trd, 2591777.713, 92
Trd, 2591777.913, 91
Trd, 2591778.229, 88
Trd, 2591778.546, 87
Trd, 2591779.329, 105
Trd, 2591779.963, 86
Trd, 2591782.213, 103
Trd, 2591782.296, 105
Trd, 2591782.329, 92
Trd, 2591783.546, 112
Trd, 2591783.663, 95
Trd, 2591783.796, 122
Trd, 2591786.146, 101
Trd, 2591786.696, 101
Trd, 2591786.713, 99
Trd, 2591786.979, 102
Trd, 2591787.296, 105
Trd, 2591787.779, 118
Trd, 2591788.629, 115
Trd, 2591790.213, 122
Trd, 2591790.479, 98
Trd, 2591790.563, 98
Trd, 2591791.013, 98
Trd, 2591791.263, 94
Trd, 2591792.779, 89
Trd, 2591792.929, 89
Trd, 2591793.029, 87
Trd, 2591793.513, 88
Trd, 2591794.113, 90
Trd, 2591794.613, 108
Trd, 2591794.663, 90
Trd, 2591794.829, 100
Trd, 2591795.213, 91
Trd, 2591795.529, 101
Trd, 2591797.196, 93
Trd, 2591798.029, 118
Trd, 2591798.363, 95
Trd, 2591798.379, 119
Trd, 2591798.629, 94
Trd, 2591798.679, 122
Trd, 2591800.029, 98
Trd, 2591800.863, 99
Trd, 2591800.996, 98
Trd, 2591803.913, 93
Trd, 2591804.263, 93
Trd, 2591804.313, 94
Trd, 2591804.596, 102
Trd, 2591805.413, 102
Trd, 2591805.829, 92
Trd, 2591806.246, 103
Trd, 2591806.596, 91
Trd, 2591807.613, 99
Trd, 2591807.846, 87
Trd, 2591808.479, 99
Trd, 2591809.163, 85
Trd, 2591809.696, 84
Trd, 2591810.196, 101
Trd, 2591810.729, 101
Trd, 2591810.779, 105
Trd, 2591812.013, 108
Trd, 2591812.546, 100
Trd, 2591813.596, 100
Trd, 2591813.946, 100
Trd, 2591814.296, 116
Trd, 2591814.696, 99
Trd, 2591816.496, 104
Trd, 2591817.696, 116
Trd, 2591818.779, 118
Trd, 2591818.879, 119
Trd, 2591818.929, 122
Trd, 2591819.929, 122
Trd, 2591819.946, 129
Trd, 2591820.063, 115
Trd, 2591820.179, 108
Trd, 2591820.746, 109
Trd, 2591820.896, 108
Trd, 2591821.796, 105
Trd, 2591822.313, 102
Trd, 2591823.429, 105
Trd, 2591823.513, 107
Trd, 2591824.713, 102
Trd, 2591824.879, 101
Trd, 2591825.029, 98
Trd, 2591825.196, 105
Trd, 2591825.613, 94
Trd, 2591826.046, 91
Trd, 2591826.413, 104
Trd, 2591828.279, 93
Trd, 2591828.329, 95
Trd, 2591829.346, 116
Trd, 2591830.096, 101
Trd, 2591830.263, 118
Trd, 2591830.279, 101
Trd, 2591831.163, 110
Trd, 2591831.729, 104
Trd, 2591833.946, 102
Trd, 2591834.563, 102
Trd, 2591834.929, 109
Trd, 2591835.113, 122
Trd, 2591835.829, 127
Trd, 2591836.296, 129
Trd, 2591836.796, 123
Trd, 2591836.829, 101
Trd, 2591837.013, 91
Trd, 2591838.229, 91
Trd, 2591839.563, 126
Trd, 2591840.963, 96
Trd, 2591841.213, 96
Trd, 2591842.113, 96
Trd, 2591842.146, 95
Trd, 2591842.596, 100
Trd, 2591842.646, 103
Trd, 2591842.796, 97
Trd, 2591843.929, 106
Trd, 2591844.379, 97
Trd, 2591844.863, 107
Trd, 2591845.963, 105
Trd, 2591846.163, 110
Trd, 2591846.896, 115
Trd, 2591846.946, 118
Trd, 2591847.479, 109
Trd, 2591847.763, 121
Trd, 2591848.863, 122
Trd, 2591848.996, 108
Trd, 2591849.529, 101
Trd, 2591849.546, 94
Trd, 2591851.296, 94
Trd, 2591851.629, 95
Trd, 2591851.829, 94
Trd, 2591853.179, 96
Trd, 2591853.763, 98
Trd, 2591855.779, 106
Trd, 2591856.163, 108
Trd, 2591857.479, 102
Trd, 2591858.246, 101
Trd, 2591859.229, 98
Trd, 2591859.563, 98
Trd, 2591859.979, 88
Trd, 2591860.329, 98
Trd, 2591860.529, 109
Trd, 2591860.929, 118
Trd, 2591862.496, 96
Trd, 2591862.879, 96
Trd, 2591863.779, 102
Trd, 2591863.829, 100
Trd, 2591865.646, 102
Trd, 2591866.329, 111
Trd, 2591867.079, 104
Trd, 2591867.996, 107
Trd, 2591868.063, 105
Trd, 2591868.246, 101
Trd, 2591869.796, 104
Trd, 2591869.846, 107
Trd, 2591870.046, 108
Trd, 2591870.313, 101
Trd, 2591870.746, 117
Trd, 2591871.096, 98
Trd, 2591871.813, 94
Trd, 2591872.796, 98
Trd, 2591873.046, 116
Trd, 2591873.879, 114
Trd, 2591874.046, 118
Trd, 2591874.646, 97
Trd, 2591874.963, 122
Trd, 2591875.229, 96
Trd, 2591876.079, 96
Trd, 2591877.879, 100
Trd, 2591878.229, 113
Trd, 2591879.163, 102
Trd, 2591880.263, 102
Trd, 2591880.479, 101
Trd, 2591881.529, 98
Trd, 2591881.679, 101
Trd, 2591882.579, 122
Trd, 2591883.363, 95
Trd, 2591883.446, 94
Trd, 2591884.063, 106
Trd, 2591884.113, 90
Trd, 2591885.146, 90
Trd, 2591885.246, 101
Trd, 2591885.579, 115
Trd, 2591885.963, 118
Trd, 2591886.079, 108
Trd, 2591887.746, 101
Trd, 2591889.079, 103
Trd, 2591890.163, 103
Trd, 2591890.263, 102
Trd, 2591890.813, 101
Trd, 2591891.229, 100
Trd, 2591892.179, 95
Trd, 2591892.479, 95
Trd, 2591892.546, 94
Trd, 2591892.963, 91
Trd, 2591893.413, 92
Trd, 2591894.596, 88
Trd, 2591894.913, 87
Trd, 2591894.946, 92
Trd, 2591895.913, 102
Trd, 2591895.996, 105
Trd, 2591897.146, 87
Trd, 2591897.746, 89
Trd, 2591898.563, 101
Trd, 2591900.213, 93
Trd, 2591900.329, 105
Trd, 2591900.529, 92
Trd, 2591900.829, 111
Trd, 2591901.746, 100
Trd, 2591903.013, 107
Trd, 2591903.079, 105
Trd, 2591903.529, 108
Trd, 2591903.629, 106
Trd, 2591903.813, 105
Trd, 2591904.529, 102
Trd, 2591905.579, 101
Trd, 2591906.729, 107
Trd, 2591907.479, 108
Trd, 2591907.829, 109
Trd, 2591908.263, 98
Trd, 2591909.129, 101
Trd, 2591909.329, 112
Trd, 2591909.663, 118
Trd, 2591910.446, 107
Trd, 2591911.363, 106
Trd, 2591911.679, 116
Trd, 2591912.746, 111
Trd, 2591913.429, 111
Trd, 2591914.029, 120
Trd, 2591915.896, 105
Trd, 2591918.346, 109
Trd, 2591918.413, 105
Trd, 2591918.763, 107
Trd, 2591918.963, 108
Trd, 2591919.063, 122
Trd, 2591920.796, 101
Trd, 2591921.263, 112
Trd, 2591921.346, 113
Trd, 2591922.079, 100
Trd, 2591922.229, 100
Trd, 2591922.313, 100
Trd, 2591923.079, 99
Trd, 2591923.113, 99
Trd, 2591923.596, 95
Trd, 2591924.646, 101
Trd, 2591924.929, 97
Trd, 2591925.479, 98
Trd, 2591926.429, 120
Trd, 2591927.013, 100
Trd, 2591927.046, 119
Trd, 2591927.729, 101
Trd, 2591928.296, 98
Trd, 2591928.713, 123
Trd, 2591929.146, 94
Trd, 2591930.263, 91
Trd, 2591931.679, 96
Trd, 2591932.029, 97
Trd, 2591932.946, 97
Trd, 2591933.129, 98
Trd, 2591933.363, 97
Trd, 2591934.046, 101
Trd, 2591934.146, 105
Trd, 2591934.413, 95
Trd, 2591935.863, 104
Trd, 2591936.463, 102
Trd, 2591936.546, 103
Trd, 2591937.746, 105
Trd, 2591937.896, 105
Trd, 2591938.229, 106
Trd, 2591938.779, 107
Trd, 2591940.313, 107
Trd, 2591940.429, 101
Trd, 2591940.546, 108
Trd, 2591941.096, 111
Trd, 2591941.229, 98
Trd, 2591941.896, 118
Trd, 2591941.913, 94
Trd, 2591943.696, 88
Trd, 2591944.163, 87
Trd, 2591944.563, 88
Trd, 2591945.363, 122
Trd, 2591945.613, 125
Trd, 2591946.146, 94
Trd, 2591946.746, 95
Trd, 2591947.496, 128
Trd, 2591949.429, 97
Trd, 2591949.463, 100
Trd, 2591950.629, 102
Trd, 2591950.913, 100
Trd, 2591951.013, 102
Trd, 2591952.029, 117
Trd, 2591952.096, 100
Trd, 2591952.829, 99
Trd, 2591953.213, 98
Trd, 2591953.796, 97
Trd, 2591954.246, 93
Trd, 2591954.579, 91
Trd, 2591954.879, 89
Trd, 2591955.396, 104
Trd, 2591955.863, 102
Trd, 2591956.029, 103
Trd, 2591956.629, 92
Trd, 2591957.446, 103
Trd, 2591957.613, 93
Trd, 2591958.129, 92
Trd, 2591958.396, 91
Trd, 2591959.113, 101
Trd, 2591959.279, 87
Trd, 2591960.596, 90
Trd, 2591961.546, 98
Trd, 2591962.213, 105
Trd, 2591962.663, 102
Trd, 2591963.163, 102
Trd, 2591963.863, 109
Trd, 2591964.046, 118
Trd, 2591964.279, 102
Trd, 2591964.846, 122
Trd, 2591965.679, 115
Trd, 2591965.796, 109
Trd, 2591966.479, 106
Trd, 2591967.329, 114
Trd, 2591967.913, 105
Trd, 2591968.896, 129
Trd, 2591969.413, 106
Trd, 2591970.329, 105
Trd, 2591970.513, 126
Trd, 2591970.979, 101
Trd, 2591972.363, 101
Trd, 2591973.413, 101
Trd, 2591973.863, 105
Trd, 2591974.246, 104
Trd, 2591974.546, 108
Trd, 2591974.879, 98
Trd, 2591975.813, 95
Trd, 2591976.163, 110
Trd, 2591976.296, 91
Trd, 2591976.963, 89
Trd, 2591977.913, 107
Trd, 2591978.263, 92
Trd, 2591978.629, 90
Trd, 2591978.996, 107
Trd, 2591979.713, 107
Trd, 2591979.879, 108
Trd, 2591981.013, 96
Trd, 2591982.713, 115
Trd, 2591984.179, 100
Trd, 2591984.896, 99
Trd, 2591985.046, 98
Trd, 2591985.179, 102
Trd, 2591985.213, 98
Trd, 2591985.596, 105
Trd, 2591985.929, 118
Trd, 2591987.513, 104
Trd, 2591988.196, 106
Trd, 2591988.479, 106
Trd, 2591988.496, 122
Trd, 2591988.596, 105
Trd, 2591989.446, 104
Trd, 2591989.996, 110
Trd, 2591990.829, 94
Trd, 2591992.479, 98
Trd, 2591992.913, 104
Trd, 2591992.963, 105
Trd, 2591993.046, 97
Trd, 2591994.046, 101
Trd, 2591994.296, 103
Trd, 2591994.446, 118
Trd, 2591994.463, 96
Trd, 2591994.979, 93
Trd, 2591996.729, 122
Trd, 2591997.213, 112
Trd, 2591998.129, 114
Trd, 2591999.129, 114
