Trd, 2590684.846, 89
Trd, 2590684.863, 84
Trd, 2590685.746, 84
Trd, 2590685.779, 97
Trd, 2590685.913, 99
Trd, 2590688.263, 98
Trd, 2590688.763, 88
Trd, 2590688.879, 98
Trd, 2590689.929, 99
Trd, 2590690.396, 89
Trd, 2590691.196, 87
Trd, 2590691.646, 91
Trd, 2590692.329, 99
Trd, 2590692.929, 90
Trd, 2590692.963, 95
Trd, 2590694.013, 95
Trd, 2590694.279, 100
Trd, 2590695.363, 94
Trd, 2590695.779, 94
Trd, 2590696.063, 94
Trd, 2590696.246, 101
Trd, 2590696.663, 89
Trd, 2590696.813, 95
Trd, 2590696.996, 94
Trd, 2590699.579, 90
Trd, 2590700.363, 104
Trd, 2590700.863, 89
Trd, 2590700.963, 88
Trd, 2590701.046, 108
Trd, 2590702.329, 99
Trd, 2590702.429, 91
Trd, 2590703.496, 96
Trd, 2590704.496, 94
Trd, 2590704.829, 104
Trd, 2590705.546, 103
Trd, 2590706.579, 92
Trd, 2590707.113, 89
Trd, 2590708.029, 93
Trd, 2590709.846, 104
Trd, 2590710.246, 91
Trd, 2590710.579, 91
Trd, 2590710.763, 90
Trd, 2590711.513, 105
Trd, 2590711.896, 87
Trd, 2590713.279, 105
Trd, 2590713.629, 94
Trd, 2590714.096, 91
Trd, 2590715.629, 93
Trd, 2590716.463, 98
Trd, 2590716.746, 101
Trd, 2590717.879, 105
Trd, 2590718.229, 99
Trd, 2590718.979, 103
Trd, 2590720.196, 101
Trd, 2590720.829, 105
Trd, 2590722.379, 111
Trd, 2590722.596, 109
Trd, 2590723.229, 111
Trd, 2590724.046, 112
Trd, 2590724.779, 112
Trd, 2590725.213, 105
Trd, 2590725.879, 111
Trd, 2590726.646, 106
Trd, 2590727.096, 98
Trd, 2590727.763, 105
Trd, 2590728.129, 100
Trd, 2590728.363, 99
Trd, 2590728.479, 100
Trd, 2590729.346, 97
Trd, 2590729.579, 88
Trd, 2590730.246, 106
Trd, 2590730.263, 108
Trd, 2590730.363, 84
Trd, 2590733.713, 98
Trd, 2590734.029, 96
Trd, 2590734.763, 97
Trd, 2590735.363, 85
Trd, 2590735.596, 95
Trd, 2590735.763, 98
Trd, 2590735.813, 98
Trd, 2590736.813, 85
Trd, 2590737.429, 99
Trd, 2590737.546, 101
Trd, 2590737.763, 97
Trd, 2590738.663, 94
Trd, 2590738.863, 91
Trd, 2590740.063, 104
Trd, 2590740.096, 105
Trd, 2590740.679, 87
Trd, 2590741.096, 102
Trd, 2590741.196, 84
Trd, 2590741.379, 108
Trd, 2590743.479, 101
Trd, 2590743.963, 112
Trd, 2590744.746, 98
Trd, 2590745.146, 108
Trd, 2590746.063, 92
Trd, 2590747.029, 105
Trd, 2590747.229, 83
Trd, 2590748.146, 83
Trd, 2590748.229, 81
Trd, 2590748.363, 104
Trd, 2590749.629, 87
Trd, 2590750.979, 95
Trd, 2590751.529, 94
Trd, 2590752.279, 98
Trd, 2590752.846, 95
Trd, 2590753.296, 99
Trd, 2590753.596, 96
Trd, 2590754.529, 100
Trd, 2590754.879, 99
Trd, 2590755.063, 98
Trd, 2590756.613, 87
Trd, 2590757.029, 84
Trd, 2590757.279, 99
Trd, 2590757.813, 97
Trd, 2590758.563, 100
Trd, 2590759.929, 88
Trd, 2590760.679, 87
Trd, 2590760.713, 104
Trd, 2590761.979, 83
Trd, 2590762.229, 92
Trd, 2590763.529, 96
Trd, 2590763.846, 87
Trd, 2590763.929, 99
Trd, 2590763.996, 91
Trd, 2590764.179, 101
Trd, 2590764.679, 105
Trd, 2590766.679, 100
Trd, 2590766.963, 100
Trd, 2590767.046, 108
Trd, 2590767.913, 97
Trd, 2590769.229, 85
Trd, 2590771.046, 89
Trd, 2590771.346, 97
Trd, 2590771.879, 97
Trd, 2590772.296, 99
Trd, 2590774.129, 96
Trd, 2590774.613, 96
Trd, 2590775.296, 101
Trd, 2590776.446, 98
Trd, 2590776.579, 96
Trd, 2590777.513, 96
Trd, 2590777.563, 108
Trd, 2590777.646, 95
Trd, 2590777.829, 111
Trd, 2590778.329, 95
Trd, 2590778.579, 106
Trd, 2590779.663, 92
Trd, 2590779.729, 84
Trd, 2590780.296, 90
Trd, 2590780.996, 87
Trd, 2590781.163, 81
Trd, 2590782.596, 83
Trd, 2590783.129, 89
Trd, 2590783.413, 80
Trd, 2590783.596, 82
Trd, 2590784.696, 108
Trd, 2590784.863, 109
Trd, 2590785.013, 112
Trd, 2590786.013, 103
Trd, 2590786.096, 102
Trd, 2590787.796, 91
Trd, 2590788.329, 96
Trd, 2590789.413, 88
Trd, 2590789.746, 89
Trd, 2590790.229, 92
Trd, 2590790.363, 93
Trd, 2590791.079, 99
Trd, 2590793.096, 88
Trd, 2590793.346, 84
Trd, 2590793.429, 99
Trd, 2590793.646, 101
Trd, 2590793.663, 81
Trd, 2590794.029, 88
Trd, 2590795.013, 83
Trd, 2590797.863, 95
Trd, 2590798.296, 97
Trd, 2590798.479, 95
Trd, 2590798.563, 98
Trd, 2590798.746, 101
Trd, 2590799.446, 105
Trd, 2590799.546, 96
Trd, 2590800.229, 96
Trd, 2590802.129, 95
Trd, 2590803.379, 106
Trd, 2590803.946, 94
Trd, 2590804.896, 87
Trd, 2590804.946, 84
Trd, 2590804.979, 119
Trd, 2590805.113, 120
Trd, 2590805.346, 83
Trd, 2590805.813, 119
Trd, 2590806.263, 118
Trd, 2590806.396, 106
Trd, 2590808.379, 96
Trd, 2590808.579, 89
Trd, 2590809.096, 111
Trd, 2590809.896, 99
Trd, 2590809.913, 100
Trd, 2590810.946, 99
Trd, 2590812.679, 101
Trd, 2590812.863, 101
Trd, 2590813.879, 103
Trd, 2590814.213, 101
Trd, 2590814.313, 104
Trd, 2590814.546, 97
Trd, 2590815.713, 105
Trd, 2590815.946, 108
Trd, 2590816.296, 87
Trd, 2590816.579, 112
Trd, 2590817.346, 112
Trd, 2590818.213, 115
Trd, 2590818.829, 103
Trd, 2590819.379, 107
Trd, 2590819.913, 102
Trd, 2590820.663, 114
Trd, 2590820.779, 85
Trd, 2590820.813, 115
Trd, 2590821.496, 89
Trd, 2590823.163, 92
Trd, 2590825.079, 94
Trd, 2590825.729, 92
Trd, 2590825.779, 85
Trd, 2590826.113, 98
Trd, 2590826.179, 84
Trd, 2590826.679, 101
Trd, 2590826.813, 101
Trd, 2590827.096, 97
Trd, 2590827.429, 89
Trd, 2590827.596, 102
Trd, 2590827.613, 81
Trd, 2590827.779, 108
Trd, 2590829.363, 85
Trd, 2590829.596, 86
Trd, 2590830.063, 85
Trd, 2590830.696, 86
Trd, 2590831.013, 77
Trd, 2590831.963, 77
Trd, 2590832.279, 93
Trd, 2590833.029, 85
Trd, 2590833.596, 82
Trd, 2590833.613, 91
Trd, 2590833.646, 92
Trd, 2590834.313, 112
Trd, 2590836.313, 114
Trd, 2590837.396, 113
Trd, 2590837.713, 112
Trd, 2590839.463, 105
Trd, 2590839.913, 105
Trd, 2590840.063, 108
Trd, 2590840.279, 101
Trd, 2590840.779, 100
Trd, 2590840.929, 97
Trd, 2590841.496, 92
Trd, 2590841.596, 98
Trd, 2590842.396, 99
Trd, 2590842.429, 84
Trd, 2590843.213, 85
Trd, 2590843.863, 87
Trd, 2590845.996, 88
Trd, 2590846.663, 90
Trd, 2590847.463, 90
Trd, 2590847.546, 91
Trd, 2590847.763, 101
Trd, 2590848.696, 90
Trd, 2590848.863, 105
Trd, 2590850.346, 101
Trd, 2590851.946, 101
Trd, 2590852.396, 110
Trd, 2590852.696, 101
Trd, 2590852.729, 109
Trd, 2590852.896, 110
Trd, 2590853.529, 102
Trd, 2590853.963, 101
Trd, 2590854.613, 112
Trd, 2590854.979, 94
Trd, 2590855.113, 120
Trd, 2590855.829, 96
Trd, 2590856.313, 99
Trd, 2590857.179, 110
Trd, 2590858.063, 109
Trd, 2590858.379, 89
Trd, 2590859.429, 106
Trd, 2590861.346, 90
Trd, 2590861.479, 89
Trd, 2590863.029, 99
Trd, 2590863.196, 100
Trd, 2590864.513, 96
Trd, 2590865.079, 97
Trd, 2590866.146, 97
Trd, 2590866.296, 96
Trd, 2590867.129, 94
Trd, 2590867.463, 100
Trd, 2590867.579, 91
Trd, 2590867.829, 99
Trd, 2590868.846, 101
Trd, 2590869.679, 87
Trd, 2590870.729, 105
Trd, 2590870.913, 88
Trd, 2590871.296, 87
Trd, 2590871.979, 94
Trd, 2590872.563, 97
Trd, 2590872.646, 92
Trd, 2590875.313, 88
Trd, 2590877.713, 89
Trd, 2590877.963, 100
Trd, 2590878.029, 87
Trd, 2590878.079, 86
Trd, 2590878.096, 101
Trd, 2590879.246, 101
Trd, 2590879.329, 102
Trd, 2590879.363, 93
Trd, 2590879.946, 96
Trd, 2590880.029, 105
Trd, 2590880.629, 107
Trd, 2590880.796, 108
Trd, 2590881.663, 87
Trd, 2590882.446, 115
Trd, 2590882.796, 84
Trd, 2590882.896, 101
Trd, 2590883.946, 114
Trd, 2590883.996, 112
Trd, 2590884.496, 114
Trd, 2590886.496, 117
Trd, 2590886.529, 108
Trd, 2590887.363, 105
Trd, 2590888.379, 114
Trd, 2590888.629, 104
Trd, 2590889.313, 101
Trd, 2590890.063, 108
Trd, 2590892.313, 98
Trd, 2590893.329, 85
Trd, 2590894.179, 90
Trd, 2590894.229, 87
Trd, 2590894.496, 87
Trd, 2590894.679, 98
Trd, 2590894.713, 84
Trd, 2590894.979, 81
Trd, 2590895.813, 101
Trd, 2590896.696, 98
Trd, 2590898.063, 105
Trd, 2590898.796, 111
Trd, 2590898.996, 105
Trd, 2590900.446, 110
Trd, 2590900.479, 104
Trd, 2590901.046, 101
Trd, 2590901.113, 84
Trd, 2590902.029, 86
Trd, 2590902.396, 99
Trd, 2590902.963, 94
Trd, 2590903.263, 101
Trd, 2590903.913, 112
Trd, 2590904.413, 89
Trd, 2590904.479, 84
Trd, 2590905.296, 83
Trd, 2590905.946, 108
Trd, 2590907.463, 98
Trd, 2590907.479, 99
Trd, 2590908.846, 99
Trd, 2590909.663, 101
Trd, 2590910.796, 104
Trd, 2590910.996, 102
Trd, 2590911.113, 98
Trd, 2590911.946, 87
Trd, 2590912.563, 89
Trd, 2590912.846, 105
Trd, 2590913.929, 99
Trd, 2590913.963, 92
Trd, 2590915.846, 108
Trd, 2590916.496, 96
Trd, 2590916.879, 96
Trd, 2590917.729, 95
Trd, 2590917.846, 106
Trd, 2590918.246, 106
Trd, 2590918.563, 107
Trd, 2590918.996, 111
Trd, 2590920.179, 101
Trd, 2590920.779, 97
Trd, 2590921.363, 87
Trd, 2590921.379, 88
Trd, 2590922.279, 87
Trd, 2590922.763, 102
Trd, 2590923.263, 93
Trd, 2590925.013, 104
Trd, 2590925.229, 103
Trd, 2590925.829, 87
Trd, 2590926.963, 106
Trd, 2590926.979, 87
Trd, 2590928.563, 87
Trd, 2590928.596, 84
Trd, 2590928.713, 84
Trd, 2590928.763, 108
Trd, 2590929.213, 111
Trd, 2590930.029, 92
Trd, 2590930.813, 111
Trd, 2590930.913, 112
Trd, 2590930.946, 96
Trd, 2590931.863, 100
Trd, 2590932.396, 81
Trd, 2590932.879, 78
Trd, 2590934.179, 90
Trd, 2590934.846, 85
Trd, 2590935.763, 97
Trd, 2590935.779, 86
Trd, 2590935.929, 84
Trd, 2590936.313, 98
Trd, 2590936.446, 99
Trd, 2590936.896, 79
Trd, 2590937.729, 105
Trd, 2590938.496, 107
Trd, 2590940.029, 83
Trd, 2590940.446, 98
Trd, 2590941.046, 83
Trd, 2590942.246, 108
Trd, 2590943.013, 94
Trd, 2590943.779, 103
Trd, 2590944.229, 102
Trd, 2590944.363, 105
Trd, 2590944.429, 83
Trd, 2590946.496, 104
Trd, 2590946.663, 101
Trd, 2590947.396, 100
Trd, 2590947.879, 108
Trd, 2590949.029, 102
Trd, 2590949.696, 108
Trd, 2590950.046, 101
Trd, 2590950.779, 105
Trd, 2590951.096, 102
Trd, 2590952.279, 100
Trd, 2590953.196, 95
Trd, 2590954.079, 91
Trd, 2590954.146, 84
Trd, 2590954.396, 97
Trd, 2590954.796, 81
Trd, 2590957.113, 87
Trd, 2590957.496, 96
Trd, 2590958.696, 101
Trd, 2590958.746, 108
Trd, 2590960.146, 96
Trd, 2590960.196, 99
Trd, 2590960.796, 104
Trd, 2590960.979, 99
Trd, 2590961.429, 105
Trd, 2590962.129, 110
Trd, 2590962.829, 110
Trd, 2590963.429, 112
Trd, 2590964.146, 101
Trd, 2590964.163, 95
Trd, 2590965.646, 94
Trd, 2590965.763, 87
Trd, 2590966.329, 116
Trd, 2590967.213, 85
Trd, 2590967.546, 87
Trd, 2590967.646, 84
Trd, 2590968.013, 87
Trd, 2590968.146, 88
Trd, 2590968.213, 105
Trd, 2590969.313, 93
Trd, 2590969.913, 108
Trd, 2590970.713, 81
Trd, 2590972.013, 98
Trd, 2590972.096, 92
Trd, 2590972.713, 111
Trd, 2590975.796, 107
Trd, 2590975.879, 111
Trd, 2590976.296, 112
Trd, 2590976.446, 106
Trd, 2590976.779, 111
Trd, 2590977.613, 103
Trd, 2590977.929, 101
Trd, 2590978.446, 104
Trd, 2590979.213, 102
Trd, 2590979.763, 89
Trd, 2590980.129, 89
Trd, 2590980.379, 101
Trd, 2590980.963, 99
Trd, 2590981.596, 97
Trd, 2590981.813, 89
Trd, 2590981.879, 87
Trd, 2590982.046, 89
Trd, 2590982.879, 100
Trd, 2590983.163, 112
Trd, 2590983.263, 84
Trd, 2590983.429, 113
Trd, 2590984.579, 112
Trd, 2590984.596, 88
Trd, 2590985.813, 90
Trd, 2590986.613, 89
Trd, 2590987.413, 101
Trd, 2590988.713, 102
Trd, 2590989.729, 100
Trd, 2590989.896, 108
Trd, 2590991.129, 116
Trd, 2590991.463, 114
Trd, 2590991.596, 106
Trd, 2590991.913, 105
Trd, 2590991.979, 87
Trd, 2590992.063, 87
Trd, 2590993.113, 98
Trd, 2590993.946, 108
Trd, 2590994.313, 98
Trd, 2590994.796, 105
Trd, 2590996.446, 94
Trd, 2590996.579, 84
Trd, 2590997.663, 92
Trd, 2590997.829, 84
Trd, 2590999.029, 88
Trd, 2590999.229, 94
Trd, 2590999.463, 101
Trd, 2591000.979, 108
Trd, 2591001.046, 104
Trd, 2591001.113, 90
Trd, 2591002.263, 95
Trd, 2591003.179, 99
Trd, 2591003.446, 108
Trd, 2591003.513, 98
Trd, 2591003.663, 97
Trd, 2591004.913, 112
Trd, 2591005.446, 114
Trd, 2591006.863, 88
Trd, 2591007.013, 84
Trd, 2591007.279, 113
Trd, 2591008.963, 112
Trd, 2591009.479, 96
Trd, 2591010.746, 104
Trd, 2591010.813, 107
Trd, 2591011.596, 104
Trd, 2591011.729, 103
Trd, 2591013.179, 93
Trd, 2591015.979, 98
Trd, 2591016.463, 98
Trd, 2591016.529, 97
Trd, 2591016.546, 99
Trd, 2591017.129, 101
Trd, 2591017.529, 101
Trd, 2591018.096, 105
Trd, 2591018.613, 103
Trd, 2591018.846, 106
Trd, 2591019.479, 96
Trd, 2591019.829, 95
Trd, 2591020.429, 91
Trd, 2591021.063, 98
Trd, 2591021.313, 96
Trd, 2591021.796, 89
Trd, 2591022.679, 101
Trd, 2591023.313, 104
Trd, 2591024.029, 96
Trd, 2591024.396, 86
Trd, 2591024.996, 88
Trd, 2591025.396, 101
Trd, 2591025.513, 101
Trd, 2591027.279, 99
Trd, 2591028.646, 104
Trd, 2591029.129, 105
Trd, 2591029.196, 91
Trd, 2591030.613, 108
Trd, 2591030.713, 92
Trd, 2591031.796, 91
Trd, 2591031.929, 91
Trd, 2591032.179, 89
Trd, 2591033.196, 86
Trd, 2591033.696, 84
Trd, 2591034.813, 96
Trd, 2591034.879, 99
Trd, 2591036.913, 93
Trd, 2591037.929, 95
Trd, 2591038.713, 97
Trd, 2591039.063, 94
Trd, 2591039.529, 101
Trd, 2591040.579, 98
Trd, 2591040.929, 94
Trd, 2591041.129, 100
Trd, 2591041.163, 88
Trd, 2591041.713, 86
Trd, 2591041.829, 92
Trd, 2591042.479, 99
Trd, 2591042.946, 100
Trd, 2591043.179, 102
Trd, 2591043.246, 105
Trd, 2591043.546, 98
Trd, 2591045.046, 108
Trd, 2591045.279, 90
Trd, 2591045.396, 102
Trd, 2591045.879, 90
Trd, 2591046.596, 116
Trd, 2591046.729, 101
Trd, 2591047.413, 112
Trd, 2591048.396, 90
Trd, 2591048.796, 92
Trd, 2591049.429, 108
Trd, 2591050.946, 104
Trd, 2591050.963, 100
Trd, 2591051.896, 105
Trd, 2591054.246, 104
Trd, 2591055.379, 105
Trd, 2591056.079, 105
Trd, 2591056.596, 105
Trd, 2591056.863, 99
Trd, 2591057.896, 104
Trd, 2591058.563, 95
Trd, 2591058.979, 86
Trd, 2591059.079, 94
Trd, 2591060.696, 97
Trd, 2591060.879, 107
Trd, 2591061.679, 96
Trd, 2591061.829, 96
Trd, 2591062.263, 99
Trd, 2591063.013, 101
Trd, 2591063.413, 100
Trd, 2591063.563, 98
Trd, 2591063.679, 90
Trd, 2591064.513, 97
Trd, 2591065.296, 100
Trd, 2591066.513, 89
Trd, 2591067.779, 100
Trd, 2591068.046, 101
Trd, 2591068.696, 105
Trd, 2591068.963, 99
Trd, 2591069.596, 98
Trd, 2591070.079, 98
Trd, 2591070.146, 86
Trd, 2591071.263, 107
Trd, 2591072.463, 86
Trd, 2591072.613, 108
Trd, 2591074.596, 111
Trd, 2591074.813, 87
Trd, 2591075.213, 87
Trd, 2591076.129, 86
Trd, 2591078.763, 89
Trd, 2591078.779, 100
Trd, 2591079.279, 95
Trd, 2591079.679, 94
Trd, 2591079.729, 105
Trd, 2591079.896, 94
Trd, 2591080.163, 98
Trd, 2591081.296, 84
Trd, 2591081.446, 83
Trd, 2591081.979, 97
Trd, 2591083.413, 98
Trd, 2591083.746, 104
Trd, 2591083.963, 97
Trd, 2591084.479, 84
Trd, 2591084.796, 82
Trd, 2591086.263, 82
Trd, 2591087.029, 105
Trd, 2591087.363, 104
Trd, 2591087.796, 84
Trd, 2591087.846, 108
Trd, 2591087.896, 81
Trd, 2591088.679, 87
Trd, 2591090.229, 104
Trd, 2591090.629, 108
Trd, 2591091.396, 93
Trd, 2591091.913, 94
Trd, 2591093.563, 98
Trd, 2591093.713, 103
Trd, 2591093.729, 93
Trd, 2591094.579, 105
Trd, 2591095.079, 112
Trd, 2591095.729, 115
Trd, 2591096.629, 107
Trd, 2591096.829, 101
Trd, 2591097.029, 87
Trd, 2591097.696, 117
Trd, 2591098.596, 90
Trd, 2591098.896, 104
Trd, 2591099.296, 103
Trd, 2591099.663, 109
Trd, 2591099.763, 117
Trd, 2591099.929, 101
Trd, 2591100.613, 96
Trd, 2591101.113, 104
Trd, 2591102.429, 114
Trd, 2591102.979, 111
Trd, 2591103.146, 107
Trd, 2591103.729, 91
Trd, 2591104.313, 94
Trd, 2591104.663, 102
Trd, 2591106.113, 112
Trd, 2591107.246, 112
Trd, 2591107.879, 90
Trd, 2591109.329, 91
Trd, 2591109.396, 104
Trd, 2591109.696, 97
Trd, 2591110.079, 102
Trd, 2591110.379, 95
Trd, 2591111.246, 92
Trd, 2591112.513, 90
Trd, 2591113.296, 91
Trd, 2591113.813, 88
Trd, 2591114.013, 95
Trd, 2591114.179, 104
Trd, 2591115.113, 84
Trd, 2591115.163, 86
Trd, 2591117.196, 88
Trd, 2591117.529, 90
Trd, 2591118.796, 89
Trd, 2591118.929, 88
Trd, 2591120.296, 90
Trd, 2591120.529, 89
Trd, 2591120.913, 89
Trd, 2591120.963, 97
Trd, 2591121.046, 95
Trd, 2591121.179, 99
Trd, 2591122.013, 81
Trd, 2591123.779, 84
Trd, 2591123.913, 100
Trd, 2591124.046, 100
Trd, 2591125.196, 97
Trd, 2591126.029, 98
Trd, 2591126.446, 103
Trd, 2591127.313, 98
Trd, 2591127.646, 101
Trd, 2591128.046, 97
Trd, 2591128.129, 97
Trd, 2591128.379, 90
Trd, 2591129.596, 102
Trd, 2591129.629, 103
Trd, 2591129.696, 86
Trd, 2591131.563, 105
Trd, 2591131.879, 108
Trd, 2591132.429, 113
Trd, 2591132.663, 112
Trd, 2591133.746, 113
Trd, 2591133.946, 114
Trd, 2591133.996, 111
Trd, 2591134.296, 114
Trd, 2591134.429, 101
Trd, 2591135.063, 118
Trd, 2591135.179, 122
Trd, 2591136.596, 118
Trd, 2591138.129, 84
Trd, 2591138.196, 87
Trd, 2591138.629, 81
Trd, 2591140.279, 89
Trd, 2591141.029, 97
Trd, 2591142.146, 99
Trd, 2591142.546, 92
Trd, 2591143.946, 101
Trd, 2591144.063, 92
Trd, 2591144.446, 104
Trd, 2591145.196, 102
Trd, 2591146.013, 102
Trd, 2591146.196, 99
Trd, 2591146.263, 96
Trd, 2591146.413, 89
Trd, 2591147.346, 95
Trd, 2591147.879, 112
Trd, 2591148.413, 110
Trd, 2591148.429, 109
Trd, 2591148.579, 100
Trd, 2591149.429, 104
Trd, 2591150.746, 96
Trd, 2591151.696, 108
Trd, 2591151.729, 90
Trd, 2591152.163, 87
Trd, 2591153.646, 116
Trd, 2591154.763, 88
Trd, 2591154.896, 84
Trd, 2591155.446, 84
Trd, 2591155.579, 87
Trd, 2591156.279, 89
Trd, 2591156.313, 101
Trd, 2591156.813, 110
Trd, 2591157.496, 101
Trd, 2591157.529, 112
Trd, 2591157.779, 81
Trd, 2591158.429, 97
Trd, 2591158.996, 113
Trd, 2591161.346, 93
Trd, 2591162.113, 92
Trd, 2591162.496, 111
Trd, 2591163.996, 99
Trd, 2591164.413, 96
Trd, 2591164.479, 95
Trd, 2591164.879, 87
Trd, 2591165.713, 84
Trd, 2591165.829, 93
Trd, 2591166.446, 82
Trd, 2591166.713, 87
Trd, 2591168.313, 88
Trd, 2591168.813, 89
Trd, 2591169.829, 94
Trd, 2591170.129, 99
Trd, 2591171.129, 101
Trd, 2591171.396, 103
Trd, 2591171.446, 100
Trd, 2591171.579, 99
Trd, 2591171.629, 108
Trd, 2591172.063, 101
Trd, 2591172.829, 108
Trd, 2591172.846, 105
Trd, 2591173.813, 87
Trd, 2591174.213, 95
Trd, 2591175.279, 104
Trd, 2591176.896, 95
Trd, 2591177.463, 95
Trd, 2591177.679, 118
Trd, 2591178.046, 94
Trd, 2591178.063, 91
Trd, 2591178.396, 93
Trd, 2591181.246, 106
Trd, 2591181.346, 108
Trd, 2591182.296, 105
Trd, 2591182.396, 92
Trd, 2591182.779, 96
Trd, 2591182.879, 106
Trd, 2591183.629, 88
Trd, 2591186.646, 92
Trd, 2591186.729, 91
Trd, 2591187.846, 100
Trd, 2591187.896, 92
Trd, 2591188.913, 97
Trd, 2591189.113, 87
Trd, 2591190.346, 97
Trd, 2591190.963, 85
Trd, 2591191.113, 84
Trd, 2591191.413, 82
Trd, 2591191.913, 81
Trd, 2591192.063, 96
Trd, 2591192.346, 82
Trd, 2591192.563, 96
Trd, 2591193.679, 88
Trd, 2591193.863, 90
Trd, 2591194.113, 97
Trd, 2591194.696, 92
Trd, 2591194.846, 99
Trd, 2591195.896, 84
Trd, 2591198.363, 94
Trd, 2591198.446, 93
Trd, 2591199.146, 100
Trd, 2591199.946, 101
Trd, 2591200.279, 102
Trd, 2591200.513, 96
Trd, 2591201.529, 95
Trd, 2591201.646, 92
Trd, 2591202.696, 87
Trd, 2591203.029, 105
Trd, 2591204.329, 112
Trd, 2591204.679, 87
Trd, 2591205.163, 108
Trd, 2591205.863, 105
Trd, 2591207.246, 112
Trd, 2591207.313, 105
Trd, 2591207.446, 105
Trd, 2591207.479, 104
Trd, 2591207.763, 112
Trd, 2591209.096, 116
Trd, 2591209.929, 84
Trd, 2591210.313, 81
Trd, 2591212.046, 85
Trd, 2591212.213, 95
Trd, 2591213.013, 99
Trd, 2591214.163, 99
Trd, 2591214.229, 101
Trd, 2591214.796, 94
Trd, 2591215.229, 101
Trd, 2591215.463, 87
Trd, 2591215.763, 105
Trd, 2591216.663, 108
Trd, 2591217.963, 101
Trd, 2591218.179, 99
Trd, 2591218.229, 110
Trd, 2591218.429, 99
Trd, 2591218.596, 94
Trd, 2591219.879, 86
Trd, 2591220.079, 85
Trd, 2591220.546, 96
Trd, 2591220.613, 102
Trd, 2591222.863, 94
Trd, 2591222.879, 94
Trd, 2591223.813, 88
Trd, 2591224.479, 89
Trd, 2591226.246, 95
Trd, 2591226.263, 96
Trd, 2591226.946, 96
Trd, 2591226.979, 87
Trd, 2591227.613, 97
Trd, 2591227.863, 99
Trd, 2591228.429, 89
Trd, 2591228.679, 84
Trd, 2591230.079, 91
Trd, 2591230.613, 87
Trd, 2591230.713, 94
Trd, 2591230.796, 86
Trd, 2591230.913, 81
Trd, 2591232.063, 80
Trd, 2591232.579, 100
Trd, 2591233.246, 94
Trd, 2591234.079, 99
Trd, 2591234.613, 92
Trd, 2591234.629, 91
Trd, 2591235.496, 107
Trd, 2591235.663, 81
Trd, 2591236.863, 106
Trd, 2591237.346, 88
Trd, 2591237.613, 113
Trd, 2591238.379, 83
Trd, 2591238.779, 87
Trd, 2591238.913, 94
Trd, 2591238.946, 115
Trd, 2591238.979, 84
Trd, 2591240.913, 115
Trd, 2591243.413, 83
Trd, 2591243.963, 84
Trd, 2591244.046, 87
Trd, 2591244.396, 84
Trd, 2591244.946, 84
Trd, 2591245.613, 98
Trd, 2591247.213, 82
Trd, 2591247.779, 105
Trd, 2591249.013, 108
Trd, 2591250.029, 107
Trd, 2591250.296, 108
Trd, 2591250.513, 84
Trd, 2591250.746, 87
Trd, 2591251.129, 83
Trd, 2591251.163, 82
Trd, 2591251.196, 81
Trd, 2591253.063, 87
Trd, 2591253.263, 82
Trd, 2591253.313, 98
Trd, 2591253.463, 98
Trd, 2591254.113, 100
Trd, 2591254.879, 101
Trd, 2591254.896, 102
Trd, 2591256.379, 102
Trd, 2591256.396, 107
Trd, 2591257.113, 105
Trd, 2591259.546, 108
Trd, 2591259.779, 108
Trd, 2591260.163, 106
Trd, 2591260.346, 101
Trd, 2591260.663, 90
Trd, 2591260.913, 93
Trd, 2591261.063, 108
Trd, 2591261.529, 85
Trd, 2591261.896, 84
Trd, 2591261.996, 97
Trd, 2591264.246, 108
Trd, 2591265.129, 106
Trd, 2591266.196, 101
Trd, 2591266.996, 111
Trd, 2591267.213, 98
Trd, 2591267.446, 97
Trd, 2591267.496, 96
Trd, 2591267.613, 84
Trd, 2591269.079, 90
Trd, 2591270.063, 97
Trd, 2591270.129, 81
Trd, 2591271.096, 100
Trd, 2591272.329, 93
Trd, 2591272.679, 94
Trd, 2591272.946, 104
Trd, 2591273.479, 93
Trd, 2591273.679, 96
Trd, 2591274.063, 88
Trd, 2591275.163, 101
Trd, 2591275.313, 102
Trd, 2591275.446, 90
Trd, 2591275.463, 89
Trd, 2591276.513, 85
Trd, 2591277.846, 89
Trd, 2591279.629, 101
Trd, 2591280.513, 85
Trd, 2591280.679, 101
Trd, 2591280.779, 105
Trd, 2591281.379, 87
Trd, 2591282.763, 109
Trd, 2591283.196, 108
Trd, 2591283.863, 103
Trd, 2591284.529, 101
Trd, 2591284.646, 106
Trd, 2591284.779, 112
Trd, 2591286.296, 107
Trd, 2591286.596, 84
Trd, 2591286.813, 115
Trd, 2591287.079, 98
Trd, 2591287.463, 81
Trd, 2591289.529, 105
Trd, 2591289.713, 112
Trd, 2591290.646, 94
Trd, 2591290.796, 96
Trd, 2591290.879, 102
Trd, 2591291.029, 87
Trd, 2591291.913, 77
Trd, 2591291.979, 87
Trd, 2591292.363, 78
Trd, 2591292.779, 82
Trd, 2591294.246, 111
Trd, 2591294.679, 98
Trd, 2591295.829, 99
Trd, 2591296.413, 99
Trd, 2591296.729, 97
Trd, 2591297.829, 96
Trd, 2591298.796, 97
Trd, 2591299.213, 89
Trd, 2591300.463, 97
Trd, 2591300.829, 98
Trd, 2591300.929, 97
Trd, 2591301.213, 95
Trd, 2591301.396, 99
Trd, 2591302.613, 101
Trd, 2591303.579, 91
Trd, 2591303.763, 94
Trd, 2591304.029, 90
Trd, 2591306.096, 101
Trd, 2591306.263, 92
Trd, 2591307.613, 94
Trd, 2591307.746, 103
Trd, 2591308.013, 108
Trd, 2591308.279, 94
Trd, 2591308.646, 98
Trd, 2591309.346, 87
Trd, 2591309.479, 111
Trd, 2591310.296, 112
Trd, 2591311.746, 99
Trd, 2591312.063, 98
Trd, 2591313.129, 111
Trd, 2591313.379, 97
Trd, 2591313.413, 111
Trd, 2591313.896, 89
Trd, 2591314.429, 111
Trd, 2591314.513, 88
Trd, 2591315.679, 85
Trd, 2591316.229, 87
Trd, 2591316.963, 86
Trd, 2591317.213, 85
Trd, 2591317.896, 96
Trd, 2591319.529, 94
Trd, 2591319.829, 91
Trd, 2591320.379, 94
Trd, 2591322.263, 96
Trd, 2591322.529, 97
Trd, 2591322.613, 88
Trd, 2591322.746, 84
Trd, 2591323.363, 97
Trd, 2591324.563, 97
Trd, 2591324.829, 84
Trd, 2591325.596, 101
Trd, 2591326.196, 99
Trd, 2591326.279, 98
Trd, 2591326.363, 97
Trd, 2591328.396, 94
Trd, 2591328.429, 101
Trd, 2591329.829, 99
Trd, 2591329.913, 102
Trd, 2591330.313, 105
Trd, 2591331.446, 107
Trd, 2591331.946, 108
Trd, 2591332.846, 107
Trd, 2591333.229, 107
Trd, 2591333.479, 101
Trd, 2591333.929, 90
Trd, 2591334.429, 96
Trd, 2591334.579, 86
Trd, 2591335.729, 114
Trd, 2591335.996, 113
Trd, 2591336.179, 86
Trd, 2591337.929, 82
Trd, 2591338.146, 94
Trd, 2591339.329, 97
Trd, 2591340.629, 89
Trd, 2591340.996, 89
Trd, 2591341.013, 91
Trd, 2591343.729, 97
Trd, 2591344.046, 102
Trd, 2591344.196, 97
Trd, 2591344.313, 104
Trd, 2591344.496, 96
Trd, 2591346.063, 103
Trd, 2591346.129, 90
Trd, 2591346.196, 89
Trd, 2591346.646, 84
Trd, 2591347.746, 105
Trd, 2591348.029, 100
Trd, 2591348.346, 115
Trd, 2591349.763, 115
Trd, 2591350.363, 102
Trd, 2591350.813, 97
Trd, 2591351.079, 98
Trd, 2591351.213, 95
Trd, 2591352.446, 98
Trd, 2591353.413, 104
Trd, 2591354.346, 103
Trd, 2591354.596, 105
Trd, 2591354.896, 98
Trd, 2591355.379, 106
Trd, 2591355.663, 108
Trd, 2591355.913, 105
Trd, 2591356.579, 84
Trd, 2591358.679, 91
Trd, 2591359.063, 95
Trd, 2591359.329, 84
Trd, 2591360.296, 85
Trd, 2591360.879, 86
Trd, 2591361.046, 84
Trd, 2591361.729, 86
Trd, 2591361.763, 87
Trd, 2591362.863, 88
Trd, 2591364.579, 86
Trd, 2591364.679, 88
Trd, 2591364.779, 94
Trd, 2591365.229, 101
Trd, 2591365.246, 87
Trd, 2591365.596, 107
Trd, 2591365.979, 86
Trd, 2591366.263, 108
Trd, 2591366.396, 105
Trd, 2591367.079, 97
Trd, 2591371.279, 89
Trd, 2591371.446, 90
Trd, 2591371.513, 89
Trd, 2591371.763, 84
Trd, 2591372.213, 85
Trd, 2591372.646, 91
Trd, 2591373.446, 84
Trd, 2591373.763, 81
Trd, 2591374.096, 92
Trd, 2591375.613, 88
Trd, 2591377.179, 94
Trd, 2591377.263, 91
Trd, 2591377.629, 80
Trd, 2591377.846, 95
Trd, 2591378.463, 82
Trd, 2591378.479, 98
Trd, 2591378.596, 98
Trd, 2591379.196, 104
Trd, 2591380.063, 89
Trd, 2591381.996, 103
Trd, 2591382.363, 104
Trd, 2591382.896, 100
Trd, 2591384.179, 99
Trd, 2591384.296, 98
Trd, 2591385.079, 94
Trd, 2591385.196, 103
Trd, 2591385.246, 105
Trd, 2591385.363, 108
Trd, 2591385.446, 86
Trd, 2591386.546, 102
Trd, 2591387.029, 112
Trd, 2591388.563, 103
Trd, 2591388.929, 101
Trd, 2591389.996, 115
Trd, 2591390.763, 106
Trd, 2591391.863, 96
Trd, 2591392.246, 95
Trd, 2591392.579, 109
Trd, 2591392.663, 94
Trd, 2591393.546, 92
Trd, 2591393.896, 85
Trd, 2591394.846, 99
Trd, 2591395.229, 98
Trd, 2591395.296, 84
Trd, 2591396.646, 85
Trd, 2591396.846, 86
Trd, 2591397.946, 99
Trd, 2591398.546, 100
Trd, 2591398.663, 99
Trd, 2591398.913, 99
Trd, 2591399.396, 93
Trd, 2591399.563, 101
Trd, 2591399.846, 105
Trd, 2591401.829, 87
Trd, 2591402.763, 88
Trd, 2591403.296, 95
Trd, 2591403.996, 100
Trd, 2591404.463, 103
Trd, 2591404.529, 94
Trd, 2591405.596, 87
Trd, 2591406.646, 105
Trd, 2591406.763, 87
Trd, 2591407.796, 89
Trd, 2591407.913, 106
Trd, 2591407.929, 108
Trd, 2591407.946, 112
Trd, 2591408.213, 121
Trd, 2591408.596, 89
Trd, 2591409.713, 102
Trd, 2591410.963, 85
Trd, 2591411.596, 95
Trd, 2591411.763, 98
Trd, 2591412.496, 87
Trd, 2591412.863, 99
Trd, 2591413.013, 84
Trd, 2591414.163, 78
Trd, 2591415.196, 98
Trd, 2591415.563, 78
Trd, 2591416.163, 91
Trd, 2591416.329, 79
Trd, 2591417.196, 85
Trd, 2591417.763, 106
Trd, 2591418.363, 107
Trd, 2591418.829, 84
Trd, 2591419.629, 118
Trd, 2591419.713, 108
Trd, 2591419.779, 122
Trd, 2591420.713, 97
Trd, 2591422.196, 93
Trd, 2591422.829, 99
Trd, 2591423.063, 91
Trd, 2591423.729, 92
Trd, 2591424.896, 97
Trd, 2591425.663, 93
Trd, 2591425.863, 100
Trd, 2591426.179, 97
Trd, 2591427.113, 87
Trd, 2591427.696, 100
Trd, 2591428.679, 104
Trd, 2591429.463, 101
Trd, 2591429.996, 102
Trd, 2591430.246, 105
Trd, 2591430.663, 101
Trd, 2591431.196, 108
Trd, 2591431.679, 101
Trd, 2591432.013, 89
Trd, 2591432.946, 102
Trd, 2591433.379, 82
Trd, 2591435.163, 92
Trd, 2591435.979, 93
Trd, 2591436.113, 91
Trd, 2591436.446, 91
Trd, 2591436.663, 95
Trd, 2591437.746, 91
Trd, 2591437.946, 108
Trd, 2591438.463, 105
Trd, 2591438.479, 104
Trd, 2591441.096, 103
Trd, 2591441.163, 87
Trd, 2591442.763, 93
Trd, 2591443.146, 97
Trd, 2591443.346, 97
Trd, 2591443.729, 95
Trd, 2591443.879, 98
Trd, 2591444.579, 101
Trd, 2591444.763, 112
Trd, 2591445.129, 97
Trd, 2591445.196, 111
Trd, 2591446.179, 99
Trd, 2591447.396, 87
Trd, 2591449.163, 101
Trd, 2591449.179, 100
Trd, 2591450.379, 99
Trd, 2591450.663, 98
Trd, 2591450.896, 101
Trd, 2591452.313, 85
Trd, 2591452.563, 92
Trd, 2591453.529, 105
Trd, 2591454.413, 92
Trd, 2591454.496, 103
Trd, 2591455.946, 82
Trd, 2591455.963, 104
Trd, 2591456.813, 107
Trd, 2591457.579, 107
Trd, 2591457.679, 85
Trd, 2591457.763, 108
Trd, 2591457.896, 118
Trd, 2591458.879, 85
Trd, 2591459.179, 112
Trd, 2591460.129, 87
Trd, 2591460.263, 95
Trd, 2591460.296, 85
Trd, 2591461.296, 101
Trd, 2591463.463, 94
Trd, 2591463.846, 94
Trd, 2591465.213, 91
Trd, 2591465.313, 81
Trd, 2591467.996, 101
Trd, 2591468.096, 94
Trd, 2591468.196, 93
Trd, 2591468.246, 87
Trd, 2591468.346, 104
Trd, 2591468.463, 105
Trd, 2591469.246, 112
Trd, 2591469.263, 116
Trd, 2591469.829, 93
Trd, 2591471.079, 97
Trd, 2591471.396, 96
Trd, 2591471.846, 93
Trd, 2591472.346, 97
Trd, 2591472.379, 87
Trd, 2591472.813, 96
Trd, 2591472.896, 84
Trd, 2591473.363, 107
Trd, 2591475.813, 96
Trd, 2591475.879, 87
Trd, 2591476.196, 119
Trd, 2591476.679, 88
Trd, 2591477.296, 90
Trd, 2591478.763, 108
Trd, 2591480.313, 97
Trd, 2591480.613, 106
Trd, 2591481.213, 97
Trd, 2591481.913, 111
Trd, 2591482.146, 108
Trd, 2591482.546, 111
Trd, 2591482.746, 105
Trd, 2591482.896, 90
Trd, 2591483.979, 111
Trd, 2591484.079, 95
Trd, 2591484.146, 85
Trd, 2591484.213, 84
Trd, 2591484.396, 81
Trd, 2591485.213, 111
Trd, 2591485.229, 76
Trd, 2591485.546, 112
Trd, 2591486.246, 112
Trd, 2591487.596, 110
Trd, 2591487.813, 94
Trd, 2591489.979, 84
Trd, 2591490.779, 83
Trd, 2591491.496, 83
Trd, 2591491.946, 84
Trd, 2591493.113, 87
Trd, 2591493.596, 95
Trd, 2591495.363, 95
Trd, 2591495.546, 99
Trd, 2591496.879, 104
Trd, 2591496.896, 105
Trd, 2591497.946, 108
Trd, 2591498.413, 95
Trd, 2591500.196, 108
Trd, 2591500.579, 107
Trd, 2591501.213, 108
Trd, 2591501.363, 109
Trd, 2591501.463, 105
Trd, 2591501.896, 107
Trd, 2591502.013, 94
Trd, 2591502.413, 110
Trd, 2591502.446, 88
Trd, 2591502.663, 85
Trd, 2591503.513, 87
Trd, 2591504.713, 87
Trd, 2591505.863, 87
Trd, 2591507.013, 92
Trd, 2591507.629, 84
Trd, 2591508.029, 90
Trd, 2591509.229, 87
Trd, 2591509.746, 86
Trd, 2591510.896, 87
Trd, 2591511.546, 87
Trd, 2591512.013, 96
Trd, 2591512.263, 99
Trd, 2591512.346, 93
Trd, 2591512.413, 101
Trd, 2591513.263, 104
Trd, 2591514.429, 95
Trd, 2591514.446, 93
Trd, 2591514.563, 94
Trd, 2591514.679, 103
Trd, 2591514.746, 89
Trd, 2591514.929, 85
Trd, 2591515.429, 96
Trd, 2591518.929, 105
Trd, 2591519.579, 104
Trd, 2591520.263, 101
Trd, 2591520.346, 108
Trd, 2591520.596, 101
Trd, 2591521.313, 97
Trd, 2591521.679, 98
Trd, 2591522.096, 87
Trd, 2591522.896, 89
Trd, 2591523.846, 91
Trd, 2591524.196, 94
Trd, 2591524.596, 89
Trd, 2591525.646, 112
Trd, 2591526.063, 112
Trd, 2591526.096, 115
Trd, 2591526.446, 111
Trd, 2591526.963, 105
Trd, 2591528.529, 115
Trd, 2591529.013, 118
Trd, 2591530.529, 99
Trd, 2591531.596, 98
Trd, 2591531.646, 97
Trd, 2591532.046, 94
Trd, 2591532.279, 100
Trd, 2591532.746, 93
Trd, 2591533.396, 101
Trd, 2591533.413, 102
Trd, 2591534.229, 87
Trd, 2591534.613, 87
Trd, 2591535.846, 95
Trd, 2591536.579, 95
Trd, 2591536.646, 101
Trd, 2591537.363, 95
Trd, 2591537.729, 92
Trd, 2591540.546, 98
Trd, 2591540.679, 105
Trd, 2591541.196, 97
Trd, 2591541.579, 89
Trd, 2591542.379, 89
Trd, 2591542.663, 89
Trd, 2591542.846, 90
Trd, 2591543.379, 108
Trd, 2591544.996, 95
Trd, 2591545.379, 98
Trd, 2591546.879, 98
Trd, 2591546.929, 96
Trd, 2591547.729, 100
Trd, 2591548.096, 101
Trd, 2591548.629, 104
Trd, 2591549.529, 105
Trd, 2591549.596, 112
Trd, 2591550.196, 103
Trd, 2591550.329, 101
Trd, 2591550.963, 113
Trd, 2591551.729, 101
Trd, 2591551.796, 95
Trd, 2591551.863, 114
Trd, 2591552.013, 85
Trd, 2591552.546, 84
Trd, 2591553.613, 91
Trd, 2591554.896, 93
Trd, 2591555.513, 91
Trd, 2591555.863, 90
Trd, 2591557.329, 90
Trd, 2591558.479, 85
Trd, 2591558.929, 96
Trd, 2591560.029, 89
Trd, 2591560.146, 88
Trd, 2591560.579, 95
Trd, 2591560.929, 88
Trd, 2591561.563, 95
Trd, 2591562.563, 93
Trd, 2591563.113, 101
Trd, 2591563.179, 105
Trd, 2591563.579, 108
Trd, 2591564.346, 99
Trd, 2591565.046, 103
Trd, 2591565.079, 100
Trd, 2591565.563, 111
Trd, 2591566.113, 103
Trd, 2591566.696, 96
Trd, 2591567.463, 97
Trd, 2591567.979, 87
Trd, 2591570.563, 90
Trd, 2591570.946, 84
Trd, 2591571.896, 91
Trd, 2591572.363, 94
Trd, 2591572.463, 93
Trd, 2591572.479, 101
Trd, 2591573.213, 105
Trd, 2591573.929, 83
Trd, 2591574.613, 94
Trd, 2591574.663, 108
Trd, 2591575.146, 110
Trd, 2591576.013, 97
Trd, 2591576.813, 95
Trd, 2591576.846, 87
Trd, 2591576.979, 101
Trd, 2591577.479, 89
Trd, 2591577.813, 87
Trd, 2591578.679, 109
Trd, 2591579.029, 82
Trd, 2591579.996, 86
Trd, 2591580.296, 87
Trd, 2591582.329, 90
Trd, 2591583.429, 90
Trd, 2591584.113, 108
Trd, 2591584.763, 92
Trd, 2591585.963, 92
Trd, 2591586.529, 91
Trd, 2591587.996, 87
Trd, 2591588.996, 88
Trd, 2591589.463, 90
Trd, 2591589.779, 91
Trd, 2591591.379, 91
Trd, 2591592.313, 96
Trd, 2591592.896, 99
Trd, 2591593.096, 91
Trd, 2591593.629, 95
Trd, 2591593.829, 89
Trd, 2591593.979, 101
Trd, 2591594.279, 105
Trd, 2591594.596, 88
Trd, 2591595.196, 87
Trd, 2591595.813, 94
Trd, 2591596.063, 108
Trd, 2591596.646, 84
Trd, 2591598.213, 87
Trd, 2591598.446, 87
Trd, 2591600.229, 87
Trd, 2591600.596, 93
Trd, 2591602.346, 92
Trd, 2591602.546, 98
Trd, 2591602.779, 101
Trd, 2591603.079, 92
Trd, 2591604.496, 97
Trd, 2591604.846, 96
Trd, 2591605.179, 95
Trd, 2591605.229, 97
Trd, 2591606.346, 87
Trd, 2591606.463, 89
Trd, 2591606.963, 85
Trd, 2591607.196, 82
Trd, 2591608.813, 99
Trd, 2591609.179, 86
Trd, 2591610.229, 85
Trd, 2591610.429, 86
Trd, 2591610.829, 97
Trd, 2591611.946, 98
Trd, 2591612.196, 105
Trd, 2591612.829, 107
Trd, 2591612.913, 87
Trd, 2591613.213, 108
Trd, 2591613.263, 87
Trd, 2591614.413, 98
Trd, 2591615.179, 96
Trd, 2591615.479, 105
Trd, 2591615.546, 120
Trd, 2591616.279, 88
Trd, 2591616.746, 91
Trd, 2591616.829, 93
Trd, 2591617.446, 83
Trd, 2591617.946, 81
Trd, 2591618.663, 87
Trd, 2591618.813, 95
Trd, 2591619.779, 105
Trd, 2591620.096, 86
Trd, 2591621.113, 85
Trd, 2591622.113, 94
Trd, 2591622.663, 108
Trd, 2591624.196, 94
Trd, 2591624.279, 109
Trd, 2591624.479, 93
Trd, 2591624.963, 85
Trd, 2591625.113, 84
Trd, 2591627.613, 98
Trd, 2591627.779, 105
Trd, 2591628.413, 99
Trd, 2591628.879, 103
Trd, 2591629.879, 105
Trd, 2591630.313, 112
Trd, 2591630.346, 101
Trd, 2591630.746, 117
Trd, 2591630.796, 87
Trd, 2591630.829, 87
Trd, 2591631.079, 118
Trd, 2591631.779, 86
Trd, 2591632.313, 84
Trd, 2591634.146, 100
Trd, 2591634.863, 87
Trd, 2591635.646, 97
Trd, 2591635.796, 101
Trd, 2591636.013, 90
Trd, 2591636.479, 111
Trd, 2591637.079, 98
Trd, 2591637.146, 99
Trd, 2591638.946, 110
Trd, 2591639.313, 99
Trd, 2591639.663, 98
Trd, 2591639.946, 95
Trd, 2591640.596, 84
Trd, 2591641.413, 88
Trd, 2591641.479, 87
Trd, 2591642.079, 111
Trd, 2591642.663, 84
Trd, 2591643.446, 114
Trd, 2591643.529, 116
Trd, 2591644.179, 103
Trd, 2591645.013, 114
Trd, 2591647.363, 91
Trd, 2591648.129, 91
Trd, 2591648.379, 90
Trd, 2591648.929, 86
Trd, 2591648.979, 109
Trd, 2591651.129, 93
Trd, 2591651.646, 92
Trd, 2591651.813, 87
Trd, 2591652.113, 93
Trd, 2591653.046, 96
Trd, 2591653.146, 85
Trd, 2591653.546, 100
Trd, 2591654.279, 100
Trd, 2591654.346, 94
Trd, 2591655.213, 93
Trd, 2591656.213, 84
Trd, 2591656.563, 83
Trd, 2591657.446, 96
Trd, 2591657.863, 95
Trd, 2591658.146, 94
Trd, 2591658.846, 101
Trd, 2591659.929, 99
Trd, 2591660.713, 102
Trd, 2591661.129, 84
Trd, 2591661.279, 105
Trd, 2591661.363, 83
Trd, 2591663.096, 86
Trd, 2591663.729, 98
Trd, 2591664.163, 100
Trd, 2591664.979, 86
Trd, 2591664.996, 84
Trd, 2591666.213, 99
Trd, 2591666.996, 96
Trd, 2591667.513, 96
Trd, 2591667.713, 98
Trd, 2591668.963, 99
Trd, 2591669.029, 97
Trd, 2591669.129, 101
Trd, 2591670.829, 100
Trd, 2591671.463, 93
Trd, 2591672.146, 101
Trd, 2591672.313, 103
Trd, 2591672.929, 101
Trd, 2591673.663, 100
Trd, 2591674.579, 99
Trd, 2591674.729, 100
Trd, 2591674.779, 98
Trd, 2591675.013, 107
Trd, 2591676.496, 108
Trd, 2591676.779, 111
Trd, 2591677.696, 108
Trd, 2591678.179, 84
Trd, 2591679.313, 87
Trd, 2591680.413, 86
Trd, 2591680.596, 84
Trd, 2591681.513, 97
Trd, 2591682.479, 100
Trd, 2591682.796, 95
Trd, 2591683.046, 101
Trd, 2591683.113, 102
Trd, 2591683.413, 94
Trd, 2591683.996, 108
Trd, 2591684.329, 92
Trd, 2591684.429, 98
Trd, 2591684.529, 81
Trd, 2591687.413, 94
Trd, 2591689.046, 97
Trd, 2591689.063, 93
Trd, 2591689.396, 98
Trd, 2591689.796, 98
Trd, 2591690.029, 97
Trd, 2591690.446, 84
Trd, 2591690.646, 95
Trd, 2591690.663, 99
Trd, 2591691.213, 101
Trd, 2591691.829, 106
Trd, 2591693.546, 98
Trd, 2591693.996, 97
Trd, 2591694.413, 95
Trd, 2591695.213, 104
Trd, 2591696.929, 87
Trd, 2591697.446, 106
Trd, 2591697.563, 107
Trd, 2591697.779, 89
Trd, 2591698.296, 91
Trd, 2591699.013, 108
Trd, 2591700.463, 90
Trd, 2591701.779, 106
Trd, 2591702.113, 105
Trd, 2591702.563, 98
Trd, 2591702.663, 104
Trd, 2591702.813, 105
Trd, 2591705.146, 97
Trd, 2591705.179, 94
Trd, 2591705.846, 91
Trd, 2591705.996, 108
Trd, 2591706.113, 111
Trd, 2591706.946, 112
Trd, 2591707.063, 116
Trd, 2591708.363, 107
Trd, 2591710.229, 108
Trd, 2591711.346, 110
Trd, 2591711.479, 117
Trd, 2591712.163, 105
Trd, 2591712.279, 105
Trd, 2591712.429, 103
Trd, 2591712.863, 101
Trd, 2591714.029, 89
Trd, 2591714.163, 88
Trd, 2591715.179, 95
Trd, 2591715.779, 87
Trd, 2591716.263, 101
Trd, 2591717.463, 90
Trd, 2591717.546, 91
Trd, 2591718.113, 85
Trd, 2591718.129, 84
Trd, 2591718.996, 99
Trd, 2591719.029, 105
Trd, 2591719.129, 108
Trd, 2591719.479, 89
Trd, 2591720.379, 92
Trd, 2591721.229, 101
Trd, 2591722.296, 111
Trd, 2591723.529, 99
Trd, 2591725.379, 111
Trd, 2591725.446, 112
Trd, 2591725.496, 101
Trd, 2591725.563, 112
Trd, 2591726.963, 90
Trd, 2591727.146, 113
Trd, 2591727.229, 99
Trd, 2591728.379, 90
Trd, 2591728.613, 111
Trd, 2591728.846, 116
Trd, 2591729.063, 85
Trd, 2591729.496, 96
Trd, 2591732.396, 114
Trd, 2591732.646, 111
Trd, 2591732.696, 105
Trd, 2591733.613, 111
Trd, 2591734.479, 109
Trd, 2591735.813, 96
Trd, 2591735.963, 90
Trd, 2591736.196, 89
Trd, 2591736.579, 101
Trd, 2591737.329, 84
Trd, 2591737.629, 91
Trd, 2591737.713, 87
Trd, 2591738.263, 85
Trd, 2591739.663, 84
Trd, 2591740.579, 89
Trd, 2591743.096, 86
Trd, 2591743.263, 100
Trd, 2591743.763, 98
Trd, 2591744.013, 88
Trd, 2591744.463, 93
Trd, 2591745.663, 92
Trd, 2591747.013, 98
Trd, 2591747.163, 91
Trd, 2591747.729, 98
Trd, 2591747.846, 100
Trd, 2591748.429, 103
Trd, 2591748.696, 90
Trd, 2591749.329, 89
Trd, 2591749.579, 88
Trd, 2591751.379, 94
Trd, 2591751.446, 94
Trd, 2591752.513, 94
Trd, 2591752.796, 99
Trd, 2591753.179, 101
Trd, 2591754.229, 103
Trd, 2591754.346, 95
Trd, 2591754.896, 96
Trd, 2591755.729, 85
Trd, 2591756.029, 84
Trd, 2591756.629, 87
Trd, 2591756.696, 81
Trd, 2591756.796, 80
Trd, 2591757.063, 101
Trd, 2591757.629, 104
Trd, 2591759.179, 105
Trd, 2591760.063, 100
Trd, 2591760.913, 101
Trd, 2591761.013, 112
Trd, 2591761.979, 111
Trd, 2591762.813, 104
Trd, 2591762.963, 112
Trd, 2591764.179, 113
Trd, 2591764.679, 111
Trd, 2591764.729, 105
Trd, 2591764.946, 103
Trd, 2591765.546, 89
Trd, 2591765.663, 112
Trd, 2591766.979, 115
Trd, 2591768.079, 118
Trd, 2591768.496, 118
Trd, 2591768.963, 118
Trd, 2591769.296, 113
Trd, 2591769.846, 112
Trd, 2591770.463, 92
Trd, 2591771.496, 103
Trd, 2591772.029, 101
Trd, 2591773.763, 97
Trd, 2591774.029, 88
Trd, 2591774.179, 100
Trd, 2591774.463, 88
Trd, 2591774.696, 95
Trd, 2591774.746, 102
Trd, 2591775.229, 105
Trd, 2591775.263, 95
Trd, 2591777.646, 101
Trd, 2591777.879, 91
Trd, 2591779.646, 88
Trd, 2591779.879, 84
Trd, 2591781.129, 88
Trd, 2591781.363, 101
Trd, 2591782.213, 103
Trd, 2591782.329, 87
Trd, 2591783.529, 96
Trd, 2591784.296, 103
Trd, 2591785.163, 102
Trd, 2591786.846, 100
Trd, 2591788.163, 98
Trd, 2591788.379, 97
Trd, 2591788.446, 95
Trd, 2591788.479, 93
Trd, 2591788.546, 92
Trd, 2591789.629, 98
Trd, 2591789.646, 95
Trd, 2591792.513, 95
Trd, 2591792.563, 94
Trd, 2591792.663, 89
Trd, 2591793.179, 104
Trd, 2591793.696, 105
Trd, 2591794.646, 91
Trd, 2591794.946, 92
Trd, 2591794.979, 89
Trd, 2591795.979, 87
Trd, 2591796.179, 97
Trd, 2591796.429, 87
Trd, 2591796.796, 84
Trd, 2591797.446, 95
Trd, 2591797.496, 85
Trd, 2591799.796, 82
Trd, 2591800.413, 96
Trd, 2591800.946, 99
Trd, 2591800.963, 101
Trd, 2591801.263, 92
Trd, 2591802.213, 93
Trd, 2591803.079, 105
Trd, 2591803.646, 95
Trd, 2591804.113, 100
Trd, 2591805.829, 98
Trd, 2591805.879, 97
Trd, 2591806.663, 84
Trd, 2591808.246, 93
Trd, 2591808.546, 92
Trd, 2591809.263, 93
Trd, 2591809.329, 95
Trd, 2591811.096, 94
Trd, 2591811.479, 94
Trd, 2591811.679, 93
Trd, 2591811.763, 100
Trd, 2591811.846, 91
Trd, 2591812.713, 105
Trd, 2591813.163, 98
Trd, 2591813.179, 107
Trd, 2591813.396, 108
Trd, 2591813.763, 88
Trd, 2591815.229, 92
Trd, 2591816.146, 110
Trd, 2591816.546, 112
Trd, 2591817.196, 103
Trd, 2591817.646, 116
Trd, 2591819.213, 93
Trd, 2591819.663, 92
Trd, 2591819.796, 115
Trd, 2591820.263, 88
Trd, 2591820.846, 110
Trd, 2591821.246, 113
Trd, 2591821.429, 86
Trd, 2591822.029, 94
Trd, 2591823.596, 96
Trd, 2591824.846, 88
Trd, 2591825.329, 101
Trd, 2591825.513, 104
Trd, 2591826.679, 89
Trd, 2591827.063, 85
Trd, 2591828.163, 95
Trd, 2591828.846, 94
Trd, 2591829.463, 101
Trd, 2591829.863, 102
Trd, 2591831.546, 98
Trd, 2591831.946, 98
Trd, 2591832.813, 96
Trd, 2591833.813, 84
Trd, 2591834.113, 81
Trd, 2591834.663, 79
Trd, 2591834.813, 77
Trd, 2591834.863, 96
Trd, 2591835.879, 84
Trd, 2591837.446, 82
Trd, 2591837.729, 84
Trd, 2591838.079, 81
Trd, 2591838.396, 76
Trd, 2591838.879, 77
Trd, 2591838.929, 75
Trd, 2591839.096, 88
Trd, 2591839.679, 74
Trd, 2591839.863, 96
Trd, 2591839.996, 101
Trd, 2591841.779, 100
Trd, 2591842.046, 105
Trd, 2591843.446, 99
Trd, 2591843.729, 108
Trd, 2591845.479, 101
Trd, 2591845.529, 102
Trd, 2591845.563, 91
Trd, 2591846.279, 86
Trd, 2591847.063, 87
Trd, 2591847.929, 100
Trd, 2591847.979, 98
Trd, 2591848.663, 101
Trd, 2591849.796, 108
Trd, 2591850.229, 112
Trd, 2591850.513, 115
Trd, 2591850.863, 112
Trd, 2591852.479, 95
Trd, 2591852.696, 84
Trd, 2591853.296, 81
Trd, 2591853.429, 83
Trd, 2591854.329, 86
Trd, 2591854.729, 92
Trd, 2591854.829, 94
Trd, 2591856.029, 100
Trd, 2591857.363, 91
Trd, 2591859.046, 96
Trd, 2591860.046, 97
Trd, 2591860.213, 97
Trd, 2591860.413, 101
Trd, 2591861.096, 88
Trd, 2591861.563, 105
Trd, 2591861.579, 86
Trd, 2591862.363, 108
Trd, 2591862.663, 111
Trd, 2591863.029, 98
Trd, 2591863.479, 86
Trd, 2591864.129, 112
Trd, 2591864.513, 118
Trd, 2591864.963, 92
Trd, 2591866.429, 84
Trd, 2591866.646, 96
Trd, 2591866.979, 112
Trd, 2591867.129, 89
Trd, 2591867.863, 81
Trd, 2591868.063, 115
Trd, 2591868.996, 101
Trd, 2591871.746, 101
Trd, 2591872.013, 100
Trd, 2591872.129, 91
Trd, 2591872.713, 89
Trd, 2591873.363, 95
Trd, 2591873.829, 110
Trd, 2591874.246, 88
Trd, 2591876.129, 84
Trd, 2591877.096, 98
Trd, 2591877.246, 84
Trd, 2591877.779, 93
Trd, 2591879.029, 104
Trd, 2591879.063, 105
Trd, 2591879.496, 90
Trd, 2591880.546, 99
Trd, 2591881.213, 99
Trd, 2591881.663, 85
Trd, 2591882.179, 94
Trd, 2591882.229, 92
Trd, 2591882.913, 105
Trd, 2591883.446, 98
Trd, 2591884.596, 99
Trd, 2591885.496, 101
Trd, 2591886.429, 103
Trd, 2591886.829, 105
Trd, 2591886.963, 104
Trd, 2591887.029, 108
Trd, 2591888.379, 103
Trd, 2591888.796, 112
Trd, 2591889.463, 113
Trd, 2591889.763, 105
Trd, 2591890.863, 104
Trd, 2591891.079, 101
Trd, 2591891.979, 92
Trd, 2591893.163, 96
Trd, 2591893.213, 105
Trd, 2591894.229, 86
Trd, 2591894.246, 84
Trd, 2591894.429, 81
Trd, 2591894.829, 77
Trd, 2591895.096, 90
Trd, 2591895.413, 77
Trd, 2591895.946, 90
Trd, 2591896.313, 90
Trd, 2591896.813, 87
Trd, 2591897.629, 77
Trd, 2591899.096, 87
Trd, 2591899.613, 87
Trd, 2591899.679, 95
Trd, 2591899.996, 98
Trd, 2591901.429, 104
Trd, 2591901.563, 105
Trd, 2591902.729, 97
Trd, 2591902.829, 95
Trd, 2591903.946, 95
Trd, 2591904.813, 101
Trd, 2591904.929, 91
Trd, 2591904.946, 107
Trd, 2591905.479, 86
Trd, 2591905.729, 112
Trd, 2591906.163, 88
Trd, 2591906.446, 119
Trd, 2591907.929, 97
Trd, 2591908.429, 96
Trd, 2591908.696, 86
Trd, 2591910.579, 88
Trd, 2591910.646, 94
Trd, 2591911.479, 111
Trd, 2591912.146, 110
Trd, 2591912.479, 111
Trd, 2591912.829, 103
Trd, 2591913.596, 105
Trd, 2591913.746, 85
Trd, 2591913.979, 95
Trd, 2591914.196, 100
Trd, 2591914.913, 87
Trd, 2591915.496, 89
Trd, 2591916.346, 85
Trd, 2591916.446, 84
Trd, 2591916.896, 89
Trd, 2591917.113, 81
Trd, 2591917.513, 101
Trd, 2591917.829, 105
Trd, 2591919.496, 107
Trd, 2591919.946, 108
Trd, 2591920.129, 108
Trd, 2591920.413, 87
Trd, 2591921.729, 111
Trd, 2591922.746, 99
Trd, 2591922.963, 87
Trd, 2591923.146, 106
Trd, 2591923.396, 115
Trd, 2591924.979, 93
Trd, 2591925.596, 85
Trd, 2591925.629, 84
Trd, 2591925.796, 90
Trd, 2591925.946, 109
Trd, 2591925.979, 110
Trd, 2591927.729, 83
Trd, 2591927.779, 84
Trd, 2591928.963, 88
Trd, 2591929.063, 82
Trd, 2591929.113, 99
Trd, 2591929.813, 111
Trd, 2591930.046, 76
Trd, 2591931.313, 98
Trd, 2591931.863, 97
Trd, 2591933.563, 98
Trd, 2591933.996, 99
Trd, 2591935.296, 104
Trd, 2591935.496, 100
Trd, 2591936.613, 99
Trd, 2591937.746, 109
Trd, 2591937.946, 95
Trd, 2591940.296, 98
Trd, 2591940.629, 106
Trd, 2591941.279, 99
Trd, 2591941.596, 92
Trd, 2591941.963, 91
Trd, 2591942.379, 95
Trd, 2591944.296, 97
Trd, 2591944.996, 96
Trd, 2591945.113, 102
Trd, 2591945.346, 96
Trd, 2591945.429, 87
Trd, 2591945.596, 84
Trd, 2591946.196, 105
Trd, 2591946.479, 108
Trd, 2591947.496, 106
Trd, 2591947.663, 86
Trd, 2591948.079, 110
Trd, 2591949.946, 99
Trd, 2591951.379, 110
Trd, 2591951.746, 102
Trd, 2591951.996, 101
Trd, 2591952.079, 91
Trd, 2591952.463, 92
Trd, 2591954.129, 97
Trd, 2591954.146, 94
Trd, 2591954.229, 92
Trd, 2591954.296, 84
Trd, 2591954.863, 97
Trd, 2591955.346, 86
Trd, 2591956.013, 97
Trd, 2591956.496, 88
Trd, 2591956.513, 112
Trd, 2591956.696, 103
Trd, 2591958.229, 111
Trd, 2591958.296, 121
Trd, 2591958.546, 97
Trd, 2591958.679, 86
Trd, 2591961.279, 88
Trd, 2591961.563, 91
Trd, 2591961.729, 87
Trd, 2591962.646, 91
Trd, 2591963.079, 92
Trd, 2591963.929, 91
Trd, 2591964.113, 94
Trd, 2591965.413, 84
Trd, 2591966.096, 80
Trd, 2591966.529, 86
Trd, 2591966.613, 100
Trd, 2591967.329, 80
Trd, 2591967.346, 83
Trd, 2591968.413, 79
Trd, 2591968.596, 80
Trd, 2591970.946, 96
Trd, 2591971.046, 100
Trd, 2591971.413, 105
Trd, 2591972.646, 107
Trd, 2591973.396, 98
Trd, 2591973.479, 107
Trd, 2591973.729, 98
Trd, 2591974.446, 101
Trd, 2591974.863, 100
Trd, 2591975.246, 108
Trd, 2591976.763, 109
Trd, 2591976.913, 103
Trd, 2591977.729, 94
Trd, 2591977.796, 109
Trd, 2591978.929, 87
Trd, 2591979.296, 87
Trd, 2591979.496, 84
Trd, 2591980.529, 95
Trd, 2591981.029, 106
Trd, 2591981.363, 112
Trd, 2591981.446, 97
Trd, 2591982.329, 99
Trd, 2591984.063, 109
Trd, 2591984.096, 98
Trd, 2591984.646, 108
Trd, 2591986.479, 91
Trd, 2591986.629, 107
Trd, 2591988.546, 102
Trd, 2591989.029, 100
Trd, 2591989.263, 98
Trd, 2591989.863, 108
Trd, 2591990.096, 112
Trd, 2591990.196, 118
Trd, 2591991.979, 114
Trd, 2591992.379, 98
Trd, 2591992.746, 97
Trd, 2591992.763, 85
Trd, 2591992.979, 84
Trd, 2591994.346, 100
Trd, 2591994.463, 117
Trd, 2591995.163, 86
Trd, 2591995.463, 97
Trd, 2591996.613, 88
Trd, 2591996.813, 89
Trd, 2591997.196, 98
Trd, 2591997.846, 89
Trd, 2591998.413, 88
Trd, 2591998.513, 99
Trd, 2591998.596, 81
Trd, 2591999.346, 96
Trd, 2591999.446, 75
