Trd, 2590659.913, 101
Trd, 2590661.579, 115
Trd, 2590662.379, 107
Trd, 2590663.263, 107
Trd, 2590663.746, 106
Trd, 2590666.596, 105
Trd, 2590667.413, 102
Trd, 2590667.646, 102
Trd, 2590668.446, 101
Trd, 2590668.529, 98
Trd, 2590668.763, 102
Trd, 2590669.079, 102
Trd, 2590669.613, 94
Trd, 2590670.179, 97
Trd, 2590671.279, 94
Trd, 2590673.346, 96
Trd, 2590673.513, 95
Trd, 2590673.546, 102
Trd, 2590673.613, 94
Trd, 2590674.896, 93
Trd, 2590675.196, 95
Trd, 2590676.129, 91
Trd, 2590677.046, 97
Trd, 2590679.146, 97
Trd, 2590680.279, 98
Trd, 2590680.596, 105
Trd, 2590681.096, 105
Trd, 2590681.379, 100
Trd, 2590682.196, 106
Trd, 2590682.663, 107
Trd, 2590683.129, 106
Trd, 2590683.246, 113
Trd, 2590683.346, 104
Trd, 2590684.446, 103
Trd, 2590684.729, 104
Trd, 2590684.879, 109
Trd, 2590685.663, 115
Trd, 2590686.663, 108
Trd, 2590686.863, 107
Trd, 2590688.329, 101
Trd, 2590688.546, 81
Trd, 2590690.329, 112
Trd, 2590691.046, 108
Trd, 2590691.313, 111
Trd, 2590691.829, 98
Trd, 2590692.613, 97
Trd, 2590692.863, 98
Trd, 2590693.229, 98
Trd, 2590693.479, 100
Trd, 2590694.396, 101
Trd, 2590696.563, 108
Trd, 2590697.279, 118
Trd, 2590697.746, 107
Trd, 2590697.879, 105
Trd, 2590698.379, 106
Trd, 2590698.679, 96
Trd, 2590699.379, 94
Trd, 2590699.463, 93
Trd, 2590700.079, 110
Trd, 2590700.146, 92
Trd, 2590700.479, 91
Trd, 2590701.596, 94
Trd, 2590702.113, 105
Trd, 2590702.513, 95
Trd, 2590703.713, 102
Trd, 2590703.996, 103
Trd, 2590704.763, 104
Trd, 2590706.246, 103
Trd, 2590707.063, 105
Trd, 2590707.329, 102
Trd, 2590708.713, 107
Trd, 2590709.763, 105
Trd, 2590709.996, 105
Trd, 2590711.563, 99
Trd, 2590711.796, 98
Trd, 2590712.963, 99
Trd, 2590713.163, 100
Trd, 2590713.246, 98
Trd, 2590713.563, 105
Trd, 2590713.696, 97
Trd, 2590714.179, 96
Trd, 2590715.296, 106
Trd, 2590716.213, 100
Trd, 2590716.246, 110
Trd, 2590716.879, 117
Trd, 2590718.096, 99
Trd, 2590718.163, 101
Trd, 2590719.779, 107
Trd, 2590721.179, 98
Trd, 2590722.413, 95
Trd, 2590723.213, 94
Trd, 2590723.929, 96
Trd, 2590724.263, 96
Trd, 2590724.463, 90
Trd, 2590724.629, 101
Trd, 2590726.096, 86
Trd, 2590726.646, 79
Trd, 2590728.113, 91
Trd, 2590728.946, 92
Trd, 2590729.996, 89
Trd, 2590730.313, 91
Trd, 2590731.196, 96
Trd, 2590731.679, 98
Trd, 2590732.429, 101
Trd, 2590732.513, 102
Trd, 2590733.013, 104
Trd, 2590733.429, 103
Trd, 2590734.296, 105
Trd, 2590735.196, 106
Trd, 2590735.296, 105
Trd, 2590735.446, 101
Trd, 2590736.629, 94
Trd, 2590737.363, 108
Trd, 2590738.896, 86
Trd, 2590739.846, 94
Trd, 2590740.079, 94
Trd, 2590740.529, 94
Trd, 2590740.679, 95
Trd, 2590743.729, 96
Trd, 2590744.146, 96
Trd, 2590744.763, 95
Trd, 2590744.796, 96
Trd, 2590744.963, 97
Trd, 2590745.629, 94
Trd, 2590745.929, 97
Trd, 2590746.329, 97
Trd, 2590746.829, 93
Trd, 2590747.013, 98
Trd, 2590749.979, 102
Trd, 2590750.646, 102
Trd, 2590751.263, 102
Trd, 2590751.346, 104
Trd, 2590753.079, 104
Trd, 2590753.546, 104
Trd, 2590753.679, 103
Trd, 2590754.146, 105
Trd, 2590755.146, 107
Trd, 2590755.246, 112
Trd, 2590756.179, 105
Trd, 2590756.263, 98
Trd, 2590756.329, 106
Trd, 2590756.346, 94
Trd, 2590756.396, 107
Trd, 2590757.079, 106
Trd, 2590757.746, 112
Trd, 2590760.663, 95
Trd, 2590760.779, 95
Trd, 2590761.929, 97
Trd, 2590762.546, 96
Trd, 2590762.563, 97
Trd, 2590762.863, 93
Trd, 2590765.013, 93
Trd, 2590765.446, 94
Trd, 2590765.713, 93
Trd, 2590766.979, 103
Trd, 2590767.346, 101
Trd, 2590768.963, 99
Trd, 2590769.446, 100
Trd, 2590769.779, 101
Trd, 2590769.846, 97
Trd, 2590770.279, 101
Trd, 2590770.713, 102
Trd, 2590771.179, 91
Trd, 2590772.796, 90
Trd, 2590773.613, 89
Trd, 2590774.263, 98
Trd, 2590774.329, 97
Trd, 2590776.196, 98
Trd, 2590776.713, 102
Trd, 2590777.013, 95
Trd, 2590777.529, 95
Trd, 2590778.313, 100
Trd, 2590779.429, 101
Trd, 2590779.829, 102
Trd, 2590780.663, 104
Trd, 2590781.763, 105
Trd, 2590781.946, 104
Trd, 2590783.013, 104
Trd, 2590783.196, 105
Trd, 2590783.713, 104
Trd, 2590784.213, 106
Trd, 2590785.063, 98
Trd, 2590785.913, 106
Trd, 2590786.096, 113
Trd, 2590786.279, 95
Trd, 2590786.663, 113
Trd, 2590786.829, 94
Trd, 2590787.263, 75
Trd, 2590787.346, 116
Trd, 2590788.113, 91
Trd, 2590790.146, 101
Trd, 2590791.813, 97
Trd, 2590791.863, 96
Trd, 2590792.313, 98
Trd, 2590793.813, 100
Trd, 2590794.363, 99
Trd, 2590794.996, 100
Trd, 2590795.363, 99
Trd, 2590795.596, 100
Trd, 2590795.763, 105
Trd, 2590796.113, 98
Trd, 2590796.329, 103
Trd, 2590798.046, 105
Trd, 2590798.529, 101
Trd, 2590799.313, 99
Trd, 2590800.446, 95
Trd, 2590800.546, 96
Trd, 2590800.613, 94
Trd, 2590802.746, 91
Trd, 2590802.979, 109
Trd, 2590803.329, 76
Trd, 2590803.679, 109
Trd, 2590806.779, 82
Trd, 2590807.696, 97
Trd, 2590807.896, 98
Trd, 2590808.013, 101
Trd, 2590808.113, 108
Trd, 2590809.729, 107
Trd, 2590810.063, 105
Trd, 2590810.113, 107
Trd, 2590810.229, 107
Trd, 2590810.629, 107
Trd, 2590811.546, 101
Trd, 2590812.113, 100
Trd, 2590812.446, 98
Trd, 2590813.596, 94
Trd, 2590814.146, 101
Trd, 2590814.663, 97
Trd, 2590814.696, 98
Trd, 2590815.196, 97
Trd, 2590815.496, 98
Trd, 2590817.329, 102
Trd, 2590817.479, 99
Trd, 2590818.196, 99
Trd, 2590818.646, 102
Trd, 2590818.713, 98
Trd, 2590819.379, 105
Trd, 2590821.546, 105
Trd, 2590821.646, 108
Trd, 2590823.379, 107
Trd, 2590823.846, 112
Trd, 2590824.196, 106
Trd, 2590824.396, 105
Trd, 2590825.879, 101
Trd, 2590825.963, 95
Trd, 2590826.429, 100
Trd, 2590827.096, 100
Trd, 2590827.363, 103
Trd, 2590827.429, 107
Trd, 2590828.746, 107
Trd, 2590830.263, 106
Trd, 2590830.679, 105
Trd, 2590831.063, 104
Trd, 2590832.196, 104
Trd, 2590832.279, 105
Trd, 2590832.479, 107
Trd, 2590833.196, 111
Trd, 2590833.496, 105
Trd, 2590833.796, 103
Trd, 2590833.963, 101
Trd, 2590834.163, 98
Trd, 2590835.046, 121
Trd, 2590836.763, 105
Trd, 2590838.713, 98
Trd, 2590838.929, 97
Trd, 2590838.946, 97
Trd, 2590838.963, 98
Trd, 2590840.746, 95
Trd, 2590840.863, 95
Trd, 2590841.063, 94
Trd, 2590841.829, 94
Trd, 2590841.979, 98
Trd, 2590843.063, 94
Trd, 2590843.229, 97
Trd, 2590844.313, 95
Trd, 2590844.363, 96
Trd, 2590844.796, 94
Trd, 2590845.129, 91
Trd, 2590845.613, 97
Trd, 2590848.496, 83
Trd, 2590848.713, 82
Trd, 2590849.446, 93
Trd, 2590850.113, 98
Trd, 2590850.996, 101
Trd, 2590851.263, 102
Trd, 2590851.996, 105
Trd, 2590853.029, 108
Trd, 2590855.379, 104
Trd, 2590855.796, 105
Trd, 2590856.113, 104
Trd, 2590856.796, 109
Trd, 2590857.146, 102
Trd, 2590857.479, 108
Trd, 2590858.246, 98
Trd, 2590858.629, 96
Trd, 2590858.963, 96
Trd, 2590859.179, 94
Trd, 2590860.013, 105
Trd, 2590860.763, 103
Trd, 2590861.613, 101
Trd, 2590862.396, 103
Trd, 2590862.563, 109
Trd, 2590864.863, 106
Trd, 2590864.896, 106
Trd, 2590864.979, 103
Trd, 2590865.246, 100
Trd, 2590867.929, 103
Trd, 2590868.229, 103
Trd, 2590868.446, 102
Trd, 2590868.629, 98
Trd, 2590869.029, 94
Trd, 2590869.679, 95
Trd, 2590870.579, 91
Trd, 2590871.163, 92
Trd, 2590871.763, 93
Trd, 2590872.496, 94
Trd, 2590873.479, 102
Trd, 2590874.029, 95
Trd, 2590874.879, 102
Trd, 2590875.063, 98
Trd, 2590875.379, 99
Trd, 2590876.779, 103
Trd, 2590876.896, 105
Trd, 2590877.779, 104
Trd, 2590878.679, 104
Trd, 2590879.246, 98
Trd, 2590880.446, 100
Trd, 2590880.663, 99
Trd, 2590880.679, 100
Trd, 2590882.496, 95
Trd, 2590882.613, 94
Trd, 2590883.313, 95
Trd, 2590884.796, 92
Trd, 2590885.213, 93
Trd, 2590885.596, 93
Trd, 2590886.679, 92
Trd, 2590886.946, 91
Trd, 2590886.963, 93
Trd, 2590887.129, 98
Trd, 2590889.179, 99
Trd, 2590890.596, 100
Trd, 2590891.296, 99
Trd, 2590891.996, 98
Trd, 2590893.663, 92
Trd, 2590893.713, 92
Trd, 2590894.763, 96
Trd, 2590896.446, 97
Trd, 2590896.729, 95
Trd, 2590897.063, 100
Trd, 2590897.113, 101
Trd, 2590897.396, 94
Trd, 2590899.396, 101
Trd, 2590899.913, 101
Trd, 2590900.213, 104
Trd, 2590900.263, 102
Trd, 2590900.446, 104
Trd, 2590900.829, 105
Trd, 2590901.463, 105
Trd, 2590901.846, 102
Trd, 2590901.946, 101
Trd, 2590902.546, 105
Trd, 2590904.196, 100
Trd, 2590904.563, 101
Trd, 2590905.063, 102
Trd, 2590905.179, 105
Trd, 2590906.213, 102
Trd, 2590907.179, 102
Trd, 2590907.363, 104
Trd, 2590907.446, 98
Trd, 2590907.479, 105
Trd, 2590907.996, 94
Trd, 2590909.713, 111
Trd, 2590912.596, 96
Trd, 2590912.779, 97
Trd, 2590912.913, 94
Trd, 2590914.846, 97
Trd, 2590915.129, 98
Trd, 2590915.529, 96
Trd, 2590916.179, 102
Trd, 2590916.213, 96
Trd, 2590917.529, 102
Trd, 2590917.629, 103
Trd, 2590919.013, 105
Trd, 2590919.379, 101
Trd, 2590919.629, 104
Trd, 2590921.496, 103
Trd, 2590921.579, 103
Trd, 2590921.729, 103
Trd, 2590921.963, 103
Trd, 2590922.596, 91
Trd, 2590923.529, 108
Trd, 2590924.329, 108
Trd, 2590924.546, 96
Trd, 2590925.729, 109
Trd, 2590925.946, 102
Trd, 2590925.996, 114
Trd, 2590928.996, 110
Trd, 2590929.163, 101
Trd, 2590929.396, 101
Trd, 2590932.046, 102
Trd, 2590932.179, 102
Trd, 2590932.779, 102
Trd, 2590932.796, 103
Trd, 2590933.813, 102
Trd, 2590934.063, 110
Trd, 2590934.229, 101
Trd, 2590934.813, 99
Trd, 2590935.846, 99
Trd, 2590935.996, 98
Trd, 2590936.846, 95
Trd, 2590937.096, 97
Trd, 2590937.363, 103
Trd, 2590937.746, 105
Trd, 2590939.946, 100
Trd, 2590940.363, 99
Trd, 2590940.529, 102
Trd, 2590940.746, 98
Trd, 2590941.829, 104
Trd, 2590943.363, 111
Trd, 2590944.413, 107
Trd, 2590944.563, 108
Trd, 2590945.379, 110
Trd, 2590945.413, 106
Trd, 2590947.846, 96
Trd, 2590948.779, 98
Trd, 2590948.863, 99
Trd, 2590949.046, 100
Trd, 2590949.113, 98
Trd, 2590950.579, 97
Trd, 2590951.613, 100
Trd, 2590951.963, 94
Trd, 2590952.413, 100
Trd, 2590952.696, 103
Trd, 2590953.296, 103
Trd, 2590954.763, 96
Trd, 2590955.179, 96
Trd, 2590956.396, 93
Trd, 2590956.763, 95
Trd, 2590957.879, 91
Trd, 2590958.113, 96
Trd, 2590958.729, 93
Trd, 2590959.363, 92
Trd, 2590959.563, 96
Trd, 2590959.679, 90
Trd, 2590960.046, 98
Trd, 2590962.013, 88
Trd, 2590962.663, 92
Trd, 2590963.563, 94
Trd, 2590963.879, 98
Trd, 2590964.429, 101
Trd, 2590964.746, 102
Trd, 2590965.696, 102
Trd, 2590966.146, 101
Trd, 2590966.929, 105
Trd, 2590967.563, 99
Trd, 2590969.546, 102
Trd, 2590969.563, 101
Trd, 2590969.946, 98
Trd, 2590970.146, 103
Trd, 2590972.713, 101
Trd, 2590972.996, 102
Trd, 2590973.446, 99
Trd, 2590973.979, 98
Trd, 2590974.096, 98
Trd, 2590974.113, 100
Trd, 2590974.379, 93
Trd, 2590974.413, 104
Trd, 2590974.979, 91
Trd, 2590975.779, 81
Trd, 2590976.079, 91
Trd, 2590978.913, 106
Trd, 2590979.296, 111
Trd, 2590979.896, 105
Trd, 2590981.013, 110
Trd, 2590981.529, 111
Trd, 2590982.046, 110
Trd, 2590982.496, 105
Trd, 2590982.713, 110
Trd, 2590982.963, 101
Trd, 2590984.979, 108
Trd, 2590985.213, 101
Trd, 2590986.929, 102
Trd, 2590987.313, 99
Trd, 2590987.596, 104
Trd, 2590987.663, 112
Trd, 2590988.263, 100
Trd, 2590990.029, 120
Trd, 2590991.413, 116
Trd, 2590991.529, 108
Trd, 2590992.513, 112
Trd, 2590992.796, 111
Trd, 2590992.813, 109
Trd, 2590993.346, 101
Trd, 2590994.179, 106
Trd, 2590995.163, 100
Trd, 2590995.413, 98
Trd, 2590996.396, 96
Trd, 2590996.646, 97
Trd, 2590997.979, 94
Trd, 2590998.579, 95
Trd, 2590999.813, 101
Trd, 2591000.896, 95
Trd, 2591000.946, 93
Trd, 2591001.279, 101
Trd, 2591001.946, 101
Trd, 2591002.579, 97
Trd, 2591003.629, 100
Trd, 2591004.279, 103
Trd, 2591004.613, 104
Trd, 2591005.179, 96
Trd, 2591006.579, 102
Trd, 2591006.696, 103
Trd, 2591008.429, 105
Trd, 2591008.629, 103
Trd, 2591008.913, 102
Trd, 2591010.229, 105
Trd, 2591010.946, 104
Trd, 2591011.179, 103
Trd, 2591011.229, 105
Trd, 2591011.646, 101
Trd, 2591012.463, 100
Trd, 2591013.263, 103
Trd, 2591015.729, 101
Trd, 2591015.796, 98
Trd, 2591017.996, 96
Trd, 2591018.846, 97
Trd, 2591019.213, 96
Trd, 2591019.363, 95
Trd, 2591020.263, 97
Trd, 2591020.546, 97
Trd, 2591020.696, 96
Trd, 2591020.879, 98
Trd, 2591020.979, 94
Trd, 2591021.063, 105
Trd, 2591021.646, 102
Trd, 2591022.646, 103
Trd, 2591022.946, 102
Trd, 2591023.413, 94
Trd, 2591024.413, 94
Trd, 2591025.463, 93
Trd, 2591026.046, 93
Trd, 2591026.696, 95
Trd, 2591026.796, 95
Trd, 2591026.863, 98
Trd, 2591027.563, 97
Trd, 2591027.663, 96
Trd, 2591028.563, 100
Trd, 2591029.363, 105
Trd, 2591032.229, 98
Trd, 2591032.696, 99
Trd, 2591033.546, 96
Trd, 2591033.979, 97
Trd, 2591035.029, 103
Trd, 2591035.779, 95
Trd, 2591036.146, 95
Trd, 2591036.613, 101
Trd, 2591038.279, 97
Trd, 2591038.879, 97
Trd, 2591039.329, 96
Trd, 2591039.729, 98
Trd, 2591040.063, 102
Trd, 2591040.596, 104
Trd, 2591040.679, 105
Trd, 2591040.896, 100
Trd, 2591041.213, 108
Trd, 2591042.796, 104
Trd, 2591043.063, 106
Trd, 2591043.679, 106
Trd, 2591044.196, 105
Trd, 2591044.913, 94
Trd, 2591046.579, 78
Trd, 2591046.946, 104
Trd, 2591047.013, 105
Trd, 2591047.313, 93
Trd, 2591048.546, 103
Trd, 2591048.646, 95
Trd, 2591049.729, 102
Trd, 2591050.479, 99
Trd, 2591052.296, 93
Trd, 2591053.129, 97
Trd, 2591053.396, 98
Trd, 2591053.429, 97
Trd, 2591053.463, 97
Trd, 2591054.196, 97
Trd, 2591054.879, 108
Trd, 2591057.213, 101
Trd, 2591057.796, 102
Trd, 2591058.496, 100
Trd, 2591059.329, 101
Trd, 2591059.863, 100
Trd, 2591060.279, 110
Trd, 2591060.696, 98
Trd, 2591061.563, 99
Trd, 2591061.896, 98
Trd, 2591063.646, 102
Trd, 2591064.346, 104
Trd, 2591064.746, 104
Trd, 2591065.129, 103
Trd, 2591065.379, 105
Trd, 2591066.929, 109
Trd, 2591067.313, 98
Trd, 2591067.346, 112
Trd, 2591067.946, 112
Trd, 2591068.163, 102
Trd, 2591069.346, 105
Trd, 2591070.013, 105
Trd, 2591070.646, 103
Trd, 2591072.629, 95
Trd, 2591073.246, 94
Trd, 2591073.546, 94
Trd, 2591073.829, 91
Trd, 2591076.446, 84
Trd, 2591076.596, 85
Trd, 2591076.829, 91
Trd, 2591077.263, 93
Trd, 2591078.063, 98
Trd, 2591079.179, 99
Trd, 2591079.896, 100
Trd, 2591080.146, 101
Trd, 2591080.263, 105
Trd, 2591080.646, 102
Trd, 2591080.679, 101
Trd, 2591080.763, 98
Trd, 2591081.779, 103
Trd, 2591082.696, 102
Trd, 2591082.796, 95
Trd, 2591083.013, 101
Trd, 2591083.613, 95
Trd, 2591083.796, 94
Trd, 2591083.929, 100
Trd, 2591085.179, 96
Trd, 2591085.296, 98
Trd, 2591087.179, 97
Trd, 2591087.229, 95
Trd, 2591087.879, 106
Trd, 2591088.379, 98
Trd, 2591090.213, 99
Trd, 2591092.063, 104
Trd, 2591092.246, 104
Trd, 2591093.079, 104
Trd, 2591093.213, 103
Trd, 2591093.846, 101
Trd, 2591094.629, 100
Trd, 2591095.146, 91
Trd, 2591095.363, 102
Trd, 2591096.313, 105
Trd, 2591097.946, 107
Trd, 2591098.396, 99
Trd, 2591099.896, 86
Trd, 2591100.029, 104
Trd, 2591101.079, 86
Trd, 2591101.213, 103
Trd, 2591101.329, 87
Trd, 2591102.313, 102
Trd, 2591103.529, 95
Trd, 2591105.513, 103
Trd, 2591106.013, 105
Trd, 2591106.246, 112
Trd, 2591106.929, 115
Trd, 2591107.096, 115
Trd, 2591108.063, 115
Trd, 2591108.946, 116
Trd, 2591109.163, 115
Trd, 2591109.229, 120
Trd, 2591109.663, 114
Trd, 2591110.096, 112
Trd, 2591111.913, 105
Trd, 2591112.046, 105
Trd, 2591112.496, 103
Trd, 2591112.829, 102
Trd, 2591113.529, 101
Trd, 2591113.579, 98
Trd, 2591114.029, 99
Trd, 2591114.129, 94
Trd, 2591115.279, 83
Trd, 2591115.996, 100
Trd, 2591116.296, 91
Trd, 2591119.229, 95
Trd, 2591119.413, 94
Trd, 2591119.846, 96
Trd, 2591120.163, 96
Trd, 2591120.546, 96
Trd, 2591120.596, 98
Trd, 2591122.813, 103
Trd, 2591123.779, 105
Trd, 2591124.529, 111
Trd, 2591125.063, 107
Trd, 2591126.279, 107
Trd, 2591127.429, 107
Trd, 2591127.646, 111
Trd, 2591128.646, 107
Trd, 2591129.246, 112
Trd, 2591129.763, 105
Trd, 2591131.046, 105
Trd, 2591131.963, 108
Trd, 2591132.946, 103
Trd, 2591133.329, 103
Trd, 2591133.446, 101
Trd, 2591133.663, 98
Trd, 2591134.646, 95
Trd, 2591135.146, 94
Trd, 2591135.229, 96
Trd, 2591136.113, 104
Trd, 2591136.463, 91
Trd, 2591138.413, 99
Trd, 2591138.946, 102
Trd, 2591139.029, 105
Trd, 2591139.113, 108
Trd, 2591140.529, 99
Trd, 2591141.096, 99
Trd, 2591141.779, 98
Trd, 2591141.979, 99
Trd, 2591142.863, 109
Trd, 2591143.813, 111
Trd, 2591144.463, 98
Trd, 2591145.079, 99
Trd, 2591146.763, 110
Trd, 2591147.396, 112
Trd, 2591147.846, 117
Trd, 2591148.029, 100
Trd, 2591148.746, 100
Trd, 2591149.679, 102
Trd, 2591150.179, 104
Trd, 2591150.613, 103
Trd, 2591151.429, 105
Trd, 2591152.446, 92
Trd, 2591153.929, 104
Trd, 2591154.029, 100
Trd, 2591154.063, 105
Trd, 2591154.663, 103
Trd, 2591155.996, 101
Trd, 2591157.213, 99
Trd, 2591157.329, 96
Trd, 2591158.213, 94
Trd, 2591159.329, 93
Trd, 2591159.996, 92
Trd, 2591160.179, 94
Trd, 2591160.246, 95
Trd, 2591162.346, 95
Trd, 2591162.779, 96
Trd, 2591163.163, 96
Trd, 2591163.479, 95
Trd, 2591164.613, 98
Trd, 2591165.396, 98
Trd, 2591166.146, 98
Trd, 2591168.529, 95
Trd, 2591168.746, 98
Trd, 2591170.046, 94
Trd, 2591170.113, 95
Trd, 2591170.196, 98
Trd, 2591170.429, 99
Trd, 2591170.446, 94
Trd, 2591170.796, 101
Trd, 2591171.479, 96
Trd, 2591171.913, 105
Trd, 2591171.979, 108
Trd, 2591172.329, 112
Trd, 2591175.213, 105
Trd, 2591175.463, 106
Trd, 2591175.963, 106
Trd, 2591176.596, 105
Trd, 2591176.746, 104
Trd, 2591176.779, 101
Trd, 2591177.829, 107
Trd, 2591177.979, 94
Trd, 2591179.679, 108
Trd, 2591180.796, 103
Trd, 2591181.229, 101
Trd, 2591182.363, 100
Trd, 2591182.463, 100
Trd, 2591183.246, 98
Trd, 2591183.263, 91
Trd, 2591184.063, 97
Trd, 2591185.646, 93
Trd, 2591186.479, 95
Trd, 2591186.679, 105
Trd, 2591187.363, 95
Trd, 2591187.763, 108
Trd, 2591187.846, 96
Trd, 2591187.929, 93
Trd, 2591187.963, 81
Trd, 2591188.113, 109
Trd, 2591190.746, 91
Trd, 2591192.413, 91
Trd, 2591192.696, 88
Trd, 2591193.363, 85
Trd, 2591193.496, 85
Trd, 2591194.163, 89
Trd, 2591194.846, 76
Trd, 2591197.396, 98
Trd, 2591197.529, 103
Trd, 2591198.379, 109
Trd, 2591199.279, 109
Trd, 2591199.963, 107
Trd, 2591200.096, 106
Trd, 2591200.446, 105
Trd, 2591200.596, 102
Trd, 2591201.196, 103
Trd, 2591201.463, 101
Trd, 2591202.113, 95
Trd, 2591202.546, 101
Trd, 2591202.996, 102
Trd, 2591203.513, 103
Trd, 2591204.529, 94
Trd, 2591205.296, 93
Trd, 2591206.763, 102
Trd, 2591206.946, 104
Trd, 2591207.229, 105
Trd, 2591207.746, 108
Trd, 2591208.496, 108
Trd, 2591208.579, 108
Trd, 2591208.996, 107
Trd, 2591211.329, 102
Trd, 2591211.363, 105
Trd, 2591211.463, 106
Trd, 2591211.629, 108
Trd, 2591212.346, 101
Trd, 2591212.613, 94
Trd, 2591213.613, 110
Trd, 2591215.263, 110
Trd, 2591216.563, 113
Trd, 2591216.579, 114
Trd, 2591217.429, 113
Trd, 2591218.579, 118
Trd, 2591218.629, 112
Trd, 2591219.179, 109
Trd, 2591219.413, 105
Trd, 2591220.546, 102
Trd, 2591221.296, 104
Trd, 2591221.929, 103
Trd, 2591222.746, 103
Trd, 2591223.663, 98
Trd, 2591223.913, 95
Trd, 2591224.046, 101
Trd, 2591224.546, 101
Trd, 2591224.829, 94
Trd, 2591225.413, 101
Trd, 2591226.179, 95
Trd, 2591226.529, 94
Trd, 2591227.196, 92
Trd, 2591227.229, 94
Trd, 2591229.279, 97
Trd, 2591230.929, 96
Trd, 2591231.079, 96
Trd, 2591231.296, 95
Trd, 2591232.463, 96
Trd, 2591232.879, 96
Trd, 2591233.279, 97
Trd, 2591234.063, 95
Trd, 2591235.046, 94
Trd, 2591236.146, 92
Trd, 2591236.963, 94
Trd, 2591237.013, 91
Trd, 2591237.513, 94
Trd, 2591240.579, 97
Trd, 2591240.713, 98
Trd, 2591241.013, 102
Trd, 2591241.263, 96
Trd, 2591241.396, 94
Trd, 2591242.079, 104
Trd, 2591242.646, 105
Trd, 2591245.046, 111
Trd, 2591245.579, 109
Trd, 2591245.829, 109
Trd, 2591245.913, 108
Trd, 2591246.113, 107
Trd, 2591246.613, 106
Trd, 2591247.546, 105
Trd, 2591248.029, 94
Trd, 2591248.113, 106
Trd, 2591248.163, 108
Trd, 2591248.363, 94
Trd, 2591250.296, 94
Trd, 2591251.579, 100
Trd, 2591252.863, 100
Trd, 2591253.346, 106
Trd, 2591253.663, 99
Trd, 2591254.146, 105
Trd, 2591254.863, 106
Trd, 2591255.896, 104
Trd, 2591255.979, 106
Trd, 2591256.613, 107
Trd, 2591257.546, 108
Trd, 2591258.663, 107
Trd, 2591259.913, 111
Trd, 2591260.163, 105
Trd, 2591260.279, 101
Trd, 2591260.379, 98
Trd, 2591260.613, 94
Trd, 2591262.346, 109
Trd, 2591262.696, 98
Trd, 2591262.979, 107
Trd, 2591264.729, 102
Trd, 2591265.379, 103
Trd, 2591265.529, 101
Trd, 2591265.546, 105
Trd, 2591266.563, 104
Trd, 2591266.629, 104
Trd, 2591268.629, 109
Trd, 2591269.129, 108
Trd, 2591269.279, 117
Trd, 2591270.629, 98
Trd, 2591271.513, 99
Trd, 2591272.013, 96
Trd, 2591272.279, 98
Trd, 2591272.363, 99
Trd, 2591272.663, 97
Trd, 2591273.446, 102
Trd, 2591274.413, 102
Trd, 2591274.929, 100
Trd, 2591275.563, 100
Trd, 2591276.913, 101
Trd, 2591276.996, 95
Trd, 2591278.213, 102
Trd, 2591279.263, 99
Trd, 2591279.396, 98
Trd, 2591279.663, 103
Trd, 2591279.846, 105
Trd, 2591281.296, 100
Trd, 2591281.613, 100
Trd, 2591283.229, 101
Trd, 2591283.813, 108
Trd, 2591284.513, 95
Trd, 2591285.029, 109
Trd, 2591285.879, 96
Trd, 2591286.429, 96
Trd, 2591287.946, 108
Trd, 2591288.196, 107
Trd, 2591288.346, 100
Trd, 2591288.579, 108
Trd, 2591289.413, 100
Trd, 2591290.029, 106
Trd, 2591290.663, 110
Trd, 2591293.613, 101
Trd, 2591293.913, 98
Trd, 2591294.196, 94
Trd, 2591294.463, 96
Trd, 2591295.013, 75
Trd, 2591295.246, 96
Trd, 2591296.229, 90
Trd, 2591296.846, 94
Trd, 2591297.263, 95
Trd, 2591298.446, 96
Trd, 2591299.096, 96
Trd, 2591299.113, 98
Trd, 2591299.963, 101
Trd, 2591301.563, 98
Trd, 2591301.779, 97
Trd, 2591302.929, 96
Trd, 2591303.046, 97
Trd, 2591303.546, 96
Trd, 2591303.996, 99
Trd, 2591304.663, 103
Trd, 2591305.046, 91
Trd, 2591306.379, 101
Trd, 2591306.579, 108
Trd, 2591307.196, 98
Trd, 2591307.679, 108
Trd, 2591307.979, 98
Trd, 2591308.396, 115
Trd, 2591308.546, 99
Trd, 2591309.379, 102
Trd, 2591310.213, 107
Trd, 2591311.213, 104
Trd, 2591311.696, 101
Trd, 2591312.229, 103
Trd, 2591312.829, 95
Trd, 2591313.729, 112
Trd, 2591313.979, 104
Trd, 2591314.629, 100
Trd, 2591316.163, 102
Trd, 2591316.246, 102
Trd, 2591316.413, 102
Trd, 2591317.196, 98
Trd, 2591319.063, 93
Trd, 2591319.679, 95
Trd, 2591320.063, 95
Trd, 2591321.529, 104
Trd, 2591321.729, 94
Trd, 2591321.829, 87
Trd, 2591322.413, 102
Trd, 2591323.229, 100
Trd, 2591324.063, 102
Trd, 2591324.729, 83
Trd, 2591325.546, 79
Trd, 2591326.279, 80
Trd, 2591326.729, 81
Trd, 2591327.346, 84
Trd, 2591328.396, 90
Trd, 2591328.579, 91
Trd, 2591329.213, 94
Trd, 2591329.246, 93
Trd, 2591330.779, 96
Trd, 2591331.279, 98
Trd, 2591331.996, 102
Trd, 2591334.496, 103
Trd, 2591335.213, 103
Trd, 2591335.746, 101
Trd, 2591336.163, 93
Trd, 2591336.379, 101
Trd, 2591337.079, 97
Trd, 2591337.096, 98
Trd, 2591338.196, 99
Trd, 2591338.579, 95
Trd, 2591338.863, 105
Trd, 2591340.063, 109
Trd, 2591340.213, 110
Trd, 2591341.546, 102
Trd, 2591342.479, 102
Trd, 2591343.063, 101
Trd, 2591343.096, 98
Trd, 2591344.913, 99
Trd, 2591345.146, 98
Trd, 2591345.863, 97
Trd, 2591346.196, 105
Trd, 2591347.946, 96
Trd, 2591348.196, 95
Trd, 2591348.763, 108
Trd, 2591348.996, 109
Trd, 2591349.529, 103
Trd, 2591350.129, 101
Trd, 2591350.296, 98
Trd, 2591350.346, 109
Trd, 2591351.313, 108
Trd, 2591351.929, 100
Trd, 2591352.479, 107
Trd, 2591352.629, 98
Trd, 2591353.329, 112
Trd, 2591353.713, 94
Trd, 2591354.663, 91
Trd, 2591355.679, 106
Trd, 2591355.796, 107
Trd, 2591355.963, 108
Trd, 2591356.029, 73
Trd, 2591356.846, 74
Trd, 2591359.629, 98
Trd, 2591359.729, 99
Trd, 2591360.929, 100
Trd, 2591361.646, 101
Trd, 2591362.296, 102
Trd, 2591363.546, 103
Trd, 2591363.779, 94
Trd, 2591363.813, 91
Trd, 2591366.279, 81
Trd, 2591366.479, 92
Trd, 2591367.129, 91
Trd, 2591368.629, 95
Trd, 2591368.713, 96
Trd, 2591368.846, 98
Trd, 2591369.079, 104
Trd, 2591369.113, 105
Trd, 2591369.429, 110
Trd, 2591369.546, 115
Trd, 2591371.163, 105
Trd, 2591371.829, 109
Trd, 2591372.229, 110
Trd, 2591374.163, 110
Trd, 2591375.096, 98
Trd, 2591375.479, 107
Trd, 2591376.429, 93
Trd, 2591377.113, 90
Trd, 2591377.879, 93
Trd, 2591378.179, 97
Trd, 2591379.096, 94
Trd, 2591380.029, 97
Trd, 2591380.163, 98
Trd, 2591380.579, 99
Trd, 2591380.679, 99
Trd, 2591381.079, 98
Trd, 2591381.763, 97
Trd, 2591382.279, 104
Trd, 2591382.463, 105
Trd, 2591382.663, 110
Trd, 2591382.929, 100
Trd, 2591384.296, 98
Trd, 2591384.513, 100
Trd, 2591384.646, 101
Trd, 2591385.829, 98
Trd, 2591386.146, 97
Trd, 2591387.613, 97
Trd, 2591388.263, 100
Trd, 2591389.129, 98
Trd, 2591391.296, 99
Trd, 2591392.163, 101
Trd, 2591392.363, 100
Trd, 2591392.429, 99
Trd, 2591392.613, 98
Trd, 2591393.946, 98
Trd, 2591393.979, 94
Trd, 2591394.846, 98
Trd, 2591396.229, 97
Trd, 2591396.696, 97
Trd, 2591397.546, 102
Trd, 2591397.579, 92
Trd, 2591398.313, 101
Trd, 2591398.413, 103
Trd, 2591398.813, 105
Trd, 2591400.446, 97
Trd, 2591402.029, 101
Trd, 2591402.263, 98
Trd, 2591402.713, 101
Trd, 2591403.179, 103
Trd, 2591403.396, 105
Trd, 2591404.346, 102
Trd, 2591405.479, 102
Trd, 2591406.646, 101
Trd, 2591407.179, 102
Trd, 2591408.029, 105
Trd, 2591409.396, 106
Trd, 2591409.513, 107
Trd, 2591410.279, 111
Trd, 2591410.596, 109
Trd, 2591411.013, 109
Trd, 2591411.279, 109
Trd, 2591412.163, 105
Trd, 2591412.213, 101
Trd, 2591412.396, 113
Trd, 2591412.896, 98
Trd, 2591414.263, 114
Trd, 2591415.296, 115
Trd, 2591415.796, 106
Trd, 2591417.429, 106
Trd, 2591418.646, 108
Trd, 2591419.396, 110
Trd, 2591419.413, 112
Trd, 2591419.996, 101
Trd, 2591420.663, 94
Trd, 2591421.746, 92
Trd, 2591421.996, 103
Trd, 2591422.663, 105
Trd, 2591422.863, 92
Trd, 2591425.013, 96
Trd, 2591425.063, 95
Trd, 2591425.813, 96
Trd, 2591426.446, 101
Trd, 2591426.579, 102
Trd, 2591427.613, 104
Trd, 2591428.196, 104
Trd, 2591428.396, 103
Trd, 2591428.996, 105
Trd, 2591429.046, 112
Trd, 2591429.696, 117
Trd, 2591430.096, 117
Trd, 2591431.979, 104
Trd, 2591432.279, 110
Trd, 2591433.179, 102
Trd, 2591433.996, 101
Trd, 2591434.346, 98
Trd, 2591435.313, 99
Trd, 2591436.146, 98
Trd, 2591437.213, 100
Trd, 2591437.229, 98
Trd, 2591437.863, 99
Trd, 2591437.896, 101
Trd, 2591438.279, 101
Trd, 2591438.313, 97
Trd, 2591439.796, 94
Trd, 2591440.263, 92
Trd, 2591442.146, 96
Trd, 2591442.179, 98
Trd, 2591443.463, 99
Trd, 2591443.713, 104
Trd, 2591444.613, 98
Trd, 2591445.146, 98
Trd, 2591445.563, 97
Trd, 2591445.763, 96
Trd, 2591445.946, 97
Trd, 2591446.163, 99
Trd, 2591446.313, 101
Trd, 2591448.529, 110
Trd, 2591449.229, 93
Trd, 2591451.763, 98
Trd, 2591451.996, 98
Trd, 2591452.463, 102
Trd, 2591452.796, 101
Trd, 2591452.896, 103
Trd, 2591454.113, 103
Trd, 2591454.263, 102
Trd, 2591454.896, 101
Trd, 2591455.146, 98
Trd, 2591455.946, 99
Trd, 2591456.613, 100
Trd, 2591457.729, 96
Trd, 2591458.013, 105
Trd, 2591459.329, 101
Trd, 2591460.429, 109
Trd, 2591460.696, 112
Trd, 2591461.046, 118
Trd, 2591461.296, 112
Trd, 2591461.396, 99
Trd, 2591462.146, 97
Trd, 2591464.063, 105
Trd, 2591464.663, 104
Trd, 2591464.763, 105
Trd, 2591465.496, 103
Trd, 2591465.963, 101
Trd, 2591466.746, 95
Trd, 2591466.929, 94
Trd, 2591467.096, 99
Trd, 2591467.429, 99
Trd, 2591469.013, 91
Trd, 2591469.946, 91
Trd, 2591470.729, 87
Trd, 2591471.346, 89
Trd, 2591471.713, 91
Trd, 2591472.213, 98
Trd, 2591473.079, 95
Trd, 2591473.646, 105
Trd, 2591474.529, 97
Trd, 2591475.479, 104
Trd, 2591476.329, 104
Trd, 2591476.663, 105
Trd, 2591476.863, 105
Trd, 2591477.313, 104
Trd, 2591478.379, 101
Trd, 2591479.163, 98
Trd, 2591480.096, 101
Trd, 2591480.346, 91
Trd, 2591481.779, 99
Trd, 2591482.413, 102
Trd, 2591482.896, 102
Trd, 2591483.363, 99
Trd, 2591483.713, 99
Trd, 2591484.813, 99
Trd, 2591485.213, 100
Trd, 2591486.063, 99
Trd, 2591486.113, 97
Trd, 2591487.879, 103
Trd, 2591488.329, 94
Trd, 2591488.713, 92
Trd, 2591489.463, 97
Trd, 2591490.663, 97
Trd, 2591490.846, 98
Trd, 2591491.479, 98
Trd, 2591491.546, 101
Trd, 2591493.096, 104
Trd, 2591493.279, 105
Trd, 2591493.663, 112
Trd, 2591494.479, 108
Trd, 2591495.579, 111
Trd, 2591496.246, 110
Trd, 2591496.279, 114
Trd, 2591496.846, 112
Trd, 2591497.129, 117
Trd, 2591497.163, 105
Trd, 2591497.579, 101
Trd, 2591499.313, 99
Trd, 2591500.263, 104
Trd, 2591501.163, 96
Trd, 2591502.263, 102
Trd, 2591502.463, 98
Trd, 2591503.379, 99
Trd, 2591503.696, 94
Trd, 2591504.029, 92
Trd, 2591504.046, 94
Trd, 2591504.296, 103
Trd, 2591504.596, 93
Trd, 2591506.229, 101
Trd, 2591507.663, 100
Trd, 2591507.979, 98
Trd, 2591508.046, 99
Trd, 2591509.079, 99
Trd, 2591509.896, 94
Trd, 2591510.129, 105
Trd, 2591511.396, 96
Trd, 2591511.679, 95
Trd, 2591512.263, 96
Trd, 2591513.979, 97
Trd, 2591514.463, 97
Trd, 2591516.046, 104
Trd, 2591516.679, 100
Trd, 2591516.963, 91
Trd, 2591517.329, 81
Trd, 2591517.529, 99
Trd, 2591518.746, 100
Trd, 2591518.913, 101
Trd, 2591520.013, 98
Trd, 2591521.479, 104
Trd, 2591522.213, 101
Trd, 2591522.313, 100
Trd, 2591522.346, 102
Trd, 2591522.896, 100
Trd, 2591523.946, 103
Trd, 2591524.646, 103
Trd, 2591525.663, 102
Trd, 2591526.179, 102
Trd, 2591527.479, 107
Trd, 2591527.613, 103
Trd, 2591527.646, 112
Trd, 2591528.029, 113
Trd, 2591528.896, 112
Trd, 2591530.146, 103
Trd, 2591530.446, 101
Trd, 2591530.563, 98
Trd, 2591530.579, 94
Trd, 2591530.613, 102
Trd, 2591531.479, 115
Trd, 2591532.813, 119
Trd, 2591533.296, 111
Trd, 2591533.896, 116
Trd, 2591534.479, 111
Trd, 2591534.629, 113
Trd, 2591534.813, 113
Trd, 2591535.429, 91
Trd, 2591537.313, 89
Trd, 2591538.346, 83
Trd, 2591538.596, 96
Trd, 2591539.096, 71
Trd, 2591539.396, 71
Trd, 2591539.596, 96
Trd, 2591539.929, 108
Trd, 2591542.496, 97
Trd, 2591542.613, 99
Trd, 2591542.779, 96
Trd, 2591543.663, 97
Trd, 2591544.029, 97
Trd, 2591544.263, 97
Trd, 2591545.529, 96
Trd, 2591547.029, 95
Trd, 2591547.629, 96
Trd, 2591548.513, 107
Trd, 2591550.313, 101
Trd, 2591551.346, 105
Trd, 2591551.463, 106
Trd, 2591551.596, 104
Trd, 2591551.613, 112
Trd, 2591552.646, 108
Trd, 2591553.346, 107
Trd, 2591553.679, 109
Trd, 2591555.379, 105
Trd, 2591555.613, 102
Trd, 2591556.463, 107
Trd, 2591556.946, 98
Trd, 2591559.496, 96
Trd, 2591560.029, 94
Trd, 2591561.013, 92
Trd, 2591561.446, 81
Trd, 2591562.313, 79
Trd, 2591562.396, 82
Trd, 2591563.513, 93
Trd, 2591563.596, 95
Trd, 2591564.296, 107
Trd, 2591566.929, 105
Trd, 2591567.179, 106
Trd, 2591567.463, 107
Trd, 2591567.879, 107
Trd, 2591568.479, 107
Trd, 2591569.596, 106
Trd, 2591569.696, 104
Trd, 2591570.163, 98
Trd, 2591570.579, 108
Trd, 2591571.529, 107
Trd, 2591571.563, 95
Trd, 2591571.913, 107
Trd, 2591573.363, 104
Trd, 2591574.079, 113
Trd, 2591574.546, 102
Trd, 2591574.913, 100
Trd, 2591578.696, 106
Trd, 2591578.813, 107
Trd, 2591578.846, 108
Trd, 2591580.063, 109
Trd, 2591581.229, 108
Trd, 2591581.679, 104
Trd, 2591581.963, 104
Trd, 2591582.496, 104
Trd, 2591582.513, 103
Trd, 2591582.979, 105
Trd, 2591583.163, 101
Trd, 2591585.163, 101
Trd, 2591585.363, 101
Trd, 2591585.896, 102
Trd, 2591586.096, 104
Trd, 2591586.429, 100
Trd, 2591586.679, 105
Trd, 2591588.129, 98
Trd, 2591588.946, 101
Trd, 2591589.096, 96
Trd, 2591590.146, 97
Trd, 2591591.529, 98
Trd, 2591591.596, 94
Trd, 2591591.646, 102
Trd, 2591592.713, 104
Trd, 2591593.896, 100
Trd, 2591594.346, 100
Trd, 2591595.329, 101
Trd, 2591595.946, 102
Trd, 2591596.963, 102
Trd, 2591597.613, 98
Trd, 2591599.296, 100
Trd, 2591600.096, 100
Trd, 2591600.196, 98
Trd, 2591601.079, 97
Trd, 2591601.763, 100
Trd, 2591602.363, 104
Trd, 2591602.696, 104
Trd, 2591603.179, 100
Trd, 2591603.279, 105
Trd, 2591603.396, 99
Trd, 2591605.263, 104
Trd, 2591605.813, 103
Trd, 2591606.596, 103
Trd, 2591607.746, 101
Trd, 2591608.813, 103
Trd, 2591608.963, 105
Trd, 2591609.729, 101
Trd, 2591609.779, 105
Trd, 2591611.513, 104
Trd, 2591611.679, 107
Trd, 2591612.479, 106
Trd, 2591612.546, 98
Trd, 2591613.729, 101
Trd, 2591613.929, 101
Trd, 2591614.296, 100
Trd, 2591614.646, 94
Trd, 2591615.146, 94
Trd, 2591617.379, 98
Trd, 2591617.996, 100
Trd, 2591618.579, 100
Trd, 2591620.079, 109
Trd, 2591621.096, 107
Trd, 2591621.463, 108
Trd, 2591622.646, 108
Trd, 2591623.196, 107
Trd, 2591623.679, 109
Trd, 2591623.829, 110
Trd, 2591624.979, 107
Trd, 2591625.346, 105
Trd, 2591625.496, 101
Trd, 2591626.146, 99
Trd, 2591626.696, 98
Trd, 2591626.796, 99
Trd, 2591627.546, 105
Trd, 2591629.013, 108
Trd, 2591629.746, 108
Trd, 2591630.096, 106
Trd, 2591631.146, 104
Trd, 2591632.429, 98
Trd, 2591632.979, 95
Trd, 2591634.279, 96
Trd, 2591634.729, 96
Trd, 2591634.963, 95
Trd, 2591635.046, 96
Trd, 2591635.246, 94
Trd, 2591635.829, 92
Trd, 2591636.379, 92
Trd, 2591637.796, 93
Trd, 2591639.113, 111
Trd, 2591640.729, 96
Trd, 2591641.179, 108
Trd, 2591641.196, 109
Trd, 2591641.846, 99
Trd, 2591642.696, 115
Trd, 2591643.379, 99
Trd, 2591643.746, 100
Trd, 2591644.679, 100
Trd, 2591645.679, 104
Trd, 2591645.713, 114
Trd, 2591646.346, 105
Trd, 2591646.463, 104
Trd, 2591646.629, 113
Trd, 2591647.213, 113
Trd, 2591647.629, 99
Trd, 2591649.496, 106
Trd, 2591650.079, 104
Trd, 2591650.329, 105
Trd, 2591650.946, 101
Trd, 2591651.463, 100
Trd, 2591652.613, 98
Trd, 2591653.513, 94
Trd, 2591653.729, 91
Trd, 2591654.663, 98
Trd, 2591655.263, 97
Trd, 2591657.196, 84
Trd, 2591657.346, 94
Trd, 2591659.979, 96
Trd, 2591660.496, 100
Trd, 2591661.463, 97
Trd, 2591662.063, 97
Trd, 2591662.496, 97
Trd, 2591663.163, 98
Trd, 2591663.363, 97
Trd, 2591663.946, 98
Trd, 2591664.663, 102
Trd, 2591665.013, 104
Trd, 2591665.079, 103
Trd, 2591665.513, 98
Trd, 2591666.013, 105
Trd, 2591666.163, 97
Trd, 2591666.196, 109
Trd, 2591666.263, 114
Trd, 2591666.979, 116
Trd, 2591667.529, 96
Trd, 2591668.096, 94
Trd, 2591669.746, 96
Trd, 2591670.263, 96
Trd, 2591670.546, 97
Trd, 2591671.013, 98
Trd, 2591671.946, 94
Trd, 2591672.413, 105
Trd, 2591673.346, 101
Trd, 2591673.729, 105
Trd, 2591673.913, 92
Trd, 2591674.263, 105
Trd, 2591675.113, 91
Trd, 2591677.079, 105
Trd, 2591678.146, 96
Trd, 2591679.213, 99
Trd, 2591679.729, 96
Trd, 2591680.246, 98
Trd, 2591680.529, 95
Trd, 2591680.746, 94
Trd, 2591680.979, 98
Trd, 2591681.313, 100
Trd, 2591682.729, 100
Trd, 2591683.363, 99
Trd, 2591683.829, 98
Trd, 2591684.146, 98
Trd, 2591684.679, 94
Trd, 2591685.113, 100
Trd, 2591685.546, 100
Trd, 2591685.946, 82
Trd, 2591686.613, 99
Trd, 2591686.729, 93
Trd, 2591687.279, 101
Trd, 2591691.513, 103
Trd, 2591691.779, 103
Trd, 2591691.963, 102
Trd, 2591693.163, 102
Trd, 2591693.496, 101
Trd, 2591693.563, 102
Trd, 2591693.896, 100
Trd, 2591694.113, 105
Trd, 2591695.646, 99
Trd, 2591695.863, 105
Trd, 2591696.629, 103
Trd, 2591697.163, 102
Trd, 2591698.746, 98
Trd, 2591699.896, 91
Trd, 2591700.763, 94
Trd, 2591700.829, 96
Trd, 2591701.146, 94
Trd, 2591701.479, 99
Trd, 2591702.746, 105
Trd, 2591702.963, 105
Trd, 2591703.246, 113
Trd, 2591704.579, 107
Trd, 2591704.846, 108
Trd, 2591705.196, 106
Trd, 2591706.029, 115
Trd, 2591706.946, 113
Trd, 2591706.963, 123
Trd, 2591707.146, 125
Trd, 2591708.229, 128
Trd, 2591708.296, 115
Trd, 2591708.563, 105
Trd, 2591709.379, 117
Trd, 2591709.846, 115
Trd, 2591711.613, 101
Trd, 2591712.596, 102
Trd, 2591712.929, 101
Trd, 2591713.879, 98
Trd, 2591714.963, 94
Trd, 2591715.296, 91
Trd, 2591715.679, 94
Trd, 2591715.896, 92
Trd, 2591716.046, 97
Trd, 2591717.646, 94
Trd, 2591718.563, 93
Trd, 2591719.479, 95
Trd, 2591720.013, 101
Trd, 2591720.463, 103
Trd, 2591720.929, 105
Trd, 2591721.479, 100
Trd, 2591722.879, 102
Trd, 2591722.913, 104
Trd, 2591723.313, 101
Trd, 2591723.413, 102
Trd, 2591724.229, 100
Trd, 2591725.113, 99
Trd, 2591725.329, 98
Trd, 2591725.846, 111
Trd, 2591726.746, 95
Trd, 2591726.829, 94
Trd, 2591727.329, 91
Trd, 2591729.229, 85
Trd, 2591730.063, 92
Trd, 2591730.663, 93
Trd, 2591731.379, 95
Trd, 2591731.696, 97
Trd, 2591732.429, 97
Trd, 2591732.496, 94
Trd, 2591732.513, 98
Trd, 2591732.779, 95
Trd, 2591733.463, 104
Trd, 2591735.596, 94
Trd, 2591735.763, 95
Trd, 2591737.113, 103
Trd, 2591737.363, 104
Trd, 2591737.413, 105
Trd, 2591737.629, 106
Trd, 2591737.913, 104
Trd, 2591737.963, 100
Trd, 2591738.429, 100
Trd, 2591738.796, 110
Trd, 2591739.029, 110
Trd, 2591740.313, 102
Trd, 2591742.313, 103
Trd, 2591742.646, 99
Trd, 2591742.846, 98
Trd, 2591742.913, 104
Trd, 2591745.163, 70
Trd, 2591745.363, 81
Trd, 2591745.613, 104
Trd, 2591746.663, 100
Trd, 2591748.179, 94
Trd, 2591748.896, 101
Trd, 2591750.113, 100
Trd, 2591750.596, 102
Trd, 2591751.196, 100
Trd, 2591751.646, 101
Trd, 2591751.913, 100
Trd, 2591752.163, 105
Trd, 2591753.513, 102
Trd, 2591754.429, 103
Trd, 2591755.346, 102
Trd, 2591756.296, 102
Trd, 2591757.113, 98
Trd, 2591758.246, 103
Trd, 2591758.263, 104
Trd, 2591759.713, 100
Trd, 2591760.646, 100
Trd, 2591760.863, 101
Trd, 2591761.346, 103
Trd, 2591761.429, 103
Trd, 2591761.646, 101
Trd, 2591761.879, 98
Trd, 2591762.513, 101
Trd, 2591762.946, 102
Trd, 2591763.479, 105
Trd, 2591764.229, 110
Trd, 2591764.429, 113
Trd, 2591766.713, 112
Trd, 2591767.329, 113
Trd, 2591767.613, 114
Trd, 2591767.829, 112
Trd, 2591769.313, 111
Trd, 2591769.379, 115
Trd, 2591769.813, 123
Trd, 2591771.013, 108
Trd, 2591771.379, 107
Trd, 2591771.429, 105
Trd, 2591771.596, 98
Trd, 2591772.113, 118
Trd, 2591773.163, 95
Trd, 2591773.613, 96
Trd, 2591774.096, 94
Trd, 2591774.596, 95
Trd, 2591774.946, 91
Trd, 2591776.229, 91
Trd, 2591776.713, 92
Trd, 2591777.579, 82
Trd, 2591777.963, 98
Trd, 2591778.263, 102
Trd, 2591778.563, 85
Trd, 2591779.996, 90
Trd, 2591780.629, 98
Trd, 2591782.979, 94
Trd, 2591783.363, 95
Trd, 2591783.579, 94
Trd, 2591783.679, 95
Trd, 2591784.646, 97
Trd, 2591784.979, 96
Trd, 2591785.796, 97
Trd, 2591786.396, 97
Trd, 2591786.679, 94
Trd, 2591786.779, 90
Trd, 2591787.996, 95
Trd, 2591788.396, 98
Trd, 2591789.513, 101
Trd, 2591790.696, 99
Trd, 2591790.879, 102
Trd, 2591791.596, 100
Trd, 2591792.346, 102
Trd, 2591793.346, 112
Trd, 2591793.446, 105
Trd, 2591794.813, 106
Trd, 2591796.679, 105
Trd, 2591797.663, 99
Trd, 2591798.596, 99
Trd, 2591798.946, 100
Trd, 2591799.129, 98
Trd, 2591800.429, 101
Trd, 2591800.946, 101
Trd, 2591801.496, 102
Trd, 2591801.529, 104
Trd, 2591801.613, 101
Trd, 2591801.863, 103
Trd, 2591802.196, 94
Trd, 2591802.763, 91
Trd, 2591803.263, 103
Trd, 2591805.996, 95
Trd, 2591806.429, 99
Trd, 2591806.629, 97
Trd, 2591807.713, 104
Trd, 2591808.413, 99
Trd, 2591810.429, 101
Trd, 2591810.929, 100
Trd, 2591811.246, 101
Trd, 2591811.329, 94
Trd, 2591812.363, 103
Trd, 2591812.546, 104
Trd, 2591812.813, 105
Trd, 2591812.846, 110
Trd, 2591813.113, 111
Trd, 2591813.946, 112
Trd, 2591814.546, 107
Trd, 2591815.496, 98
Trd, 2591816.513, 100
Trd, 2591816.613, 101
Trd, 2591816.696, 99
Trd, 2591816.996, 102
Trd, 2591817.596, 92
Trd, 2591818.013, 99
Trd, 2591818.063, 92
Trd, 2591819.646, 96
Trd, 2591821.913, 95
Trd, 2591822.463, 97
Trd, 2591823.696, 104
Trd, 2591824.429, 102
Trd, 2591824.729, 102
Trd, 2591825.163, 103
Trd, 2591826.313, 101
Trd, 2591827.546, 96
Trd, 2591828.929, 96
Trd, 2591829.279, 97
Trd, 2591829.313, 98
Trd, 2591830.229, 97
Trd, 2591830.413, 95
Trd, 2591831.813, 95
Trd, 2591832.113, 99
Trd, 2591832.646, 100
Trd, 2591833.329, 103
Trd, 2591833.613, 95
Trd, 2591833.863, 105
Trd, 2591834.213, 109
Trd, 2591836.613, 109
Trd, 2591836.863, 108
Trd, 2591837.429, 108
Trd, 2591838.063, 99
Trd, 2591838.163, 99
Trd, 2591839.679, 103
Trd, 2591839.946, 103
Trd, 2591841.179, 101
Trd, 2591841.579, 101
Trd, 2591843.563, 103
Trd, 2591844.129, 101
Trd, 2591844.263, 95
Trd, 2591845.863, 98
Trd, 2591846.063, 99
Trd, 2591848.046, 101
Trd, 2591848.113, 106
Trd, 2591848.163, 99
Trd, 2591848.979, 104
Trd, 2591849.529, 100
Trd, 2591850.196, 105
Trd, 2591850.963, 105
Trd, 2591851.296, 98
Trd, 2591851.579, 95
Trd, 2591853.446, 98
Trd, 2591853.646, 101
Trd, 2591853.779, 102
Trd, 2591854.963, 96
Trd, 2591855.863, 99
Trd, 2591856.246, 96
Trd, 2591856.529, 97
Trd, 2591857.246, 106
Trd, 2591857.579, 102
Trd, 2591857.779, 101
Trd, 2591858.279, 99
Trd, 2591858.396, 108
Trd, 2591860.013, 104
Trd, 2591860.213, 104
Trd, 2591862.579, 99
Trd, 2591863.029, 99
Trd, 2591863.696, 98
Trd, 2591865.046, 96
Trd, 2591865.079, 94
Trd, 2591865.479, 97
Trd, 2591866.646, 96
Trd, 2591867.679, 97
Trd, 2591868.213, 96
Trd, 2591868.446, 94
Trd, 2591869.046, 95
Trd, 2591869.063, 98
Trd, 2591870.279, 92
Trd, 2591871.013, 91
Trd, 2591872.079, 89
Trd, 2591872.529, 84
Trd, 2591874.929, 100
Trd, 2591875.729, 101
Trd, 2591875.963, 99
Trd, 2591876.796, 99
Trd, 2591877.463, 99
Trd, 2591878.346, 98
Trd, 2591878.363, 101
Trd, 2591878.463, 103
Trd, 2591880.829, 96
Trd, 2591880.846, 97
Trd, 2591881.213, 105
Trd, 2591881.513, 97
Trd, 2591881.863, 96
Trd, 2591882.046, 94
Trd, 2591883.813, 105
Trd, 2591884.979, 97
Trd, 2591885.279, 107
Trd, 2591885.629, 108
Trd, 2591887.029, 99
Trd, 2591887.279, 100
Trd, 2591887.446, 107
Trd, 2591888.063, 101
Trd, 2591888.963, 101
Trd, 2591889.546, 105
Trd, 2591890.513, 102
Trd, 2591891.013, 101
Trd, 2591891.129, 103
Trd, 2591893.196, 111
Trd, 2591893.479, 102
Trd, 2591894.129, 98
Trd, 2591894.696, 106
Trd, 2591895.263, 107
Trd, 2591895.329, 110
Trd, 2591896.913, 102
Trd, 2591897.863, 107
Trd, 2591898.313, 108
Trd, 2591898.763, 112
Trd, 2591899.513, 113
Trd, 2591900.296, 115
Trd, 2591900.446, 114
Trd, 2591900.996, 112
Trd, 2591902.363, 112
Trd, 2591904.146, 106
Trd, 2591904.663, 105
Trd, 2591905.146, 101
Trd, 2591905.579, 100
Trd, 2591906.013, 98
Trd, 2591906.496, 100
Trd, 2591906.913, 101
Trd, 2591909.196, 91
Trd, 2591909.546, 91
Trd, 2591910.779, 90
Trd, 2591910.996, 93
Trd, 2591911.179, 94
Trd, 2591912.329, 86
Trd, 2591913.413, 89
Trd, 2591914.379, 89
Trd, 2591914.646, 89
Trd, 2591914.979, 89
Trd, 2591915.229, 93
Trd, 2591916.096, 94
Trd, 2591916.896, 92
Trd, 2591917.679, 93
Trd, 2591918.179, 98
Trd, 2591918.446, 103
Trd, 2591919.163, 94
Trd, 2591919.246, 105
Trd, 2591920.563, 102
Trd, 2591920.763, 110
Trd, 2591921.463, 97
Trd, 2591923.246, 103
Trd, 2591923.296, 102
Trd, 2591923.813, 103
Trd, 2591924.696, 105
Trd, 2591924.863, 106
Trd, 2591925.763, 101
Trd, 2591926.713, 91
Trd, 2591929.013, 95
Trd, 2591929.263, 96
Trd, 2591930.263, 97
Trd, 2591931.763, 110
Trd, 2591932.329, 107
Trd, 2591932.763, 110
Trd, 2591932.946, 107
Trd, 2591933.496, 112
Trd, 2591933.596, 95
Trd, 2591934.079, 94
Trd, 2591934.863, 92
Trd, 2591935.913, 103
Trd, 2591936.646, 105
Trd, 2591938.296, 104
Trd, 2591939.829, 102
Trd, 2591940.113, 101
Trd, 2591940.863, 105
Trd, 2591941.046, 107
Trd, 2591941.246, 107
Trd, 2591941.346, 103
Trd, 2591942.129, 106
Trd, 2591942.696, 105
Trd, 2591943.063, 104
Trd, 2591943.329, 104
Trd, 2591943.896, 103
Trd, 2591944.679, 101
Trd, 2591945.829, 107
Trd, 2591946.813, 98
Trd, 2591947.296, 112
Trd, 2591947.329, 98
Trd, 2591948.846, 101
Trd, 2591948.863, 109
Trd, 2591949.013, 99
Trd, 2591950.596, 103
Trd, 2591951.996, 102
Trd, 2591952.463, 100
Trd, 2591953.713, 102
Trd, 2591954.363, 108
Trd, 2591954.446, 102
Trd, 2591954.646, 97
Trd, 2591955.896, 100
Trd, 2591956.813, 99
Trd, 2591957.313, 98
Trd, 2591957.446, 100
Trd, 2591957.713, 99
Trd, 2591958.179, 98
Trd, 2591962.079, 97
Trd, 2591962.096, 96
Trd, 2591962.329, 94
Trd, 2591962.529, 88
Trd, 2591963.979, 78
Trd, 2591966.296, 89
Trd, 2591966.379, 90
Trd, 2591966.513, 94
Trd, 2591967.579, 98
Trd, 2591967.679, 94
Trd, 2591969.546, 98
Trd, 2591970.079, 100
Trd, 2591970.629, 105
Trd, 2591970.646, 98
Trd, 2591971.379, 102
Trd, 2591972.463, 103
Trd, 2591973.229, 108
Trd, 2591973.429, 111
Trd, 2591973.829, 110
Trd, 2591974.246, 111
Trd, 2591974.429, 112
Trd, 2591974.529, 108
Trd, 2591975.563, 108
Trd, 2591975.679, 107
Trd, 2591975.963, 108
Trd, 2591976.446, 106
Trd, 2591976.879, 107
Trd, 2591977.679, 106
Trd, 2591979.063, 106
Trd, 2591979.479, 93
Trd, 2591982.446, 101
Trd, 2591983.196, 103
Trd, 2591983.746, 110
Trd, 2591984.396, 101
Trd, 2591985.446, 95
Trd, 2591985.479, 105
Trd, 2591986.063, 100
Trd, 2591986.179, 107
Trd, 2591988.813, 112
Trd, 2591989.213, 105
Trd, 2591989.413, 105
Trd, 2591989.629, 102
Trd, 2591989.846, 101
Trd, 2591990.263, 100
Trd, 2591991.229, 101
Trd, 2591991.613, 98
Trd, 2591993.196, 94
Trd, 2591993.929, 93
Trd, 2591994.046, 93
Trd, 2591995.046, 94
Trd, 2591995.263, 101
Trd, 2591996.429, 102
Trd, 2591997.079, 104
Trd, 2591998.563, 105
Trd, 2591998.663, 103
Trd, 2591998.913, 102
Trd, 2591999.196, 112
Trd, 2591999.346, 102
Trd, 2591999.679, 112
