Trd, 2590683.813, 97
Trd, 2590684.446, 99
Trd, 2590684.979, 100
Trd, 2590685.179, 101
Trd, 2590686.446, 103
Trd, 2590687.496, 102
Trd, 2590687.979, 101
Trd, 2590688.163, 101
Trd, 2590688.396, 98
Trd, 2590688.479, 97
Trd, 2590689.446, 95
Trd, 2590689.596, 96
Trd, 2590690.246, 96
Trd, 2590690.263, 97
Trd, 2590690.596, 98
Trd, 2590691.596, 100
Trd, 2590691.629, 98
Trd, 2590692.463, 101
Trd, 2590694.429, 94
Trd, 2590695.829, 90
Trd, 2590695.963, 89
Trd, 2590696.363, 87
Trd, 2590697.229, 85
Trd, 2590697.713, 86
Trd, 2590697.929, 86
Trd, 2590698.046, 87
Trd, 2590698.129, 84
Trd, 2590698.229, 81
Trd, 2590698.263, 89
Trd, 2590699.913, 93
Trd, 2590699.946, 96
Trd, 2590700.913, 95
Trd, 2590701.463, 97
Trd, 2590702.096, 99
Trd, 2590702.563, 99
Trd, 2590703.313, 101
Trd, 2590703.596, 108
Trd, 2590703.679, 98
Trd, 2590703.813, 97
Trd, 2590704.029, 94
Trd, 2590705.079, 115
Trd, 2590706.046, 88
Trd, 2590709.013, 99
Trd, 2590709.213, 99
Trd, 2590709.963, 95
Trd, 2590710.496, 98
Trd, 2590711.063, 94
Trd, 2590711.596, 97
Trd, 2590711.846, 92
Trd, 2590712.446, 99
Trd, 2590713.063, 93
Trd, 2590713.246, 85
Trd, 2590713.646, 108
Trd, 2590714.396, 111
Trd, 2590714.413, 112
Trd, 2590716.729, 107
Trd, 2590717.713, 102
Trd, 2590717.879, 102
Trd, 2590718.529, 104
Trd, 2590719.196, 104
Trd, 2590719.896, 107
Trd, 2590720.063, 106
Trd, 2590720.146, 107
Trd, 2590720.263, 105
Trd, 2590721.446, 101
Trd, 2590721.646, 100
Trd, 2590722.629, 107
Trd, 2590722.863, 108
Trd, 2590723.829, 108
Trd, 2590724.579, 108
Trd, 2590724.696, 109
Trd, 2590724.829, 105
Trd, 2590725.413, 98
Trd, 2590725.546, 98
Trd, 2590725.613, 94
Trd, 2590726.129, 113
Trd, 2590726.146, 114
Trd, 2590726.763, 86
Trd, 2590727.479, 98
Trd, 2590728.979, 87
Trd, 2590729.096, 112
Trd, 2590731.546, 109
Trd, 2590732.079, 108
Trd, 2590732.796, 107
Trd, 2590732.813, 94
Trd, 2590734.163, 105
Trd, 2590734.229, 91
Trd, 2590734.396, 91
Trd, 2590734.646, 106
Trd, 2590737.329, 101
Trd, 2590737.613, 101
Trd, 2590737.729, 100
Trd, 2590738.146, 103
Trd, 2590738.663, 112
Trd, 2590738.879, 104
Trd, 2590739.129, 103
Trd, 2590739.813, 84
Trd, 2590741.046, 100
Trd, 2590741.663, 93
Trd, 2590742.546, 99
Trd, 2590743.746, 96
Trd, 2590743.879, 95
Trd, 2590743.913, 100
Trd, 2590744.979, 97
Trd, 2590745.563, 96
Trd, 2590746.029, 96
Trd, 2590746.813, 97
Trd, 2590747.429, 93
Trd, 2590748.546, 96
Trd, 2590748.729, 97
Trd, 2590749.263, 100
Trd, 2590749.729, 101
Trd, 2590750.179, 100
Trd, 2590750.679, 99
Trd, 2590753.146, 100
Trd, 2590753.179, 106
Trd, 2590753.496, 97
Trd, 2590753.779, 107
Trd, 2590753.846, 108
Trd, 2590754.496, 98
Trd, 2590755.046, 110
Trd, 2590755.696, 96
Trd, 2590755.779, 110
Trd, 2590757.579, 98
Trd, 2590758.246, 97
Trd, 2590758.763, 95
Trd, 2590759.179, 94
Trd, 2590760.429, 92
Trd, 2590760.646, 92
Trd, 2590760.813, 92
Trd, 2590762.463, 92
Trd, 2590762.629, 92
Trd, 2590764.863, 94
Trd, 2590765.579, 90
Trd, 2590766.346, 99
Trd, 2590767.063, 96
Trd, 2590767.096, 95
Trd, 2590768.579, 98
Trd, 2590769.196, 100
Trd, 2590769.296, 98
Trd, 2590769.513, 97
Trd, 2590769.696, 97
Trd, 2590769.779, 98
Trd, 2590772.029, 98
Trd, 2590772.763, 101
Trd, 2590773.013, 108
Trd, 2590773.746, 98
Trd, 2590773.813, 98
Trd, 2590774.046, 98
Trd, 2590774.679, 97
Trd, 2590775.029, 96
Trd, 2590775.779, 98
Trd, 2590776.546, 98
Trd, 2590776.763, 94
Trd, 2590778.963, 95
Trd, 2590779.313, 96
Trd, 2590779.579, 92
Trd, 2590779.596, 97
Trd, 2590780.446, 95
Trd, 2590781.263, 95
Trd, 2590782.196, 93
Trd, 2590782.529, 89
Trd, 2590783.513, 86
Trd, 2590783.729, 84
Trd, 2590783.779, 85
Trd, 2590783.913, 89
Trd, 2590785.596, 90
Trd, 2590785.979, 87
Trd, 2590786.213, 88
Trd, 2590787.163, 87
Trd, 2590787.229, 88
Trd, 2590787.763, 93
Trd, 2590789.229, 99
Trd, 2590789.529, 101
Trd, 2590789.746, 98
Trd, 2590789.913, 97
Trd, 2590790.596, 98
Trd, 2590791.246, 98
Trd, 2590791.929, 99
Trd, 2590792.046, 99
Trd, 2590792.679, 98
Trd, 2590794.046, 100
Trd, 2590794.113, 98
Trd, 2590794.413, 99
Trd, 2590794.913, 101
Trd, 2590794.963, 108
Trd, 2590795.229, 107
Trd, 2590795.496, 107
Trd, 2590795.946, 108
Trd, 2590797.213, 103
Trd, 2590797.796, 111
Trd, 2590799.646, 103
Trd, 2590800.179, 102
Trd, 2590800.763, 110
Trd, 2590801.446, 112
Trd, 2590801.746, 105
Trd, 2590803.646, 113
Trd, 2590805.096, 110
Trd, 2590805.629, 108
Trd, 2590805.863, 112
Trd, 2590806.846, 110
Trd, 2590806.913, 110
Trd, 2590807.379, 109
Trd, 2590809.129, 104
Trd, 2590809.579, 103
Trd, 2590809.596, 101
Trd, 2590809.829, 98
Trd, 2590811.213, 95
Trd, 2590811.463, 94
Trd, 2590811.679, 101
Trd, 2590812.863, 85
Trd, 2590813.379, 88
Trd, 2590814.046, 85
Trd, 2590814.546, 85
Trd, 2590814.746, 85
Trd, 2590814.796, 86
Trd, 2590815.479, 86
Trd, 2590815.863, 98
Trd, 2590817.146, 104
Trd, 2590817.363, 95
Trd, 2590817.696, 95
Trd, 2590818.746, 102
Trd, 2590819.879, 94
Trd, 2590820.563, 92
Trd, 2590820.596, 101
Trd, 2590821.063, 101
Trd, 2590822.679, 98
Trd, 2590823.079, 98
Trd, 2590824.013, 99
Trd, 2590825.279, 102
Trd, 2590825.446, 100
Trd, 2590826.463, 107
Trd, 2590826.579, 102
Trd, 2590826.779, 108
Trd, 2590827.596, 102
Trd, 2590828.463, 102
Trd, 2590828.513, 101
Trd, 2590828.913, 113
Trd, 2590829.213, 98
Trd, 2590830.779, 98
Trd, 2590832.263, 104
Trd, 2590833.046, 102
Trd, 2590833.379, 103
Trd, 2590833.513, 108
Trd, 2590834.213, 104
Trd, 2590834.663, 104
Trd, 2590834.946, 102
Trd, 2590835.763, 103
Trd, 2590835.946, 101
Trd, 2590836.863, 96
Trd, 2590837.179, 100
Trd, 2590837.929, 95
Trd, 2590838.396, 94
Trd, 2590839.829, 95
Trd, 2590839.896, 101
Trd, 2590840.179, 103
Trd, 2590840.563, 115
Trd, 2590840.896, 91
Trd, 2590843.096, 106
Trd, 2590843.696, 106
Trd, 2590844.713, 101
Trd, 2590845.179, 93
Trd, 2590845.379, 88
Trd, 2590845.629, 100
Trd, 2590845.946, 100
Trd, 2590847.346, 89
Trd, 2590847.579, 88
Trd, 2590848.713, 101
Trd, 2590850.296, 94
Trd, 2590850.579, 97
Trd, 2590850.879, 95
Trd, 2590851.313, 96
Trd, 2590852.329, 98
Trd, 2590852.446, 98
Trd, 2590852.613, 106
Trd, 2590852.779, 95
Trd, 2590852.813, 108
Trd, 2590853.713, 99
Trd, 2590854.479, 95
Trd, 2590855.913, 94
Trd, 2590856.079, 100
Trd, 2590856.629, 97
Trd, 2590857.279, 100
Trd, 2590857.713, 98
Trd, 2590858.796, 99
Trd, 2590859.463, 99
Trd, 2590861.096, 100
Trd, 2590861.163, 101
Trd, 2590861.179, 97
Trd, 2590862.013, 95
Trd, 2590862.713, 96
Trd, 2590865.196, 96
Trd, 2590865.746, 95
Trd, 2590866.229, 95
Trd, 2590866.846, 89
Trd, 2590867.096, 93
Trd, 2590867.129, 94
Trd, 2590868.229, 92
Trd, 2590869.413, 93
Trd, 2590870.079, 93
Trd, 2590870.413, 93
Trd, 2590870.663, 93
Trd, 2590870.829, 93
Trd, 2590871.113, 98
Trd, 2590871.713, 94
Trd, 2590872.329, 101
Trd, 2590872.363, 108
Trd, 2590873.246, 87
Trd, 2590873.279, 85
Trd, 2590875.329, 96
Trd, 2590875.363, 97
Trd, 2590876.029, 101
Trd, 2590876.063, 107
Trd, 2590876.496, 94
Trd, 2590877.196, 93
Trd, 2590878.963, 90
Trd, 2590879.296, 89
Trd, 2590880.096, 90
Trd, 2590880.146, 92
Trd, 2590880.279, 95
Trd, 2590881.179, 95
Trd, 2590881.946, 95
Trd, 2590881.996, 108
Trd, 2590883.529, 113
Trd, 2590883.596, 101
Trd, 2590883.863, 118
Trd, 2590883.929, 118
Trd, 2590884.879, 98
Trd, 2590886.129, 99
Trd, 2590887.729, 112
Trd, 2590888.729, 102
Trd, 2590889.096, 107
Trd, 2590889.179, 103
Trd, 2590889.663, 101
Trd, 2590890.013, 100
Trd, 2590891.529, 99
Trd, 2590891.596, 98
Trd, 2590891.813, 100
Trd, 2590892.229, 98
Trd, 2590892.346, 99
Trd, 2590892.646, 98
Trd, 2590893.446, 99
Trd, 2590895.413, 98
Trd, 2590896.063, 97
Trd, 2590896.963, 99
Trd, 2590897.229, 100
Trd, 2590897.579, 99
Trd, 2590897.896, 97
Trd, 2590897.963, 96
Trd, 2590899.396, 94
Trd, 2590900.279, 97
Trd, 2590900.946, 97
Trd, 2590902.546, 96
Trd, 2590904.046, 95
Trd, 2590904.563, 94
Trd, 2590905.146, 95
Trd, 2590905.413, 87
Trd, 2590905.546, 91
Trd, 2590906.979, 91
Trd, 2590907.096, 92
Trd, 2590907.579, 91
Trd, 2590908.563, 93
Trd, 2590909.046, 92
Trd, 2590909.229, 97
Trd, 2590910.396, 100
Trd, 2590910.579, 100
Trd, 2590911.079, 94
Trd, 2590912.146, 99
Trd, 2590912.529, 103
Trd, 2590913.313, 99
Trd, 2590913.613, 105
Trd, 2590914.646, 98
Trd, 2590915.163, 99
Trd, 2590915.229, 107
Trd, 2590915.313, 98
Trd, 2590915.663, 108
Trd, 2590916.063, 99
Trd, 2590916.079, 113
Trd, 2590916.646, 117
Trd, 2590917.129, 94
Trd, 2590918.013, 92
Trd, 2590918.163, 94
Trd, 2590919.579, 94
Trd, 2590919.846, 94
Trd, 2590922.263, 105
Trd, 2590923.696, 100
Trd, 2590924.246, 101
Trd, 2590924.563, 102
Trd, 2590924.979, 105
Trd, 2590925.396, 114
Trd, 2590926.979, 109
Trd, 2590927.013, 107
Trd, 2590927.046, 110
Trd, 2590928.313, 107
Trd, 2590929.463, 102
Trd, 2590929.563, 102
Trd, 2590929.846, 101
Trd, 2590929.929, 105
Trd, 2590930.213, 98
Trd, 2590931.079, 94
Trd, 2590931.646, 107
Trd, 2590931.913, 107
Trd, 2590933.029, 108
Trd, 2590933.213, 112
Trd, 2590934.246, 94
Trd, 2590934.913, 97
Trd, 2590936.363, 98
Trd, 2590937.146, 90
Trd, 2590938.496, 93
Trd, 2590938.829, 92
Trd, 2590939.563, 91
Trd, 2590940.363, 93
Trd, 2590940.813, 93
Trd, 2590941.079, 93
Trd, 2590941.279, 92
Trd, 2590941.713, 93
Trd, 2590942.079, 94
Trd, 2590942.829, 96
Trd, 2590943.013, 96
Trd, 2590943.113, 97
Trd, 2590945.329, 96
Trd, 2590945.563, 95
Trd, 2590945.646, 100
Trd, 2590946.363, 94
Trd, 2590946.629, 94
Trd, 2590947.063, 94
Trd, 2590948.229, 95
Trd, 2590948.363, 94
Trd, 2590949.346, 89
Trd, 2590949.446, 98
Trd, 2590951.979, 93
Trd, 2590952.213, 89
Trd, 2590952.913, 85
Trd, 2590953.763, 86
Trd, 2590954.129, 87
Trd, 2590955.446, 88
Trd, 2590955.629, 101
Trd, 2590956.929, 91
Trd, 2590957.079, 89
Trd, 2590957.913, 98
Trd, 2590958.463, 99
Trd, 2590958.813, 99
Trd, 2590959.046, 101
Trd, 2590960.463, 99
Trd, 2590960.729, 105
Trd, 2590961.029, 97
Trd, 2590962.163, 105
Trd, 2590962.213, 106
Trd, 2590962.329, 97
Trd, 2590962.746, 95
Trd, 2590964.213, 108
Trd, 2590966.029, 109
Trd, 2590966.396, 103
Trd, 2590966.413, 101
Trd, 2590966.529, 99
Trd, 2590966.796, 107
Trd, 2590966.863, 108
Trd, 2590966.879, 109
Trd, 2590968.596, 102
Trd, 2590969.146, 100
Trd, 2590970.463, 94
Trd, 2590971.296, 93
Trd, 2590971.713, 91
Trd, 2590972.379, 93
Trd, 2590972.463, 91
Trd, 2590972.896, 92
Trd, 2590973.329, 93
Trd, 2590974.046, 90
Trd, 2590975.246, 95
Trd, 2590975.379, 96
Trd, 2590976.029, 93
Trd, 2590976.663, 92
Trd, 2590976.796, 94
Trd, 2590977.813, 91
Trd, 2590978.196, 90
Trd, 2590978.963, 101
Trd, 2590979.279, 93
Trd, 2590980.196, 101
Trd, 2590981.229, 96
Trd, 2590981.379, 95
Trd, 2590981.563, 98
Trd, 2590982.879, 98
Trd, 2590984.113, 100
Trd, 2590985.063, 94
Trd, 2590985.596, 99
Trd, 2590985.763, 101
Trd, 2590986.779, 95
Trd, 2590989.346, 101
Trd, 2590989.563, 105
Trd, 2590989.946, 107
Trd, 2590990.629, 108
Trd, 2590990.863, 105
Trd, 2590990.946, 104
Trd, 2590990.996, 102
Trd, 2590991.063, 112
Trd, 2590991.096, 115
Trd, 2590991.129, 102
Trd, 2590991.346, 118
Trd, 2590991.446, 125
Trd, 2590991.963, 101
Trd, 2590992.029, 122
Trd, 2590992.696, 92
Trd, 2590994.629, 93
Trd, 2590995.513, 90
Trd, 2590995.863, 90
Trd, 2590996.463, 90
Trd, 2590996.679, 90
Trd, 2590997.079, 88
Trd, 2590997.413, 98
Trd, 2590998.446, 85
Trd, 2591000.579, 89
Trd, 2591000.763, 87
Trd, 2591001.696, 87
Trd, 2591002.129, 88
Trd, 2591003.946, 89
Trd, 2591004.279, 92
Trd, 2591005.013, 94
Trd, 2591005.763, 101
Trd, 2591007.013, 94
Trd, 2591007.379, 107
Trd, 2591007.413, 108
Trd, 2591008.763, 96
Trd, 2591008.829, 94
Trd, 2591009.196, 110
Trd, 2591009.763, 98
Trd, 2591010.629, 94
Trd, 2591011.713, 98
Trd, 2591012.013, 98
Trd, 2591012.563, 98
Trd, 2591012.646, 96
Trd, 2591012.746, 94
Trd, 2591013.346, 96
Trd, 2591013.879, 94
Trd, 2591014.113, 92
Trd, 2591014.213, 101
Trd, 2591014.896, 90
Trd, 2591015.063, 117
Trd, 2591015.329, 93
Trd, 2591017.213, 113
Trd, 2591017.596, 94
Trd, 2591017.629, 86
Trd, 2591019.313, 105
Trd, 2591020.696, 99
Trd, 2591021.113, 99
Trd, 2591021.179, 100
Trd, 2591021.663, 99
Trd, 2591021.963, 100
Trd, 2591022.229, 100
Trd, 2591023.313, 100
Trd, 2591023.796, 98
Trd, 2591024.796, 88
Trd, 2591025.146, 84
Trd, 2591026.063, 88
Trd, 2591026.263, 92
Trd, 2591026.596, 90
Trd, 2591027.263, 90
Trd, 2591027.496, 91
Trd, 2591028.513, 90
Trd, 2591029.229, 92
Trd, 2591029.646, 94
Trd, 2591029.946, 101
Trd, 2591030.163, 107
Trd, 2591031.046, 96
Trd, 2591033.546, 87
Trd, 2591036.079, 90
Trd, 2591036.163, 91
Trd, 2591036.446, 89
Trd, 2591037.196, 89
Trd, 2591037.246, 91
Trd, 2591037.546, 94
Trd, 2591038.096, 99
Trd, 2591038.863, 91
Trd, 2591039.629, 90
Trd, 2591039.913, 91
Trd, 2591040.013, 93
Trd, 2591040.579, 99
Trd, 2591040.829, 101
Trd, 2591042.296, 96
Trd, 2591044.329, 109
Trd, 2591044.596, 113
Trd, 2591045.663, 111
Trd, 2591046.413, 116
Trd, 2591046.796, 116
Trd, 2591047.346, 117
Trd, 2591047.446, 118
Trd, 2591047.563, 115
Trd, 2591048.313, 113
Trd, 2591048.596, 112
Trd, 2591048.779, 108
Trd, 2591049.613, 113
Trd, 2591049.663, 101
Trd, 2591049.929, 112
Trd, 2591050.246, 98
Trd, 2591050.963, 94
Trd, 2591051.096, 109
Trd, 2591051.796, 110
Trd, 2591053.396, 94
Trd, 2591053.979, 94
Trd, 2591054.096, 95
Trd, 2591054.229, 98
Trd, 2591054.846, 96
Trd, 2591054.929, 98
Trd, 2591054.996, 98
Trd, 2591055.563, 91
Trd, 2591055.963, 87
Trd, 2591059.096, 101
Trd, 2591059.696, 106
Trd, 2591060.129, 104
Trd, 2591060.196, 103
Trd, 2591060.563, 101
Trd, 2591061.929, 109
Trd, 2591062.863, 96
Trd, 2591063.179, 96
Trd, 2591063.396, 106
Trd, 2591064.213, 97
Trd, 2591064.579, 97
Trd, 2591064.879, 96
Trd, 2591066.396, 96
Trd, 2591066.813, 98
Trd, 2591067.813, 98
Trd, 2591067.996, 99
Trd, 2591069.813, 101
Trd, 2591070.246, 104
Trd, 2591070.396, 102
Trd, 2591070.813, 99
Trd, 2591071.029, 95
Trd, 2591071.046, 115
Trd, 2591072.863, 92
Trd, 2591073.163, 105
Trd, 2591073.629, 88
Trd, 2591074.379, 89
Trd, 2591074.813, 84
Trd, 2591075.513, 92
Trd, 2591076.446, 85
Trd, 2591077.113, 102
Trd, 2591077.713, 103
Trd, 2591077.979, 94
Trd, 2591078.496, 107
Trd, 2591078.779, 108
Trd, 2591079.679, 96
Trd, 2591079.779, 114
Trd, 2591081.046, 97
Trd, 2591081.229, 97
Trd, 2591081.579, 96
Trd, 2591083.413, 99
Trd, 2591083.463, 97
Trd, 2591084.779, 98
Trd, 2591084.996, 99
Trd, 2591085.579, 96
Trd, 2591086.246, 97
Trd, 2591086.379, 93
Trd, 2591086.679, 100
Trd, 2591087.596, 101
Trd, 2591088.913, 98
Trd, 2591089.179, 95
Trd, 2591089.496, 96
Trd, 2591089.796, 108
Trd, 2591091.629, 94
Trd, 2591092.146, 94
Trd, 2591092.179, 93
Trd, 2591092.846, 86
Trd, 2591092.963, 83
Trd, 2591093.163, 100
Trd, 2591093.263, 101
Trd, 2591093.796, 100
Trd, 2591094.563, 88
Trd, 2591096.379, 98
Trd, 2591096.846, 98
Trd, 2591098.129, 99
Trd, 2591098.513, 99
Trd, 2591098.879, 101
Trd, 2591100.746, 113
Trd, 2591101.246, 106
Trd, 2591102.013, 112
Trd, 2591102.563, 110
Trd, 2591102.696, 110
Trd, 2591103.113, 111
Trd, 2591103.946, 110
Trd, 2591103.996, 107
Trd, 2591104.563, 111
Trd, 2591104.763, 113
Trd, 2591104.813, 101
Trd, 2591105.379, 117
Trd, 2591105.463, 117
Trd, 2591105.579, 118
Trd, 2591106.446, 99
Trd, 2591106.846, 94
Trd, 2591107.479, 112
Trd, 2591109.879, 96
Trd, 2591111.663, 102
Trd, 2591112.163, 102
Trd, 2591112.179, 100
Trd, 2591113.179, 99
Trd, 2591113.196, 98
Trd, 2591113.579, 91
Trd, 2591114.096, 98
Trd, 2591115.863, 95
Trd, 2591115.946, 97
Trd, 2591116.529, 96
Trd, 2591117.046, 108
Trd, 2591118.096, 106
Trd, 2591119.046, 101
Trd, 2591119.229, 101
Trd, 2591119.396, 99
Trd, 2591119.713, 104
Trd, 2591120.163, 101
Trd, 2591120.596, 103
Trd, 2591121.279, 103
Trd, 2591121.379, 103
Trd, 2591121.479, 104
Trd, 2591121.546, 113
Trd, 2591122.229, 116
Trd, 2591124.013, 108
Trd, 2591124.779, 107
Trd, 2591125.913, 108
Trd, 2591126.246, 101
Trd, 2591126.813, 101
Trd, 2591127.496, 100
Trd, 2591128.213, 103
Trd, 2591129.296, 101
Trd, 2591129.829, 101
Trd, 2591129.963, 101
Trd, 2591130.446, 99
Trd, 2591130.563, 100
Trd, 2591131.096, 98
Trd, 2591132.813, 94
Trd, 2591132.846, 95
Trd, 2591133.363, 96
Trd, 2591134.729, 98
Trd, 2591135.146, 101
Trd, 2591135.296, 100
Trd, 2591135.729, 101
Trd, 2591135.813, 101
Trd, 2591136.729, 87
Trd, 2591136.813, 113
Trd, 2591137.596, 95
Trd, 2591137.646, 115
Trd, 2591140.346, 105
Trd, 2591140.513, 104
Trd, 2591140.529, 101
Trd, 2591141.063, 98
Trd, 2591141.529, 98
Trd, 2591142.229, 94
Trd, 2591142.596, 96
Trd, 2591142.729, 90
Trd, 2591144.146, 85
Trd, 2591144.863, 86
Trd, 2591145.446, 85
Trd, 2591145.596, 84
Trd, 2591145.696, 84
Trd, 2591146.596, 82
Trd, 2591146.946, 82
Trd, 2591146.979, 95
Trd, 2591147.246, 97
Trd, 2591149.629, 88
Trd, 2591150.213, 93
Trd, 2591150.429, 98
Trd, 2591151.246, 101
Trd, 2591152.563, 95
Trd, 2591152.879, 94
Trd, 2591153.963, 92
Trd, 2591154.096, 93
Trd, 2591154.529, 84
Trd, 2591154.896, 84
Trd, 2591156.929, 86
Trd, 2591157.279, 87
Trd, 2591157.296, 91
Trd, 2591157.863, 85
Trd, 2591158.263, 91
Trd, 2591159.046, 95
Trd, 2591159.646, 90
Trd, 2591159.879, 91
Trd, 2591161.029, 100
Trd, 2591161.613, 101
Trd, 2591162.029, 108
Trd, 2591162.313, 113
Trd, 2591164.279, 101
Trd, 2591164.529, 103
Trd, 2591164.829, 104
Trd, 2591165.579, 106
Trd, 2591166.229, 105
Trd, 2591166.329, 106
Trd, 2591167.329, 104
Trd, 2591167.396, 102
Trd, 2591168.079, 103
Trd, 2591169.029, 100
Trd, 2591169.079, 98
Trd, 2591170.263, 106
Trd, 2591170.413, 93
Trd, 2591171.846, 104
Trd, 2591172.296, 104
Trd, 2591172.629, 108
Trd, 2591172.729, 92
Trd, 2591172.913, 115
Trd, 2591173.696, 92
Trd, 2591176.446, 92
Trd, 2591176.629, 91
Trd, 2591177.013, 90
Trd, 2591177.129, 87
Trd, 2591177.696, 86
Trd, 2591178.879, 89
Trd, 2591179.163, 91
Trd, 2591179.446, 87
Trd, 2591179.529, 88
Trd, 2591179.696, 92
Trd, 2591179.946, 101
Trd, 2591182.313, 92
Trd, 2591182.546, 93
Trd, 2591183.796, 98
Trd, 2591184.096, 98
Trd, 2591184.729, 107
Trd, 2591185.779, 101
Trd, 2591186.563, 103
Trd, 2591187.213, 106
Trd, 2591187.396, 104
Trd, 2591187.946, 108
Trd, 2591188.129, 113
Trd, 2591188.713, 105
Trd, 2591189.579, 102
Trd, 2591189.829, 102
Trd, 2591190.729, 94
Trd, 2591191.029, 98
Trd, 2591191.146, 84
Trd, 2591192.463, 98
Trd, 2591193.313, 96
Trd, 2591193.563, 95
Trd, 2591193.696, 97
Trd, 2591193.813, 94
Trd, 2591194.346, 94
Trd, 2591195.779, 98
Trd, 2591196.263, 99
Trd, 2591196.679, 107
Trd, 2591197.679, 105
Trd, 2591197.863, 96
Trd, 2591198.129, 107
Trd, 2591201.696, 104
Trd, 2591201.863, 103
Trd, 2591202.463, 103
Trd, 2591203.446, 106
Trd, 2591203.663, 105
Trd, 2591203.796, 101
Trd, 2591204.029, 101
Trd, 2591205.563, 99
Trd, 2591205.846, 103
Trd, 2591206.479, 104
Trd, 2591206.846, 115
Trd, 2591207.863, 100
Trd, 2591209.129, 111
Trd, 2591209.196, 113
Trd, 2591211.246, 108
Trd, 2591211.363, 109
Trd, 2591211.646, 108
Trd, 2591211.996, 108
Trd, 2591212.329, 105
Trd, 2591212.679, 102
Trd, 2591213.063, 101
Trd, 2591214.013, 98
Trd, 2591215.263, 96
Trd, 2591215.779, 97
Trd, 2591216.396, 96
Trd, 2591216.779, 96
Trd, 2591217.163, 95
Trd, 2591218.746, 96
Trd, 2591219.096, 95
Trd, 2591219.646, 97
Trd, 2591220.396, 100
Trd, 2591220.479, 99
Trd, 2591221.713, 99
Trd, 2591221.879, 99
Trd, 2591222.963, 101
Trd, 2591223.629, 99
Trd, 2591223.696, 108
Trd, 2591223.863, 97
Trd, 2591224.613, 96
Trd, 2591224.746, 95
Trd, 2591226.046, 96
Trd, 2591226.196, 96
Trd, 2591226.413, 95
Trd, 2591227.213, 98
Trd, 2591228.163, 95
Trd, 2591229.946, 96
Trd, 2591230.563, 95
Trd, 2591231.263, 95
Trd, 2591231.379, 95
Trd, 2591231.679, 96
Trd, 2591233.413, 93
Trd, 2591233.529, 100
Trd, 2591233.929, 99
Trd, 2591234.629, 99
Trd, 2591234.829, 100
Trd, 2591234.929, 97
Trd, 2591236.313, 97
Trd, 2591236.979, 97
Trd, 2591237.229, 100
Trd, 2591237.446, 93
Trd, 2591237.596, 101
Trd, 2591237.779, 108
Trd, 2591239.096, 94
Trd, 2591239.229, 95
Trd, 2591240.546, 92
Trd, 2591241.046, 94
Trd, 2591241.779, 93
Trd, 2591242.746, 94
Trd, 2591243.313, 95
Trd, 2591244.529, 86
Trd, 2591244.563, 85
Trd, 2591244.796, 95
Trd, 2591245.013, 96
Trd, 2591245.746, 83
Trd, 2591247.029, 85
Trd, 2591248.613, 97
Trd, 2591248.813, 97
Trd, 2591249.879, 96
Trd, 2591250.663, 96
Trd, 2591250.829, 97
Trd, 2591251.629, 100
Trd, 2591252.113, 101
Trd, 2591252.679, 102
Trd, 2591252.713, 101
Trd, 2591253.729, 99
Trd, 2591254.079, 98
Trd, 2591254.113, 108
Trd, 2591254.813, 94
Trd, 2591255.329, 90
Trd, 2591257.396, 113
Trd, 2591258.013, 91
Trd, 2591259.179, 92
Trd, 2591259.513, 102
Trd, 2591259.813, 103
Trd, 2591259.896, 102
Trd, 2591260.029, 103
Trd, 2591261.413, 103
Trd, 2591261.596, 102
Trd, 2591262.379, 102
Trd, 2591262.779, 103
Trd, 2591263.729, 106
Trd, 2591263.746, 100
Trd, 2591265.146, 98
Trd, 2591265.313, 102
Trd, 2591265.346, 103
Trd, 2591265.646, 108
Trd, 2591266.179, 97
Trd, 2591269.029, 100
Trd, 2591269.163, 99
Trd, 2591269.763, 98
Trd, 2591269.946, 94
Trd, 2591270.579, 99
Trd, 2591271.413, 99
Trd, 2591271.629, 99
Trd, 2591271.813, 100
Trd, 2591271.963, 95
Trd, 2591272.496, 101
Trd, 2591272.713, 108
Trd, 2591273.096, 91
Trd, 2591273.746, 91
Trd, 2591276.379, 92
Trd, 2591276.496, 91
Trd, 2591277.079, 91
Trd, 2591277.129, 90
Trd, 2591278.379, 91
Trd, 2591278.496, 91
Trd, 2591278.663, 101
Trd, 2591279.096, 90
Trd, 2591279.413, 88
Trd, 2591280.363, 96
Trd, 2591280.679, 103
Trd, 2591281.579, 104
Trd, 2591281.596, 97
Trd, 2591281.846, 90
Trd, 2591282.746, 100
Trd, 2591283.329, 106
Trd, 2591284.179, 108
Trd, 2591284.413, 96
Trd, 2591285.513, 110
Trd, 2591287.079, 99
Trd, 2591287.629, 98
Trd, 2591289.229, 99
Trd, 2591289.596, 98
Trd, 2591289.679, 97
Trd, 2591290.063, 98
Trd, 2591290.329, 94
Trd, 2591290.546, 92
Trd, 2591291.096, 99
Trd, 2591291.529, 100
Trd, 2591292.829, 99
Trd, 2591294.079, 97
Trd, 2591295.063, 97
Trd, 2591295.579, 97
Trd, 2591295.696, 97
Trd, 2591295.796, 92
Trd, 2591296.513, 101
Trd, 2591296.763, 94
Trd, 2591298.146, 94
Trd, 2591298.346, 116
Trd, 2591299.596, 97
Trd, 2591299.863, 97
Trd, 2591300.429, 97
Trd, 2591301.629, 97
Trd, 2591301.713, 98
Trd, 2591301.729, 95
Trd, 2591301.963, 108
Trd, 2591302.146, 87
Trd, 2591302.563, 113
Trd, 2591304.729, 98
Trd, 2591305.796, 92
Trd, 2591306.413, 92
Trd, 2591306.846, 92
Trd, 2591307.296, 94
Trd, 2591307.346, 98
Trd, 2591308.646, 101
Trd, 2591308.946, 104
Trd, 2591310.196, 108
Trd, 2591310.429, 108
Trd, 2591311.179, 107
Trd, 2591311.229, 102
Trd, 2591311.396, 111
Trd, 2591312.246, 103
Trd, 2591312.713, 91
Trd, 2591313.146, 109
Trd, 2591314.379, 93
Trd, 2591315.396, 92
Trd, 2591315.413, 90
Trd, 2591316.029, 95
Trd, 2591316.113, 99
Trd, 2591316.229, 108
Trd, 2591316.479, 88
Trd, 2591317.979, 116
Trd, 2591318.463, 95
Trd, 2591318.546, 114
Trd, 2591319.779, 97
Trd, 2591320.029, 116
Trd, 2591321.563, 99
Trd, 2591322.579, 112
Trd, 2591322.696, 113
Trd, 2591322.713, 101
Trd, 2591322.746, 90
Trd, 2591323.413, 93
Trd, 2591324.429, 92
Trd, 2591324.596, 89
Trd, 2591325.846, 89
Trd, 2591326.246, 85
Trd, 2591327.463, 89
Trd, 2591328.563, 89
Trd, 2591328.779, 91
Trd, 2591329.179, 85
Trd, 2591330.213, 89
Trd, 2591330.313, 90
Trd, 2591331.129, 98
Trd, 2591331.729, 97
Trd, 2591332.513, 99
Trd, 2591333.179, 98
Trd, 2591333.596, 99
Trd, 2591333.913, 101
Trd, 2591333.979, 108
Trd, 2591334.063, 108
Trd, 2591334.279, 98
Trd, 2591334.996, 107
Trd, 2591336.079, 105
Trd, 2591337.713, 101
Trd, 2591338.463, 99
Trd, 2591338.513, 98
Trd, 2591338.863, 98
Trd, 2591339.079, 96
Trd, 2591339.863, 96
Trd, 2591340.813, 95
Trd, 2591341.279, 93
Trd, 2591344.263, 98
Trd, 2591344.379, 98
Trd, 2591344.496, 99
Trd, 2591345.163, 101
Trd, 2591345.629, 99
Trd, 2591347.013, 102
Trd, 2591347.396, 99
Trd, 2591347.779, 104
Trd, 2591348.129, 92
Trd, 2591348.813, 103
Trd, 2591351.013, 97
Trd, 2591351.463, 98
Trd, 2591351.896, 102
Trd, 2591352.579, 97
Trd, 2591352.913, 96
Trd, 2591353.213, 94
Trd, 2591354.346, 100
Trd, 2591355.046, 94
Trd, 2591355.646, 89
Trd, 2591355.963, 103
Trd, 2591356.696, 102
Trd, 2591357.063, 103
Trd, 2591358.363, 96
Trd, 2591359.213, 101
Trd, 2591359.263, 99
Trd, 2591359.929, 101
Trd, 2591360.013, 99
Trd, 2591361.563, 99
Trd, 2591361.629, 96
Trd, 2591361.813, 99
Trd, 2591362.263, 100
Trd, 2591363.063, 94
Trd, 2591363.363, 95
Trd, 2591364.396, 87
Trd, 2591364.629, 106
Trd, 2591365.296, 115
Trd, 2591365.896, 93
Trd, 2591367.963, 104
Trd, 2591368.513, 101
Trd, 2591368.679, 104
Trd, 2591369.346, 106
Trd, 2591369.679, 112
Trd, 2591369.713, 117
Trd, 2591370.729, 109
Trd, 2591371.579, 109
Trd, 2591371.696, 108
Trd, 2591372.113, 108
Trd, 2591372.396, 107
Trd, 2591372.979, 101
Trd, 2591373.163, 100
Trd, 2591374.596, 106
Trd, 2591375.196, 106
Trd, 2591375.713, 95
Trd, 2591376.129, 96
Trd, 2591377.763, 94
Trd, 2591377.929, 104
Trd, 2591378.513, 99
Trd, 2591378.596, 88
Trd, 2591380.129, 89
Trd, 2591380.279, 89
Trd, 2591380.479, 90
Trd, 2591381.563, 90
Trd, 2591381.913, 92
Trd, 2591382.596, 92
Trd, 2591382.796, 90
Trd, 2591383.346, 90
Trd, 2591383.813, 85
Trd, 2591385.296, 98
Trd, 2591386.796, 98
Trd, 2591387.296, 107
Trd, 2591387.463, 106
Trd, 2591387.546, 108
Trd, 2591387.863, 113
Trd, 2591388.413, 103
Trd, 2591389.479, 111
Trd, 2591389.596, 105
Trd, 2591389.696, 104
Trd, 2591389.879, 104
Trd, 2591390.579, 96
Trd, 2591391.029, 113
Trd, 2591391.763, 98
Trd, 2591392.146, 97
Trd, 2591392.696, 113
Trd, 2591394.213, 107
Trd, 2591394.463, 108
Trd, 2591394.713, 94
Trd, 2591395.046, 108
Trd, 2591395.713, 91
Trd, 2591395.729, 90
Trd, 2591397.646, 97
Trd, 2591397.946, 97
Trd, 2591398.296, 97
Trd, 2591398.463, 95
Trd, 2591398.746, 101
Trd, 2591399.529, 94
Trd, 2591399.896, 95
Trd, 2591400.313, 94
Trd, 2591400.963, 95
Trd, 2591403.863, 97
Trd, 2591404.613, 96
Trd, 2591405.129, 96
Trd, 2591405.379, 98
Trd, 2591405.579, 94
Trd, 2591405.979, 85
Trd, 2591406.379, 100
Trd, 2591407.346, 101
Trd, 2591407.996, 88
Trd, 2591408.746, 92
Trd, 2591409.246, 94
Trd, 2591410.779, 99
Trd, 2591411.463, 98
Trd, 2591411.579, 98
Trd, 2591411.663, 94
Trd, 2591412.796, 96
Trd, 2591413.896, 98
Trd, 2591414.063, 97
Trd, 2591414.863, 98
Trd, 2591415.146, 86
Trd, 2591415.279, 101
Trd, 2591415.596, 108
Trd, 2591415.996, 112
Trd, 2591417.629, 90
Trd, 2591418.113, 99
Trd, 2591418.296, 88
Trd, 2591418.346, 88
Trd, 2591419.696, 89
Trd, 2591420.563, 93
Trd, 2591420.796, 86
Trd, 2591420.896, 94
Trd, 2591422.663, 89
Trd, 2591422.996, 86
Trd, 2591423.546, 86
Trd, 2591423.829, 85
Trd, 2591423.896, 84
Trd, 2591423.913, 86
Trd, 2591424.046, 88
Trd, 2591424.279, 100
Trd, 2591426.196, 88
Trd, 2591426.696, 88
Trd, 2591426.763, 88
Trd, 2591427.129, 92
Trd, 2591427.379, 93
Trd, 2591428.713, 89
Trd, 2591430.546, 93
Trd, 2591431.296, 103
Trd, 2591431.679, 103
Trd, 2591431.746, 96
Trd, 2591432.913, 108
Trd, 2591435.529, 98
Trd, 2591435.696, 100
Trd, 2591436.129, 99
Trd, 2591436.379, 100
Trd, 2591436.629, 102
Trd, 2591436.913, 102
Trd, 2591437.079, 99
Trd, 2591437.696, 117
Trd, 2591437.813, 95
Trd, 2591438.579, 116
Trd, 2591439.163, 87
Trd, 2591439.396, 118
Trd, 2591439.529, 84
Trd, 2591439.596, 120
Trd, 2591441.196, 88
Trd, 2591441.729, 86
Trd, 2591443.346, 104
Trd, 2591444.029, 102
Trd, 2591444.463, 100
Trd, 2591444.596, 104
Trd, 2591445.629, 95
Trd, 2591445.746, 100
Trd, 2591446.313, 93
Trd, 2591446.696, 101
Trd, 2591448.546, 92
Trd, 2591449.663, 97
Trd, 2591449.679, 98
Trd, 2591450.446, 95
Trd, 2591450.646, 101
Trd, 2591451.313, 97
Trd, 2591451.396, 96
Trd, 2591452.429, 96
Trd, 2591454.063, 88
Trd, 2591454.113, 87
Trd, 2591454.746, 89
Trd, 2591455.246, 89
Trd, 2591455.329, 99
Trd, 2591456.279, 103
Trd, 2591456.596, 104
Trd, 2591456.963, 89
Trd, 2591458.196, 106
Trd, 2591458.679, 87
Trd, 2591459.246, 85
Trd, 2591459.296, 108
Trd, 2591459.513, 112
Trd, 2591461.646, 86
Trd, 2591461.863, 86
Trd, 2591462.113, 85
Trd, 2591462.163, 89
Trd, 2591463.413, 91
Trd, 2591463.629, 89
Trd, 2591464.279, 90
Trd, 2591466.263, 90
Trd, 2591466.296, 93
Trd, 2591467.313, 93
Trd, 2591467.363, 92
Trd, 2591467.896, 93
Trd, 2591468.246, 99
Trd, 2591468.979, 106
Trd, 2591470.179, 99
Trd, 2591470.279, 98
Trd, 2591470.379, 97
Trd, 2591471.446, 105
Trd, 2591472.179, 108
Trd, 2591472.763, 96
Trd, 2591473.113, 95
Trd, 2591473.246, 114
Trd, 2591474.213, 117
Trd, 2591474.246, 118
Trd, 2591477.746, 106
Trd, 2591478.713, 104
Trd, 2591478.996, 104
Trd, 2591479.213, 104
Trd, 2591479.446, 104
Trd, 2591480.296, 104
Trd, 2591480.546, 103
Trd, 2591481.096, 101
Trd, 2591481.513, 101
Trd, 2591481.579, 98
Trd, 2591482.246, 98
Trd, 2591483.246, 95
Trd, 2591483.929, 96
Trd, 2591484.179, 98
Trd, 2591484.813, 98
Trd, 2591484.946, 108
Trd, 2591486.279, 116
Trd, 2591486.479, 113
Trd, 2591486.513, 96
Trd, 2591487.563, 100
Trd, 2591488.796, 105
Trd, 2591489.629, 104
Trd, 2591489.813, 103
Trd, 2591489.946, 102
Trd, 2591490.046, 96
Trd, 2591490.996, 98
Trd, 2591492.063, 96
Trd, 2591492.163, 94
Trd, 2591492.779, 94
Trd, 2591492.846, 91
Trd, 2591494.646, 91
Trd, 2591494.963, 90
Trd, 2591495.029, 97
Trd, 2591495.296, 90
Trd, 2591497.063, 87
Trd, 2591499.429, 107
Trd, 2591499.479, 89
Trd, 2591499.663, 107
Trd, 2591500.629, 103
Trd, 2591500.963, 95
Trd, 2591501.379, 95
Trd, 2591501.529, 95
Trd, 2591502.379, 96
Trd, 2591502.496, 95
Trd, 2591502.513, 94
Trd, 2591502.829, 98
Trd, 2591504.263, 103
Trd, 2591504.913, 91
Trd, 2591505.179, 105
Trd, 2591506.529, 90
Trd, 2591506.729, 89
Trd, 2591507.129, 104
Trd, 2591507.279, 88
Trd, 2591507.613, 88
Trd, 2591511.313, 98
Trd, 2591511.396, 99
Trd, 2591511.446, 97
Trd, 2591511.796, 97
Trd, 2591512.563, 98
Trd, 2591512.713, 98
Trd, 2591512.946, 97
Trd, 2591513.079, 100
Trd, 2591513.129, 108
Trd, 2591513.196, 86
Trd, 2591513.929, 112
Trd, 2591513.963, 91
Trd, 2591514.296, 102
Trd, 2591515.213, 115
Trd, 2591515.546, 96
Trd, 2591516.029, 115
Trd, 2591517.646, 114
Trd, 2591519.846, 108
Trd, 2591520.379, 107
Trd, 2591520.563, 108
Trd, 2591520.863, 106
Trd, 2591521.346, 103
Trd, 2591522.329, 103
Trd, 2591522.746, 100
Trd, 2591522.846, 103
Trd, 2591522.963, 104
Trd, 2591523.779, 98
Trd, 2591524.429, 94
Trd, 2591524.479, 101
Trd, 2591524.946, 99
Trd, 2591526.563, 95
Trd, 2591527.079, 96
Trd, 2591527.129, 97
Trd, 2591528.429, 98
Trd, 2591529.296, 99
Trd, 2591529.579, 98
Trd, 2591530.246, 96
Trd, 2591530.463, 98
Trd, 2591531.813, 98
Trd, 2591532.079, 92
Trd, 2591533.779, 98
Trd, 2591533.913, 94
Trd, 2591534.279, 100
Trd, 2591534.929, 101
Trd, 2591534.946, 108
Trd, 2591535.346, 99
Trd, 2591535.446, 114
Trd, 2591536.379, 101
Trd, 2591536.463, 101
Trd, 2591537.679, 102
Trd, 2591537.813, 99
Trd, 2591537.896, 97
Trd, 2591538.996, 94
Trd, 2591539.446, 108
Trd, 2591540.513, 106
Trd, 2591542.479, 106
Trd, 2591545.629, 100
Trd, 2591546.096, 99
Trd, 2591546.629, 100
Trd, 2591546.829, 99
Trd, 2591547.463, 99
Trd, 2591547.563, 96
Trd, 2591548.079, 99
Trd, 2591548.346, 103
Trd, 2591548.746, 98
Trd, 2591549.646, 108
Trd, 2591549.846, 100
Trd, 2591551.413, 111
Trd, 2591551.546, 112
Trd, 2591551.796, 100
Trd, 2591552.346, 99
Trd, 2591553.029, 100
Trd, 2591553.196, 108
Trd, 2591554.863, 98
Trd, 2591555.429, 101
Trd, 2591555.463, 99
Trd, 2591556.679, 98
Trd, 2591557.663, 96
Trd, 2591557.929, 98
Trd, 2591558.063, 94
Trd, 2591558.296, 85
Trd, 2591558.829, 98
Trd, 2591559.379, 84
Trd, 2591560.196, 91
Trd, 2591560.846, 99
Trd, 2591561.979, 100
Trd, 2591562.946, 99
Trd, 2591564.146, 99
Trd, 2591564.629, 100
Trd, 2591565.129, 100
Trd, 2591565.246, 101
Trd, 2591565.513, 108
Trd, 2591566.363, 103
Trd, 2591566.563, 112
Trd, 2591566.913, 117
Trd, 2591567.546, 98
Trd, 2591569.063, 115
Trd, 2591569.146, 118
Trd, 2591570.063, 94
Trd, 2591570.329, 92
Trd, 2591570.363, 90
Trd, 2591570.829, 89
Trd, 2591571.879, 90
Trd, 2591572.729, 89
Trd, 2591573.113, 92
Trd, 2591573.396, 89
Trd, 2591573.546, 87
Trd, 2591573.829, 92
Trd, 2591574.113, 84
Trd, 2591576.813, 92
Trd, 2591576.879, 87
Trd, 2591577.763, 92
Trd, 2591578.313, 91
Trd, 2591578.446, 94
Trd, 2591579.229, 94
Trd, 2591579.313, 96
Trd, 2591579.946, 94
Trd, 2591580.396, 94
Trd, 2591580.679, 95
Trd, 2591582.046, 97
Trd, 2591582.329, 99
Trd, 2591583.446, 101
Trd, 2591583.696, 98
Trd, 2591584.846, 108
Trd, 2591586.263, 111
Trd, 2591588.063, 115
Trd, 2591588.513, 111
Trd, 2591589.596, 111
Trd, 2591589.729, 111
Trd, 2591590.663, 112
Trd, 2591590.913, 111
Trd, 2591591.079, 111
Trd, 2591591.679, 108
Trd, 2591592.113, 102
Trd, 2591592.296, 108
Trd, 2591592.313, 98
Trd, 2591592.329, 94
Trd, 2591593.029, 87
Trd, 2591593.846, 104
Trd, 2591596.179, 95
Trd, 2591596.629, 97
Trd, 2591596.663, 96
Trd, 2591597.296, 99
Trd, 2591597.496, 101
Trd, 2591597.813, 99
Trd, 2591598.246, 98
Trd, 2591598.829, 98
Trd, 2591599.379, 94
Trd, 2591599.879, 96
Trd, 2591600.729, 96
Trd, 2591601.229, 101
Trd, 2591602.829, 94
Trd, 2591602.996, 92
Trd, 2591603.096, 105
Trd, 2591603.563, 108
Trd, 2591603.963, 87
Trd, 2591604.513, 101
Trd, 2591606.096, 94
Trd, 2591608.079, 92
Trd, 2591608.113, 89
Trd, 2591608.679, 105
Trd, 2591610.129, 100
Trd, 2591610.879, 102
Trd, 2591611.063, 102
Trd, 2591611.829, 102
Trd, 2591612.096, 105
Trd, 2591612.479, 106
Trd, 2591612.546, 103
Trd, 2591614.213, 101
Trd, 2591614.413, 101
Trd, 2591614.696, 101
Trd, 2591615.246, 99
Trd, 2591615.413, 99
Trd, 2591615.713, 103
Trd, 2591616.213, 99
Trd, 2591616.896, 110
Trd, 2591617.196, 111
Trd, 2591617.529, 105
Trd, 2591619.846, 108
Trd, 2591620.363, 101
Trd, 2591620.596, 107
Trd, 2591621.529, 107
Trd, 2591622.179, 100
Trd, 2591622.379, 107
Trd, 2591622.979, 100
Trd, 2591623.429, 98
Trd, 2591623.829, 113
Trd, 2591624.096, 112
Trd, 2591624.879, 115
Trd, 2591625.713, 95
Trd, 2591625.846, 116
Trd, 2591626.979, 95
Trd, 2591627.229, 118
Trd, 2591628.146, 93
Trd, 2591629.496, 91
Trd, 2591629.996, 90
Trd, 2591630.146, 89
Trd, 2591630.229, 91
Trd, 2591630.846, 91
Trd, 2591631.529, 90
Trd, 2591632.713, 87
Trd, 2591634.029, 89
Trd, 2591634.479, 91
Trd, 2591636.479, 91
Trd, 2591637.496, 85
Trd, 2591637.579, 94
Trd, 2591637.829, 85
Trd, 2591638.496, 93
Trd, 2591638.929, 94
Trd, 2591639.213, 101
Trd, 2591640.113, 100
Trd, 2591640.513, 101
Trd, 2591641.163, 100
Trd, 2591641.796, 99
Trd, 2591642.013, 98
Trd, 2591642.329, 100
Trd, 2591643.163, 101
Trd, 2591644.213, 106
Trd, 2591644.713, 107
Trd, 2591645.096, 101
Trd, 2591645.213, 106
Trd, 2591645.346, 100
Trd, 2591646.413, 96
Trd, 2591646.529, 94
Trd, 2591646.696, 87
Trd, 2591647.329, 112
Trd, 2591648.396, 113
Trd, 2591648.663, 115
Trd, 2591648.796, 117
Trd, 2591649.513, 94
Trd, 2591650.179, 93
Trd, 2591651.046, 113
Trd, 2591651.613, 99
Trd, 2591653.546, 102
Trd, 2591653.663, 104
Trd, 2591653.896, 101
Trd, 2591654.529, 99
Trd, 2591655.446, 99
Trd, 2591655.863, 98
Trd, 2591657.879, 92
Trd, 2591659.563, 90
Trd, 2591659.796, 88
Trd, 2591660.029, 88
Trd, 2591660.246, 89
Trd, 2591660.796, 91
Trd, 2591661.013, 92
Trd, 2591662.263, 107
Trd, 2591662.446, 96
Trd, 2591662.746, 108
Trd, 2591664.129, 110
Trd, 2591664.379, 111
Trd, 2591665.313, 104
Trd, 2591665.346, 103
Trd, 2591665.946, 102
Trd, 2591666.813, 101
Trd, 2591667.946, 104
Trd, 2591669.963, 96
Trd, 2591670.029, 101
Trd, 2591670.313, 103
Trd, 2591670.929, 95
Trd, 2591672.413, 100
Trd, 2591672.496, 105
Trd, 2591672.929, 102
Trd, 2591672.979, 101
Trd, 2591673.346, 106
Trd, 2591673.663, 106
Trd, 2591674.429, 100
Trd, 2591675.079, 101
Trd, 2591675.513, 99
Trd, 2591676.713, 98
Trd, 2591677.063, 97
Trd, 2591678.046, 98
Trd, 2591678.729, 96
Trd, 2591679.046, 100
Trd, 2591679.313, 94
Trd, 2591680.613, 98
Trd, 2591680.796, 88
Trd, 2591681.329, 90
Trd, 2591681.629, 89
Trd, 2591681.679, 101
Trd, 2591682.029, 115
Trd, 2591683.629, 91
Trd, 2591684.629, 105
Trd, 2591685.629, 100
Trd, 2591685.796, 101
Trd, 2591686.163, 103
Trd, 2591686.329, 106
Trd, 2591686.413, 108
Trd, 2591686.479, 100
Trd, 2591687.179, 111
Trd, 2591687.829, 101
Trd, 2591688.296, 116
Trd, 2591688.396, 102
Trd, 2591689.129, 117
Trd, 2591692.396, 96
Trd, 2591693.646, 104
Trd, 2591693.713, 98
Trd, 2591694.296, 102
Trd, 2591694.963, 103
Trd, 2591695.379, 102
Trd, 2591695.896, 103
Trd, 2591696.363, 103
Trd, 2591696.563, 99
Trd, 2591697.446, 102
Trd, 2591698.279, 100
Trd, 2591699.079, 101
Trd, 2591699.463, 101
Trd, 2591699.479, 108
Trd, 2591700.146, 98
Trd, 2591700.196, 93
Trd, 2591700.446, 90
Trd, 2591703.979, 90
Trd, 2591704.329, 88
Trd, 2591705.279, 92
Trd, 2591705.329, 94
Trd, 2591705.579, 87
Trd, 2591705.929, 98
Trd, 2591707.696, 86
Trd, 2591708.029, 85
Trd, 2591709.113, 86
Trd, 2591709.479, 87
Trd, 2591709.746, 87
Trd, 2591710.279, 94
Trd, 2591711.763, 94
Trd, 2591712.313, 94
Trd, 2591712.496, 95
Trd, 2591712.613, 94
Trd, 2591712.996, 93
Trd, 2591715.246, 94
Trd, 2591716.263, 100
Trd, 2591717.146, 97
Trd, 2591717.313, 96
Trd, 2591717.546, 101
Trd, 2591717.696, 100
Trd, 2591718.679, 99
Trd, 2591718.696, 97
Trd, 2591720.713, 98
Trd, 2591720.879, 96
Trd, 2591721.163, 99
Trd, 2591722.763, 95
Trd, 2591722.913, 94
Trd, 2591723.079, 92
Trd, 2591723.246, 91
Trd, 2591723.446, 96
Trd, 2591724.946, 100
Trd, 2591725.113, 108
Trd, 2591726.096, 111
Trd, 2591726.413, 96
Trd, 2591727.996, 107
Trd, 2591728.313, 115
Trd, 2591729.196, 113
Trd, 2591729.696, 114
Trd, 2591729.846, 112
Trd, 2591729.996, 111
Trd, 2591730.479, 110
Trd, 2591730.913, 101
Trd, 2591731.263, 100
Trd, 2591732.596, 102
Trd, 2591733.246, 101
Trd, 2591734.079, 101
Trd, 2591735.163, 101
Trd, 2591735.463, 98
Trd, 2591736.563, 108
Trd, 2591736.763, 87
Trd, 2591737.613, 93
Trd, 2591737.629, 84
Trd, 2591738.413, 78
Trd, 2591739.829, 91
Trd, 2591739.846, 95
Trd, 2591740.596, 100
Trd, 2591740.929, 95
Trd, 2591741.929, 96
Trd, 2591742.013, 98
Trd, 2591742.329, 99
Trd, 2591742.596, 98
Trd, 2591742.829, 99
Trd, 2591743.146, 100
Trd, 2591743.379, 101
Trd, 2591743.979, 103
Trd, 2591745.779, 112
Trd, 2591746.013, 103
Trd, 2591746.329, 114
Trd, 2591746.613, 116
Trd, 2591746.913, 118
Trd, 2591749.763, 106
Trd, 2591750.363, 105
Trd, 2591750.413, 112
Trd, 2591750.513, 104
Trd, 2591752.263, 104
Trd, 2591752.929, 101
Trd, 2591753.046, 102
Trd, 2591753.579, 99
Trd, 2591754.279, 98
Trd, 2591754.813, 97
Trd, 2591755.413, 94
Trd, 2591755.563, 93
Trd, 2591756.096, 88
Trd, 2591756.629, 91
Trd, 2591756.846, 91
Trd, 2591756.896, 91
Trd, 2591757.029, 94
Trd, 2591757.613, 107
Trd, 2591758.346, 108
Trd, 2591758.413, 112
Trd, 2591758.479, 96
Trd, 2591760.146, 97
Trd, 2591760.346, 97
Trd, 2591761.163, 99
Trd, 2591761.263, 98
Trd, 2591761.863, 105
Trd, 2591763.046, 95
Trd, 2591764.879, 106
Trd, 2591766.129, 98
Trd, 2591767.346, 89
Trd, 2591767.546, 95
Trd, 2591767.713, 97
Trd, 2591767.979, 94
Trd, 2591769.413, 90
Trd, 2591770.963, 88
Trd, 2591771.113, 88
Trd, 2591771.563, 87
Trd, 2591771.979, 84
Trd, 2591772.379, 78
Trd, 2591772.463, 84
Trd, 2591772.546, 86
Trd, 2591773.296, 78
Trd, 2591773.896, 83
Trd, 2591775.263, 85
Trd, 2591775.379, 87
Trd, 2591775.513, 100
Trd, 2591776.663, 93
Trd, 2591777.129, 100
Trd, 2591777.879, 92
Trd, 2591778.196, 91
Trd, 2591778.863, 88
Trd, 2591779.763, 86
Trd, 2591781.029, 92
Trd, 2591781.279, 94
Trd, 2591782.113, 93
Trd, 2591782.196, 103
Trd, 2591782.596, 108
Trd, 2591785.979, 107
Trd, 2591786.313, 108
Trd, 2591786.363, 111
Trd, 2591787.029, 113
Trd, 2591787.513, 113
Trd, 2591787.529, 114
Trd, 2591788.096, 115
Trd, 2591788.346, 113
Trd, 2591790.296, 104
Trd, 2591790.779, 99
Trd, 2591791.196, 98
Trd, 2591791.646, 86
Trd, 2591792.013, 97
Trd, 2591792.463, 98
Trd, 2591792.579, 91
Trd, 2591793.096, 103
Trd, 2591794.113, 89
Trd, 2591794.363, 102
Trd, 2591795.046, 87
Trd, 2591795.863, 102
Trd, 2591797.763, 96
Trd, 2591798.729, 97
Trd, 2591799.096, 100
Trd, 2591799.296, 101
Trd, 2591799.763, 96
Trd, 2591799.963, 108
Trd, 2591800.529, 96
Trd, 2591801.096, 110
Trd, 2591801.863, 96
Trd, 2591802.396, 110
Trd, 2591803.263, 96
Trd, 2591803.696, 104
Trd, 2591805.313, 98
Trd, 2591807.196, 95
Trd, 2591807.629, 95
Trd, 2591807.863, 94
Trd, 2591808.163, 93
Trd, 2591808.396, 94
Trd, 2591808.746, 92
Trd, 2591809.579, 92
Trd, 2591809.663, 94
Trd, 2591810.813, 102
Trd, 2591811.413, 93
Trd, 2591812.763, 101
Trd, 2591813.063, 97
Trd, 2591813.746, 96
Trd, 2591814.279, 100
Trd, 2591814.463, 101
Trd, 2591814.913, 107
Trd, 2591814.979, 108
Trd, 2591815.379, 113
Trd, 2591815.779, 111
Trd, 2591816.146, 99
Trd, 2591816.879, 108
Trd, 2591816.896, 85
Trd, 2591818.079, 83
Trd, 2591818.879, 93
Trd, 2591819.829, 104
Trd, 2591820.813, 90
Trd, 2591820.879, 105
Trd, 2591822.213, 97
Trd, 2591823.229, 99
Trd, 2591823.579, 100
Trd, 2591823.796, 112
Trd, 2591824.696, 111
Trd, 2591824.829, 108
Trd, 2591825.713, 105
Trd, 2591826.146, 106
Trd, 2591826.196, 102
Trd, 2591826.846, 107
Trd, 2591827.146, 98
Trd, 2591828.829, 91
Trd, 2591830.479, 91
Trd, 2591831.179, 90
Trd, 2591831.263, 90
Trd, 2591831.446, 91
Trd, 2591831.863, 95
Trd, 2591832.013, 96
Trd, 2591832.346, 92
Trd, 2591834.079, 96
Trd, 2591834.646, 98
Trd, 2591835.946, 90
Trd, 2591836.263, 92
Trd, 2591838.113, 89
Trd, 2591838.713, 90
Trd, 2591839.329, 88
Trd, 2591840.379, 89
Trd, 2591840.946, 93
Trd, 2591841.679, 92
Trd, 2591841.813, 94
Trd, 2591842.279, 95
Trd, 2591842.796, 97
Trd, 2591843.113, 98
Trd, 2591843.813, 101
Trd, 2591844.163, 98
Trd, 2591844.279, 99
Trd, 2591844.446, 101
Trd, 2591844.463, 94
Trd, 2591844.579, 108
Trd, 2591848.163, 105
Trd, 2591848.913, 105
Trd, 2591849.329, 111
Trd, 2591849.529, 113
Trd, 2591850.246, 106
Trd, 2591850.829, 111
Trd, 2591851.146, 110
Trd, 2591851.413, 110
Trd, 2591851.646, 109
Trd, 2591851.829, 108
Trd, 2591852.429, 102
Trd, 2591853.013, 101
Trd, 2591853.363, 99
Trd, 2591854.263, 101
Trd, 2591854.413, 98
Trd, 2591854.513, 94
Trd, 2591855.329, 103
Trd, 2591855.546, 87
Trd, 2591855.779, 104
Trd, 2591856.346, 84
Trd, 2591856.696, 117
Trd, 2591858.696, 94
Trd, 2591861.463, 92
Trd, 2591862.079, 92
Trd, 2591862.113, 92
Trd, 2591862.279, 92
Trd, 2591862.463, 91
Trd, 2591863.213, 87
Trd, 2591863.913, 89
Trd, 2591863.963, 90
Trd, 2591864.546, 89
Trd, 2591865.263, 101
Trd, 2591866.229, 106
Trd, 2591866.479, 108
Trd, 2591866.513, 114
Trd, 2591867.596, 94
Trd, 2591867.846, 95
Trd, 2591868.179, 94
Trd, 2591868.513, 92
Trd, 2591868.696, 115
Trd, 2591872.729, 101
Trd, 2591872.746, 100
Trd, 2591873.029, 97
Trd, 2591873.163, 105
Trd, 2591873.946, 103
Trd, 2591874.029, 104
Trd, 2591874.279, 101
Trd, 2591874.913, 100
Trd, 2591874.979, 99
Trd, 2591875.646, 99
Trd, 2591876.729, 99
Trd, 2591877.429, 98
Trd, 2591877.829, 96
Trd, 2591878.396, 94
Trd, 2591878.663, 85
Trd, 2591878.796, 85
Trd, 2591880.929, 88
Trd, 2591881.063, 87
Trd, 2591881.279, 88
Trd, 2591881.346, 89
Trd, 2591881.996, 101
Trd, 2591882.046, 103
Trd, 2591882.546, 93
Trd, 2591882.913, 108
Trd, 2591884.229, 96
Trd, 2591884.596, 96
Trd, 2591885.613, 97
Trd, 2591885.996, 98
Trd, 2591886.579, 117
Trd, 2591886.996, 85
Trd, 2591888.996, 108
Trd, 2591889.596, 93
Trd, 2591890.563, 93
Trd, 2591890.813, 104
Trd, 2591891.513, 100
Trd, 2591892.113, 93
Trd, 2591892.746, 101
Trd, 2591893.129, 100
Trd, 2591893.246, 100
Trd, 2591894.663, 101
Trd, 2591894.979, 101
Trd, 2591895.229, 87
Trd, 2591895.446, 88
Trd, 2591898.596, 95
Trd, 2591898.696, 94
Trd, 2591899.046, 97
Trd, 2591899.063, 91
Trd, 2591899.579, 93
Trd, 2591899.679, 93
Trd, 2591899.896, 94
Trd, 2591900.746, 98
Trd, 2591901.046, 98
Trd, 2591901.213, 114
Trd, 2591902.079, 115
Trd, 2591903.596, 98
Trd, 2591903.846, 96
Trd, 2591903.946, 118
Trd, 2591905.279, 114
Trd, 2591905.446, 118
Trd, 2591906.229, 124
Trd, 2591907.963, 99
Trd, 2591908.646, 118
Trd, 2591909.779, 103
Trd, 2591910.179, 102
Trd, 2591910.396, 101
Trd, 2591912.013, 107
Trd, 2591912.396, 105
Trd, 2591912.579, 105
Trd, 2591912.679, 104
Trd, 2591912.779, 105
Trd, 2591913.246, 98
Trd, 2591914.079, 103
Trd, 2591916.063, 99
Trd, 2591916.096, 100
Trd, 2591917.113, 103
Trd, 2591918.229, 101
Trd, 2591918.513, 100
Trd, 2591919.446, 101
Trd, 2591920.629, 111
Trd, 2591921.313, 106
Trd, 2591921.696, 106
Trd, 2591921.863, 103
Trd, 2591921.963, 98
Trd, 2591922.146, 92
Trd, 2591922.446, 85
Trd, 2591923.113, 103
Trd, 2591923.179, 84
Trd, 2591923.229, 104
Trd, 2591923.529, 107
Trd, 2591924.179, 108
Trd, 2591925.096, 117
Trd, 2591925.613, 97
Trd, 2591926.746, 99
Trd, 2591926.779, 118
Trd, 2591928.029, 107
Trd, 2591929.329, 103
Trd, 2591929.596, 101
Trd, 2591929.696, 100
Trd, 2591930.363, 98
Trd, 2591930.396, 101
Trd, 2591931.879, 86
Trd, 2591932.479, 85
Trd, 2591933.629, 85
Trd, 2591935.129, 84
Trd, 2591935.146, 89
Trd, 2591935.546, 93
Trd, 2591936.113, 94
Trd, 2591936.713, 85
Trd, 2591937.046, 85
Trd, 2591937.213, 84
Trd, 2591938.246, 90
Trd, 2591938.646, 100
Trd, 2591939.229, 86
Trd, 2591940.263, 99
Trd, 2591941.196, 101
Trd, 2591941.579, 96
Trd, 2591942.046, 102
Trd, 2591942.129, 98
Trd, 2591943.446, 98
Trd, 2591943.629, 93
Trd, 2591944.163, 98
Trd, 2591944.646, 94
Trd, 2591945.196, 95
Trd, 2591945.463, 94
Trd, 2591946.196, 93
Trd, 2591946.213, 97
Trd, 2591947.146, 105
Trd, 2591948.413, 100
Trd, 2591949.846, 104
Trd, 2591949.913, 108
Trd, 2591950.796, 107
Trd, 2591950.963, 112
Trd, 2591951.296, 113
Trd, 2591952.079, 112
Trd, 2591952.279, 104
Trd, 2591952.829, 113
Trd, 2591953.513, 100
Trd, 2591955.679, 100
Trd, 2591955.779, 99
Trd, 2591956.663, 98
Trd, 2591957.796, 97
Trd, 2591957.863, 98
Trd, 2591957.963, 99
Trd, 2591958.563, 94
Trd, 2591958.629, 99
Trd, 2591959.163, 102
Trd, 2591959.663, 94
Trd, 2591961.246, 108
Trd, 2591962.179, 105
Trd, 2591962.646, 99
Trd, 2591963.896, 100
Trd, 2591963.913, 99
Trd, 2591965.113, 98
Trd, 2591965.296, 99
Trd, 2591966.046, 98
Trd, 2591966.763, 99
Trd, 2591967.396, 97
Trd, 2591968.046, 100
Trd, 2591968.529, 100
Trd, 2591968.946, 100
Trd, 2591969.496, 93
Trd, 2591970.313, 93
Trd, 2591970.929, 94
Trd, 2591971.796, 95
Trd, 2591972.663, 101
Trd, 2591973.013, 96
Trd, 2591973.246, 105
Trd, 2591973.363, 105
Trd, 2591974.229, 106
Trd, 2591974.396, 98
Trd, 2591974.929, 97
Trd, 2591975.579, 105
Trd, 2591976.063, 108
Trd, 2591976.996, 94
Trd, 2591977.279, 101
Trd, 2591977.829, 90
Trd, 2591979.013, 97
Trd, 2591980.663, 96
Trd, 2591980.863, 96
Trd, 2591981.546, 96
Trd, 2591981.563, 97
Trd, 2591982.263, 99
Trd, 2591982.463, 101
Trd, 2591982.679, 96
Trd, 2591984.096, 96
Trd, 2591985.979, 112
Trd, 2591986.229, 103
Trd, 2591987.496, 109
Trd, 2591988.029, 110
Trd, 2591988.113, 109
Trd, 2591988.129, 108
Trd, 2591988.813, 106
Trd, 2591988.863, 111
Trd, 2591989.679, 103
Trd, 2591989.879, 101
Trd, 2591990.146, 111
Trd, 2591990.179, 112
Trd, 2591990.846, 98
Trd, 2591992.413, 98
Trd, 2591993.629, 104
Trd, 2591993.896, 105
Trd, 2591994.296, 107
Trd, 2591994.663, 98
Trd, 2591995.479, 118
Trd, 2591995.579, 97
Trd, 2591995.663, 119
Trd, 2591996.013, 125
Trd, 2591996.046, 123
Trd, 2591998.263, 101
Trd, 2591999.496, 100
