Trd, 2590634.413, 101
Trd, 2590634.429, 99
Trd, 2590634.513, 97
Trd, 2590634.563, 105
Trd, 2590634.613, 95
Trd, 2590634.879, 94
Trd, 2590635.763, 85
Trd, 2590636.446, 87
Trd, 2590636.779, 92
Trd, 2590636.996, 96
Trd, 2590638.846, 88
Trd, 2590640.213, 104
Trd, 2590640.979, 104
Trd, 2590641.246, 100
Trd, 2590641.879, 94
Trd, 2590642.263, 94
Trd, 2590642.696, 93
Trd, 2590646.679, 90
Trd, 2590647.129, 93
Trd, 2590647.279, 92
Trd, 2590647.379, 92
Trd, 2590647.713, 92
Trd, 2590648.746, 107
Trd, 2590648.846, 106
Trd, 2590648.879, 115
Trd, 2590649.046, 92
Trd, 2590650.713, 90
Trd, 2590650.813, 86
Trd, 2590651.229, 118
Trd, 2590651.363, 87
Trd, 2590653.429, 97
Trd, 2590654.263, 91
Trd, 2590656.296, 100
Trd, 2590656.396, 101
Trd, 2590657.146, 102
Trd, 2590658.296, 102
Trd, 2590659.313, 103
Trd, 2590659.413, 101
Trd, 2590659.546, 99
Trd, 2590660.113, 99
Trd, 2590660.829, 99
Trd, 2590661.713, 92
Trd, 2590661.929, 92
Trd, 2590662.129, 93
Trd, 2590662.863, 88
Trd, 2590663.363, 87
Trd, 2590663.913, 101
Trd, 2590664.096, 95
Trd, 2590664.646, 94
Trd, 2590665.379, 115
Trd, 2590666.279, 87
Trd, 2590667.829, 97
Trd, 2590667.879, 91
Trd, 2590667.996, 89
Trd, 2590669.363, 101
Trd, 2590670.346, 94
Trd, 2590671.563, 90
Trd, 2590672.029, 86
Trd, 2590673.846, 99
Trd, 2590675.763, 99
Trd, 2590676.329, 98
Trd, 2590676.696, 97
Trd, 2590678.046, 99
Trd, 2590679.029, 108
Trd, 2590679.396, 93
Trd, 2590680.463, 98
Trd, 2590680.879, 89
Trd, 2590681.796, 99
Trd, 2590682.646, 91
Trd, 2590683.079, 90
Trd, 2590683.913, 88
Trd, 2590685.563, 91
Trd, 2590685.796, 90
Trd, 2590686.496, 88
Trd, 2590686.779, 89
Trd, 2590687.446, 98
Trd, 2590688.246, 101
Trd, 2590688.579, 92
Trd, 2590689.463, 94
Trd, 2590689.663, 93
Trd, 2590690.246, 91
Trd, 2590692.113, 94
Trd, 2590692.629, 82
Trd, 2590693.596, 108
Trd, 2590694.196, 89
Trd, 2590694.863, 91
Trd, 2590695.163, 93
Trd, 2590695.529, 94
Trd, 2590697.546, 94
Trd, 2590697.829, 92
Trd, 2590698.263, 87
Trd, 2590698.463, 85
Trd, 2590698.713, 102
Trd, 2590699.146, 102
Trd, 2590699.679, 91
Trd, 2590701.096, 98
Trd, 2590701.229, 96
Trd, 2590701.529, 101
Trd, 2590703.863, 124
Trd, 2590704.379, 103
Trd, 2590704.679, 99
Trd, 2590705.029, 100
Trd, 2590705.679, 99
Trd, 2590706.346, 93
Trd, 2590706.596, 91
Trd, 2590706.613, 87
Trd, 2590707.013, 87
Trd, 2590709.463, 104
Trd, 2590709.896, 113
Trd, 2590711.196, 99
Trd, 2590711.596, 98
Trd, 2590711.896, 94
Trd, 2590712.113, 107
Trd, 2590712.829, 119
Trd, 2590713.179, 94
Trd, 2590713.613, 94
Trd, 2590714.096, 94
Trd, 2590715.313, 97
Trd, 2590716.813, 88
Trd, 2590716.863, 87
Trd, 2590718.013, 97
Trd, 2590718.579, 97
Trd, 2590719.379, 96
Trd, 2590721.213, 105
Trd, 2590722.146, 93
Trd, 2590722.863, 89
Trd, 2590723.646, 86
Trd, 2590724.446, 86
Trd, 2590725.446, 89
Trd, 2590726.179, 85
Trd, 2590727.063, 84
Trd, 2590727.879, 87
Trd, 2590728.346, 92
Trd, 2590729.079, 86
Trd, 2590729.329, 88
Trd, 2590730.929, 105
Trd, 2590731.296, 96
Trd, 2590732.579, 96
Trd, 2590732.663, 97
Trd, 2590732.863, 97
Trd, 2590734.163, 94
Trd, 2590734.363, 90
Trd, 2590734.646, 88
Trd, 2590734.679, 85
Trd, 2590735.446, 84
Trd, 2590735.963, 91
Trd, 2590739.246, 98
Trd, 2590739.563, 97
Trd, 2590739.879, 100
Trd, 2590740.113, 94
Trd, 2590741.096, 94
Trd, 2590741.163, 120
Trd, 2590741.946, 87
Trd, 2590742.079, 87
Trd, 2590743.063, 102
Trd, 2590744.813, 98
Trd, 2590745.179, 98
Trd, 2590745.313, 97
Trd, 2590745.429, 94
Trd, 2590746.613, 94
Trd, 2590746.796, 99
Trd, 2590748.146, 111
Trd, 2590748.796, 109
Trd, 2590749.263, 112
Trd, 2590749.563, 98
Trd, 2590750.079, 96
Trd, 2590753.046, 88
Trd, 2590753.563, 86
Trd, 2590754.313, 91
Trd, 2590754.479, 82
Trd, 2590754.663, 82
Trd, 2590755.096, 92
Trd, 2590757.479, 94
Trd, 2590758.846, 101
Trd, 2590758.929, 95
Trd, 2590759.296, 102
Trd, 2590759.413, 94
Trd, 2590760.663, 86
Trd, 2590763.063, 92
Trd, 2590763.646, 95
Trd, 2590764.546, 93
Trd, 2590765.196, 93
Trd, 2590765.346, 90
Trd, 2590767.296, 89
Trd, 2590767.496, 97
Trd, 2590768.346, 100
Trd, 2590768.496, 101
Trd, 2590768.829, 96
Trd, 2590769.013, 96
Trd, 2590769.496, 94
Trd, 2590770.046, 97
Trd, 2590772.896, 86
Trd, 2590773.396, 95
Trd, 2590773.646, 100
Trd, 2590774.129, 108
Trd, 2590774.929, 89
Trd, 2590775.946, 91
Trd, 2590776.513, 92
Trd, 2590776.829, 87
Trd, 2590776.896, 87
Trd, 2590777.779, 92
Trd, 2590778.429, 87
Trd, 2590778.963, 88
Trd, 2590779.146, 85
Trd, 2590780.713, 100
Trd, 2590781.196, 98
Trd, 2590781.263, 95
Trd, 2590781.596, 94
Trd, 2590782.796, 92
Trd, 2590783.563, 101
Trd, 2590786.163, 99
Trd, 2590787.129, 101
Trd, 2590787.596, 101
Trd, 2590788.446, 109
Trd, 2590789.279, 103
Trd, 2590789.546, 102
Trd, 2590790.229, 100
Trd, 2590790.363, 98
Trd, 2590790.429, 96
Trd, 2590790.879, 100
Trd, 2590792.479, 116
Trd, 2590792.579, 96
Trd, 2590793.996, 94
Trd, 2590795.029, 93
Trd, 2590795.913, 89
Trd, 2590797.546, 97
Trd, 2590798.113, 95
Trd, 2590798.146, 94
Trd, 2590798.746, 93
Trd, 2590800.313, 94
Trd, 2590800.913, 98
Trd, 2590800.929, 98
Trd, 2590802.146, 100
Trd, 2590802.713, 92
Trd, 2590802.996, 92
Trd, 2590803.263, 90
Trd, 2590804.129, 86
Trd, 2590804.729, 93
Trd, 2590807.179, 99
Trd, 2590807.396, 98
Trd, 2590808.629, 87
Trd, 2590809.429, 103
Trd, 2590809.863, 86
Trd, 2590810.679, 87
Trd, 2590811.146, 87
Trd, 2590813.429, 88
Trd, 2590813.546, 108
Trd, 2590813.963, 90
Trd, 2590813.996, 92
Trd, 2590814.246, 110
Trd, 2590814.563, 94
Trd, 2590816.063, 100
Trd, 2590817.446, 92
Trd, 2590817.863, 90
Trd, 2590819.613, 89
Trd, 2590819.813, 90
Trd, 2590819.846, 103
Trd, 2590820.113, 91
Trd, 2590820.413, 106
Trd, 2590820.846, 106
Trd, 2590822.479, 98
Trd, 2590823.779, 95
Trd, 2590824.579, 94
Trd, 2590825.063, 104
Trd, 2590825.479, 100
Trd, 2590826.396, 107
Trd, 2590827.779, 103
Trd, 2590827.863, 108
Trd, 2590828.563, 97
Trd, 2590828.929, 107
Trd, 2590829.529, 108
Trd, 2590829.946, 103
Trd, 2590830.929, 97
Trd, 2590831.346, 105
Trd, 2590831.763, 102
Trd, 2590832.429, 97
Trd, 2590834.079, 97
Trd, 2590835.413, 93
Trd, 2590837.296, 97
Trd, 2590837.679, 95
Trd, 2590838.146, 103
Trd, 2590839.429, 97
Trd, 2590839.996, 98
Trd, 2590840.179, 94
Trd, 2590840.379, 94
Trd, 2590842.679, 100
Trd, 2590843.596, 96
Trd, 2590844.379, 92
Trd, 2590845.429, 98
Trd, 2590846.179, 96
Trd, 2590847.563, 109
Trd, 2590847.696, 111
Trd, 2590847.746, 110
Trd, 2590847.896, 100
Trd, 2590848.429, 101
Trd, 2590850.329, 98
Trd, 2590851.313, 97
Trd, 2590851.546, 93
Trd, 2590852.563, 93
Trd, 2590853.096, 93
Trd, 2590853.896, 97
Trd, 2590854.146, 89
Trd, 2590854.563, 84
Trd, 2590855.096, 92
Trd, 2590857.363, 95
Trd, 2590858.379, 91
Trd, 2590858.913, 95
Trd, 2590859.713, 101
Trd, 2590860.729, 94
Trd, 2590861.096, 96
Trd, 2590862.146, 95
Trd, 2590862.346, 100
Trd, 2590863.579, 92
Trd, 2590865.329, 94
Trd, 2590865.929, 94
Trd, 2590866.396, 98
Trd, 2590866.813, 108
Trd, 2590867.196, 107
Trd, 2590867.613, 110
Trd, 2590867.796, 101
Trd, 2590868.296, 98
Trd, 2590870.113, 94
Trd, 2590871.913, 96
Trd, 2590872.129, 94
Trd, 2590872.229, 92
Trd, 2590873.396, 86
Trd, 2590874.896, 93
Trd, 2590874.963, 92
Trd, 2590876.329, 97
Trd, 2590876.946, 89
Trd, 2590877.596, 102
Trd, 2590879.563, 97
Trd, 2590879.879, 96
Trd, 2590880.313, 95
Trd, 2590881.029, 94
Trd, 2590882.179, 97
Trd, 2590883.146, 97
Trd, 2590883.646, 93
Trd, 2590883.729, 91
Trd, 2590884.996, 95
Trd, 2590885.946, 101
Trd, 2590886.813, 100
Trd, 2590887.779, 94
Trd, 2590889.446, 91
Trd, 2590890.763, 98
Trd, 2590891.129, 99
Trd, 2590891.363, 95
Trd, 2590891.813, 93
Trd, 2590892.396, 93
Trd, 2590894.463, 90
Trd, 2590896.513, 92
Trd, 2590897.629, 92
Trd, 2590897.996, 93
Trd, 2590898.279, 89
Trd, 2590898.346, 90
Trd, 2590898.579, 89
Trd, 2590900.196, 93
Trd, 2590900.646, 92
Trd, 2590900.863, 105
Trd, 2590900.896, 88
Trd, 2590901.763, 98
Trd, 2590902.813, 92
Trd, 2590903.629, 104
Trd, 2590903.763, 103
Trd, 2590907.063, 97
Trd, 2590907.296, 94
Trd, 2590908.729, 94
Trd, 2590908.829, 103
Trd, 2590909.163, 104
Trd, 2590910.146, 109
Trd, 2590910.179, 108
Trd, 2590910.463, 92
Trd, 2590910.829, 92
Trd, 2590911.529, 90
Trd, 2590911.629, 86
Trd, 2590911.879, 92
Trd, 2590912.379, 85
Trd, 2590913.396, 101
Trd, 2590914.279, 87
Trd, 2590915.946, 98
Trd, 2590916.046, 103
Trd, 2590916.613, 104
Trd, 2590916.796, 90
Trd, 2590917.213, 89
Trd, 2590917.863, 90
Trd, 2590918.329, 91
Trd, 2590919.629, 86
Trd, 2590920.129, 98
Trd, 2590920.363, 92
Trd, 2590920.963, 90
Trd, 2590922.313, 89
Trd, 2590923.229, 111
Trd, 2590925.263, 112
Trd, 2590925.829, 92
Trd, 2590927.496, 112
Trd, 2590927.663, 108
Trd, 2590927.929, 100
Trd, 2590928.313, 93
Trd, 2590928.329, 92
Trd, 2590929.946, 92
Trd, 2590930.246, 90
Trd, 2590931.446, 98
Trd, 2590931.979, 93
Trd, 2590932.196, 85
Trd, 2590932.779, 101
Trd, 2590933.563, 86
Trd, 2590933.996, 82
Trd, 2590934.663, 99
Trd, 2590935.463, 96
Trd, 2590935.863, 94
Trd, 2590938.763, 98
Trd, 2590938.929, 97
Trd, 2590939.679, 99
Trd, 2590940.879, 103
Trd, 2590941.146, 100
Trd, 2590941.696, 98
Trd, 2590941.763, 109
Trd, 2590942.879, 106
Trd, 2590943.046, 93
Trd, 2590943.229, 92
Trd, 2590944.629, 95
Trd, 2590945.479, 96
Trd, 2590946.679, 114
Trd, 2590946.696, 110
Trd, 2590947.063, 102
Trd, 2590948.979, 98
Trd, 2590950.129, 94
Trd, 2590950.729, 101
Trd, 2590951.196, 92
Trd, 2590951.396, 89
Trd, 2590951.663, 91
Trd, 2590953.013, 90
Trd, 2590954.579, 84
Trd, 2590954.729, 98
Trd, 2590954.813, 80
Trd, 2590955.996, 99
Trd, 2590957.129, 95
Trd, 2590958.096, 100
Trd, 2590958.146, 99
Trd, 2590958.713, 97
Trd, 2590959.296, 96
Trd, 2590959.763, 94
Trd, 2590960.013, 93
Trd, 2590961.029, 94
Trd, 2590961.429, 100
Trd, 2590962.963, 91
Trd, 2590963.096, 89
Trd, 2590964.379, 91
Trd, 2590967.279, 98
Trd, 2590968.763, 97
Trd, 2590968.796, 101
Trd, 2590968.846, 102
Trd, 2590968.896, 108
Trd, 2590969.296, 94
Trd, 2590970.413, 87
Trd, 2590970.546, 92
Trd, 2590971.696, 94
Trd, 2590972.096, 93
Trd, 2590972.229, 92
Trd, 2590972.563, 90
Trd, 2590973.329, 88
Trd, 2590973.379, 86
Trd, 2590973.479, 94
Trd, 2590974.146, 86
Trd, 2590979.213, 96
Trd, 2590980.079, 97
Trd, 2590980.679, 96
Trd, 2590980.796, 93
Trd, 2590980.829, 104
Trd, 2590981.896, 100
Trd, 2590982.196, 100
Trd, 2590983.496, 99
Trd, 2590984.346, 93
Trd, 2590984.746, 94
Trd, 2590984.779, 110
Trd, 2590985.446, 93
Trd, 2590986.529, 89
Trd, 2590986.979, 86
Trd, 2590987.046, 90
Trd, 2590987.913, 100
Trd, 2590988.779, 105
Trd, 2590989.779, 98
Trd, 2590991.013, 99
Trd, 2590992.929, 99
Trd, 2590993.429, 99
Trd, 2590993.696, 95
Trd, 2590993.946, 88
Trd, 2590995.446, 109
Trd, 2590996.379, 94
Trd, 2590996.546, 93
Trd, 2590996.596, 92
Trd, 2590996.846, 90
Trd, 2590997.196, 90
Trd, 2590998.096, 91
Trd, 2590998.179, 94
Trd, 2590998.396, 88
Trd, 2591000.796, 95
Trd, 2591001.346, 111
Trd, 2591001.946, 100
Trd, 2591002.096, 96
Trd, 2591004.346, 97
Trd, 2591004.479, 97
Trd, 2591005.179, 103
Trd, 2591006.546, 98
Trd, 2591007.846, 97
Trd, 2591009.346, 94
Trd, 2591009.846, 102
Trd, 2591010.263, 92
Trd, 2591010.579, 91
Trd, 2591011.579, 94
Trd, 2591011.929, 91
Trd, 2591013.629, 88
Trd, 2591014.163, 86
Trd, 2591014.446, 83
Trd, 2591015.179, 85
Trd, 2591015.579, 83
Trd, 2591016.213, 89
Trd, 2591017.496, 92
Trd, 2591019.096, 99
Trd, 2591019.946, 97
Trd, 2591021.063, 99
Trd, 2591021.113, 94
Trd, 2591021.129, 91
Trd, 2591021.946, 94
Trd, 2591022.746, 102
Trd, 2591023.996, 112
Trd, 2591024.613, 107
Trd, 2591025.113, 108
Trd, 2591026.179, 100
Trd, 2591028.229, 99
Trd, 2591029.329, 109
Trd, 2591029.379, 94
Trd, 2591030.813, 101
Trd, 2591031.096, 103
Trd, 2591031.913, 100
Trd, 2591033.563, 102
Trd, 2591033.746, 108
Trd, 2591034.479, 94
Trd, 2591034.763, 87
Trd, 2591034.879, 86
Trd, 2591036.846, 104
Trd, 2591037.729, 103
Trd, 2591037.746, 95
Trd, 2591038.629, 84
Trd, 2591039.463, 86
Trd, 2591039.763, 84
Trd, 2591040.296, 79
Trd, 2591041.513, 90
Trd, 2591043.096, 92
Trd, 2591044.713, 97
Trd, 2591044.896, 108
Trd, 2591045.313, 89
Trd, 2591046.563, 104
Trd, 2591046.946, 96
Trd, 2591047.013, 93
Trd, 2591050.113, 109
Trd, 2591050.513, 111
Trd, 2591051.346, 110
Trd, 2591051.429, 109
Trd, 2591051.746, 115
Trd, 2591052.129, 108
Trd, 2591052.279, 110
Trd, 2591052.879, 88
Trd, 2591053.429, 116
Trd, 2591053.646, 94
Trd, 2591056.313, 104
Trd, 2591056.563, 101
Trd, 2591057.246, 100
Trd, 2591057.463, 96
Trd, 2591057.779, 94
Trd, 2591058.346, 92
Trd, 2591058.829, 86
Trd, 2591059.379, 79
Trd, 2591060.013, 77
Trd, 2591060.229, 83
Trd, 2591062.179, 87
Trd, 2591062.496, 87
Trd, 2591062.546, 88
Trd, 2591063.679, 87
Trd, 2591064.013, 97
Trd, 2591064.663, 98
Trd, 2591064.879, 96
Trd, 2591066.479, 92
Trd, 2591067.446, 97
Trd, 2591067.529, 96
Trd, 2591068.213, 104
Trd, 2591069.679, 87
Trd, 2591071.146, 87
Trd, 2591071.779, 90
Trd, 2591073.046, 87
Trd, 2591073.063, 87
Trd, 2591073.263, 92
Trd, 2591073.546, 85
Trd, 2591075.496, 101
Trd, 2591076.746, 91
Trd, 2591078.046, 91
Trd, 2591078.429, 99
Trd, 2591079.379, 92
Trd, 2591079.996, 100
Trd, 2591080.746, 94
Trd, 2591081.646, 101
Trd, 2591083.013, 107
Trd, 2591084.113, 98
Trd, 2591085.329, 99
Trd, 2591085.396, 96
Trd, 2591086.696, 95
Trd, 2591086.813, 94
Trd, 2591087.079, 93
Trd, 2591087.729, 102
Trd, 2591089.713, 95
Trd, 2591090.113, 92
Trd, 2591091.329, 102
Trd, 2591091.963, 92
Trd, 2591092.563, 92
Trd, 2591093.263, 89
Trd, 2591093.363, 99
Trd, 2591094.113, 94
Trd, 2591094.263, 93
Trd, 2591094.313, 97
Trd, 2591094.663, 87
Trd, 2591094.763, 89
Trd, 2591096.763, 96
Trd, 2591098.379, 85
Trd, 2591098.979, 101
Trd, 2591099.463, 85
Trd, 2591101.013, 94
Trd, 2591101.563, 111
Trd, 2591102.763, 101
Trd, 2591103.429, 112
Trd, 2591103.913, 102
Trd, 2591104.113, 101
Trd, 2591106.296, 102
Trd, 2591107.213, 98
Trd, 2591107.246, 113
Trd, 2591107.446, 97
Trd, 2591107.529, 96
Trd, 2591107.696, 95
Trd, 2591109.079, 94
Trd, 2591109.363, 85
Trd, 2591110.379, 113
Trd, 2591110.396, 85
Trd, 2591112.146, 93
Trd, 2591112.863, 96
Trd, 2591113.163, 92
Trd, 2591114.196, 89
Trd, 2591114.546, 89
Trd, 2591115.796, 96
Trd, 2591116.813, 97
Trd, 2591117.113, 99
Trd, 2591117.613, 102
Trd, 2591117.813, 101
Trd, 2591117.913, 97
Trd, 2591120.463, 102
Trd, 2591121.646, 97
Trd, 2591121.863, 96
Trd, 2591122.046, 93
Trd, 2591123.079, 97
Trd, 2591123.463, 107
Trd, 2591125.079, 111
Trd, 2591125.913, 96
Trd, 2591126.929, 95
Trd, 2591128.513, 94
Trd, 2591129.446, 95
Trd, 2591129.546, 91
Trd, 2591130.229, 98
Trd, 2591130.729, 102
Trd, 2591130.846, 87
Trd, 2591131.179, 86
Trd, 2591131.796, 100
Trd, 2591132.629, 98
Trd, 2591133.029, 95
Trd, 2591133.496, 94
Trd, 2591134.663, 98
Trd, 2591134.863, 115
Trd, 2591135.696, 111
Trd, 2591136.363, 96
Trd, 2591136.913, 100
Trd, 2591137.346, 91
Trd, 2591137.513, 105
Trd, 2591139.129, 86
Trd, 2591139.796, 85
Trd, 2591140.179, 87
Trd, 2591140.779, 91
Trd, 2591140.929, 85
Trd, 2591142.079, 110
Trd, 2591143.579, 90
Trd, 2591144.596, 97
Trd, 2591144.829, 105
Trd, 2591145.029, 95
Trd, 2591145.963, 96
Trd, 2591146.579, 102
Trd, 2591147.513, 94
Trd, 2591147.796, 96
Trd, 2591149.596, 89
Trd, 2591149.946, 87
Trd, 2591150.496, 87
Trd, 2591150.763, 86
Trd, 2591151.496, 86
Trd, 2591152.596, 94
Trd, 2591154.329, 92
Trd, 2591154.513, 94
Trd, 2591155.563, 86
Trd, 2591155.779, 85
Trd, 2591157.163, 82
Trd, 2591157.346, 81
Trd, 2591158.163, 86
Trd, 2591160.446, 92
Trd, 2591161.096, 92
Trd, 2591161.179, 89
Trd, 2591161.396, 101
Trd, 2591163.746, 89
Trd, 2591164.096, 90
Trd, 2591164.563, 87
Trd, 2591164.879, 87
Trd, 2591165.663, 105
Trd, 2591166.196, 94
Trd, 2591167.196, 92
Trd, 2591167.413, 90
Trd, 2591167.446, 101
Trd, 2591168.046, 89
Trd, 2591168.529, 102
Trd, 2591172.029, 94
Trd, 2591173.029, 93
Trd, 2591173.313, 90
Trd, 2591173.896, 96
Trd, 2591174.129, 90
Trd, 2591174.279, 86
Trd, 2591175.313, 91
Trd, 2591175.613, 90
Trd, 2591176.129, 85
Trd, 2591178.596, 91
Trd, 2591181.396, 93
Trd, 2591182.513, 106
Trd, 2591182.746, 97
Trd, 2591182.929, 97
Trd, 2591183.613, 101
Trd, 2591183.813, 98
Trd, 2591184.146, 94
Trd, 2591184.463, 91
Trd, 2591186.396, 110
Trd, 2591187.129, 97
Trd, 2591187.396, 96
Trd, 2591187.813, 99
Trd, 2591188.429, 94
Trd, 2591189.096, 110
Trd, 2591189.296, 101
Trd, 2591189.446, 99
Trd, 2591190.096, 92
Trd, 2591191.163, 87
Trd, 2591192.229, 102
Trd, 2591192.496, 117
Trd, 2591194.579, 94
Trd, 2591195.846, 94
Trd, 2591198.196, 98
Trd, 2591199.296, 97
Trd, 2591200.263, 94
Trd, 2591200.296, 93
Trd, 2591200.796, 90
Trd, 2591201.496, 86
Trd, 2591201.896, 86
Trd, 2591201.963, 95
Trd, 2591203.646, 95
Trd, 2591203.829, 94
Trd, 2591204.113, 93
Trd, 2591205.029, 102
Trd, 2591205.979, 94
Trd, 2591206.296, 90
Trd, 2591206.729, 89
Trd, 2591207.213, 91
Trd, 2591207.796, 88
Trd, 2591207.996, 86
Trd, 2591209.813, 83
Trd, 2591209.963, 93
Trd, 2591211.563, 92
Trd, 2591212.679, 87
Trd, 2591213.213, 101
Trd, 2591213.496, 98
Trd, 2591214.179, 96
Trd, 2591214.713, 94
Trd, 2591214.896, 106
Trd, 2591216.013, 103
Trd, 2591216.413, 93
Trd, 2591218.263, 96
Trd, 2591219.046, 93
Trd, 2591219.346, 102
Trd, 2591219.729, 95
Trd, 2591223.079, 90
Trd, 2591223.546, 88
Trd, 2591223.696, 91
Trd, 2591224.379, 91
Trd, 2591225.196, 103
Trd, 2591225.896, 102
Trd, 2591227.146, 115
Trd, 2591227.296, 92
Trd, 2591228.929, 89
Trd, 2591229.329, 93
Trd, 2591229.796, 94
Trd, 2591230.646, 87
Trd, 2591231.863, 93
Trd, 2591231.929, 90
Trd, 2591232.546, 89
Trd, 2591233.013, 88
Trd, 2591233.829, 89
Trd, 2591233.913, 105
Trd, 2591234.096, 87
Trd, 2591235.846, 93
Trd, 2591236.896, 108
Trd, 2591236.913, 110
Trd, 2591237.263, 108
Trd, 2591237.529, 107
Trd, 2591238.746, 96
Trd, 2591239.679, 95
Trd, 2591240.363, 94
Trd, 2591242.129, 95
Trd, 2591243.246, 94
Trd, 2591243.429, 93
Trd, 2591244.446, 90
Trd, 2591245.046, 90
Trd, 2591245.229, 94
Trd, 2591245.863, 80
Trd, 2591246.596, 84
Trd, 2591247.596, 81
Trd, 2591247.946, 95
Trd, 2591248.296, 101
Trd, 2591248.613, 93
Trd, 2591248.763, 91
Trd, 2591251.213, 100
Trd, 2591251.446, 96
Trd, 2591252.796, 100
Trd, 2591252.896, 105
Trd, 2591253.213, 100
Trd, 2591253.246, 96
Trd, 2591253.479, 95
Trd, 2591253.679, 95
Trd, 2591254.996, 94
Trd, 2591255.513, 98
Trd, 2591256.379, 97
Trd, 2591256.696, 95
Trd, 2591257.179, 108
Trd, 2591261.329, 97
Trd, 2591262.313, 94
Trd, 2591263.046, 92
Trd, 2591263.463, 90
Trd, 2591264.729, 95
Trd, 2591264.946, 95
Trd, 2591265.746, 94
Trd, 2591267.529, 90
Trd, 2591268.463, 85
Trd, 2591269.163, 92
Trd, 2591269.246, 88
Trd, 2591269.596, 79
Trd, 2591270.763, 84
Trd, 2591270.896, 85
Trd, 2591272.246, 111
Trd, 2591272.579, 87
Trd, 2591273.246, 91
Trd, 2591274.646, 92
Trd, 2591275.413, 103
Trd, 2591276.413, 101
Trd, 2591278.679, 102
Trd, 2591278.929, 101
Trd, 2591279.913, 100
Trd, 2591280.146, 100
Trd, 2591280.346, 96
Trd, 2591280.679, 94
Trd, 2591280.813, 93
Trd, 2591281.496, 108
Trd, 2591281.629, 91
Trd, 2591282.913, 82
Trd, 2591283.329, 111
Trd, 2591283.346, 102
Trd, 2591287.079, 96
Trd, 2591287.496, 94
Trd, 2591287.696, 120
Trd, 2591287.746, 91
Trd, 2591287.779, 88
Trd, 2591289.313, 104
Trd, 2591289.529, 103
Trd, 2591290.029, 102
Trd, 2591290.513, 98
Trd, 2591290.713, 97
Trd, 2591291.829, 86
Trd, 2591293.079, 95
Trd, 2591294.279, 96
Trd, 2591294.479, 95
Trd, 2591296.496, 89
Trd, 2591297.096, 94
Trd, 2591297.746, 84
Trd, 2591298.013, 98
Trd, 2591298.263, 84
Trd, 2591298.679, 83
Trd, 2591299.629, 102
Trd, 2591301.296, 99
Trd, 2591302.779, 97
Trd, 2591303.179, 97
Trd, 2591303.679, 110
Trd, 2591305.446, 94
Trd, 2591305.546, 92
Trd, 2591305.796, 94
Trd, 2591306.346, 90
Trd, 2591307.529, 95
Trd, 2591307.913, 89
Trd, 2591309.063, 87
Trd, 2591309.846, 106
Trd, 2591309.879, 97
Trd, 2591309.979, 93
Trd, 2591310.029, 93
Trd, 2591311.979, 95
Trd, 2591312.129, 96
Trd, 2591312.696, 98
Trd, 2591313.079, 107
Trd, 2591314.513, 98
Trd, 2591315.746, 97
Trd, 2591316.279, 95
Trd, 2591318.046, 112
Trd, 2591318.313, 96
Trd, 2591318.463, 101
Trd, 2591318.996, 97
Trd, 2591319.379, 94
Trd, 2591319.479, 94
Trd, 2591321.729, 96
Trd, 2591324.079, 104
Trd, 2591324.513, 102
Trd, 2591324.663, 96
Trd, 2591325.146, 95
Trd, 2591325.746, 94
Trd, 2591326.446, 117
Trd, 2591327.529, 93
Trd, 2591327.563, 95
Trd, 2591330.313, 104
Trd, 2591330.729, 87
Trd, 2591331.046, 85
Trd, 2591331.546, 104
Trd, 2591331.929, 102
Trd, 2591333.013, 89
Trd, 2591333.696, 91
Trd, 2591334.963, 92
Trd, 2591335.379, 92
Trd, 2591335.563, 107
Trd, 2591336.479, 88
Trd, 2591337.079, 97
Trd, 2591337.196, 94
Trd, 2591337.679, 89
Trd, 2591338.079, 94
Trd, 2591339.829, 91
Trd, 2591341.613, 94
Trd, 2591342.229, 104
Trd, 2591343.129, 100
Trd, 2591343.246, 96
Trd, 2591343.613, 94
Trd, 2591344.546, 98
Trd, 2591345.479, 94
Trd, 2591345.529, 93
Trd, 2591346.013, 97
Trd, 2591348.413, 95
Trd, 2591348.746, 102
Trd, 2591349.279, 98
Trd, 2591350.479, 94
Trd, 2591350.963, 101
Trd, 2591351.146, 90
Trd, 2591351.213, 115
Trd, 2591351.863, 89
Trd, 2591353.113, 102
Trd, 2591353.229, 100
Trd, 2591354.796, 109
Trd, 2591358.079, 96
Trd, 2591360.013, 107
Trd, 2591360.446, 107
Trd, 2591360.763, 108
Trd, 2591360.779, 101
Trd, 2591361.229, 94
Trd, 2591361.346, 94
Trd, 2591361.596, 89
Trd, 2591361.996, 113
Trd, 2591362.479, 85
Trd, 2591362.996, 84
Trd, 2591363.146, 80
Trd, 2591364.246, 103
Trd, 2591364.263, 99
Trd, 2591364.379, 95
Trd, 2591364.646, 94
Trd, 2591364.979, 98
Trd, 2591367.279, 99
Trd, 2591367.429, 116
Trd, 2591367.713, 115
Trd, 2591368.263, 98
Trd, 2591371.579, 90
Trd, 2591373.696, 96
Trd, 2591375.413, 92
Trd, 2591376.279, 97
Trd, 2591376.746, 95
Trd, 2591377.013, 96
Trd, 2591377.446, 94
Trd, 2591377.529, 91
Trd, 2591378.763, 88
Trd, 2591380.379, 99
Trd, 2591380.396, 97
Trd, 2591380.563, 96
Trd, 2591380.879, 92
Trd, 2591381.746, 94
Trd, 2591382.729, 91
Trd, 2591382.979, 90
Trd, 2591384.463, 105
Trd, 2591384.979, 93
Trd, 2591385.713, 91
Trd, 2591387.029, 93
Trd, 2591387.613, 97
Trd, 2591387.779, 86
Trd, 2591388.446, 93
Trd, 2591389.879, 97
Trd, 2591389.996, 98
Trd, 2591391.746, 103
Trd, 2591392.913, 97
Trd, 2591392.946, 102
Trd, 2591393.246, 107
Trd, 2591393.429, 94
Trd, 2591393.929, 106
Trd, 2591395.579, 95
Trd, 2591397.296, 99
Trd, 2591398.696, 96
Trd, 2591398.729, 94
Trd, 2591398.946, 92
Trd, 2591399.279, 98
Trd, 2591399.779, 101
Trd, 2591401.613, 107
Trd, 2591401.813, 100
Trd, 2591401.863, 96
Trd, 2591402.546, 93
Trd, 2591402.846, 91
Trd, 2591403.463, 89
Trd, 2591403.846, 85
Trd, 2591404.596, 84
Trd, 2591405.679, 91
Trd, 2591407.529, 92
Trd, 2591407.596, 94
Trd, 2591408.396, 104
Trd, 2591408.479, 109
Trd, 2591408.513, 103
Trd, 2591409.163, 87
Trd, 2591410.846, 95
Trd, 2591412.563, 101
Trd, 2591412.679, 100
Trd, 2591413.129, 111
Trd, 2591413.446, 98
Trd, 2591415.263, 101
Trd, 2591416.029, 105
Trd, 2591417.546, 93
Trd, 2591417.729, 92
Trd, 2591417.813, 103
Trd, 2591418.163, 94
Trd, 2591418.429, 90
Trd, 2591419.163, 88
Trd, 2591420.546, 84
Trd, 2591420.879, 77
Trd, 2591421.579, 94
Trd, 2591422.013, 82
Trd, 2591423.013, 87
Trd, 2591423.246, 84
Trd, 2591424.013, 113
Trd, 2591425.529, 90
Trd, 2591425.763, 88
Trd, 2591426.879, 89
Trd, 2591428.646, 90
Trd, 2591429.813, 88
Trd, 2591430.096, 86
Trd, 2591430.529, 92
Trd, 2591431.263, 105
Trd, 2591432.496, 98
Trd, 2591432.529, 93
Trd, 2591433.329, 88
Trd, 2591433.579, 85
Trd, 2591433.663, 84
Trd, 2591435.363, 95
Trd, 2591435.713, 101
Trd, 2591436.496, 94
Trd, 2591438.229, 105
Trd, 2591439.346, 107
Trd, 2591439.496, 106
Trd, 2591439.529, 103
Trd, 2591440.329, 111
Trd, 2591440.463, 96
Trd, 2591440.813, 95
Trd, 2591441.613, 103
Trd, 2591441.996, 110
Trd, 2591444.363, 104
Trd, 2591445.629, 111
Trd, 2591445.663, 95
Trd, 2591446.446, 91
Trd, 2591446.829, 90
Trd, 2591447.846, 96
Trd, 2591448.696, 103
Trd, 2591449.163, 109
Trd, 2591449.879, 93
Trd, 2591450.946, 97
Trd, 2591451.929, 96
Trd, 2591452.046, 94
Trd, 2591452.546, 92
Trd, 2591455.229, 90
Trd, 2591456.263, 96
Trd, 2591456.279, 94
Trd, 2591456.496, 91
Trd, 2591457.529, 93
Trd, 2591457.963, 90
Trd, 2591458.113, 89
Trd, 2591458.363, 103
Trd, 2591458.763, 109
Trd, 2591459.579, 88
Trd, 2591460.179, 84
Trd, 2591463.013, 93
Trd, 2591463.446, 105
Trd, 2591463.646, 104
Trd, 2591463.863, 96
Trd, 2591465.179, 95
Trd, 2591465.263, 94
Trd, 2591465.613, 107
Trd, 2591466.463, 102
Trd, 2591467.813, 88
Trd, 2591468.546, 89
Trd, 2591469.179, 86
Trd, 2591469.946, 95
Trd, 2591470.779, 91
Trd, 2591471.479, 90
Trd, 2591471.679, 106
Trd, 2591472.463, 94
Trd, 2591472.996, 90
Trd, 2591473.479, 90
Trd, 2591474.129, 89
Trd, 2591474.996, 87
Trd, 2591476.913, 97
Trd, 2591477.846, 98
Trd, 2591478.529, 96
Trd, 2591478.579, 94
Trd, 2591478.729, 93
Trd, 2591478.913, 91
Trd, 2591480.846, 97
Trd, 2591480.879, 98
Trd, 2591481.496, 107
Trd, 2591482.296, 98
Trd, 2591482.896, 99
Trd, 2591483.396, 97
Trd, 2591485.429, 95
Trd, 2591485.646, 93
Trd, 2591487.013, 91
Trd, 2591487.363, 104
Trd, 2591488.146, 87
Trd, 2591489.163, 87
Trd, 2591490.613, 88
Trd, 2591490.696, 85
Trd, 2591491.263, 101
Trd, 2591491.796, 97
Trd, 2591492.696, 91
Trd, 2591493.046, 88
Trd, 2591493.663, 93
Trd, 2591495.096, 94
Trd, 2591495.196, 115
Trd, 2591495.829, 92
Trd, 2591496.646, 101
Trd, 2591498.346, 98
Trd, 2591498.979, 120
Trd, 2591499.663, 110
Trd, 2591500.046, 104
Trd, 2591500.146, 102
Trd, 2591502.396, 100
Trd, 2591502.446, 99
Trd, 2591502.596, 105
Trd, 2591503.179, 107
Trd, 2591503.413, 94
Trd, 2591506.096, 97
Trd, 2591506.479, 96
Trd, 2591506.846, 95
Trd, 2591509.113, 96
Trd, 2591509.246, 99
Trd, 2591509.329, 92
Trd, 2591509.663, 92
Trd, 2591509.813, 95
Trd, 2591510.513, 87
Trd, 2591510.796, 103
Trd, 2591511.229, 87
Trd, 2591512.279, 95
Trd, 2591512.413, 91
Trd, 2591513.979, 101
Trd, 2591514.213, 94
Trd, 2591516.313, 93
Trd, 2591517.013, 113
Trd, 2591517.096, 114
Trd, 2591517.313, 99
Trd, 2591521.079, 104
Trd, 2591521.279, 103
Trd, 2591521.463, 102
Trd, 2591521.896, 98
Trd, 2591522.563, 96
Trd, 2591523.296, 115
Trd, 2591523.896, 93
Trd, 2591525.129, 90
Trd, 2591526.179, 97
Trd, 2591526.746, 90
Trd, 2591527.129, 102
Trd, 2591527.163, 96
Trd, 2591527.313, 84
Trd, 2591529.229, 84
Trd, 2591529.363, 82
Trd, 2591529.863, 86
Trd, 2591530.329, 104
Trd, 2591530.629, 83
Trd, 2591531.963, 88
Trd, 2591532.213, 121
Trd, 2591532.896, 91
Trd, 2591532.913, 88
Trd, 2591533.246, 89
Trd, 2591536.679, 88
Trd, 2591537.179, 85
Trd, 2591537.396, 92
Trd, 2591538.296, 107
Trd, 2591538.513, 89
Trd, 2591540.579, 91
Trd, 2591540.779, 87
Trd, 2591541.696, 100
Trd, 2591541.796, 91
Trd, 2591543.546, 99
Trd, 2591544.446, 93
Trd, 2591544.829, 101
Trd, 2591545.063, 103
Trd, 2591545.263, 92
Trd, 2591546.596, 92
Trd, 2591546.879, 93
Trd, 2591546.996, 91
Trd, 2591547.713, 87
Trd, 2591548.346, 93
Trd, 2591550.679, 87
Trd, 2591551.096, 100
Trd, 2591551.313, 99
Trd, 2591551.413, 87
Trd, 2591551.663, 86
Trd, 2591554.746, 95
Trd, 2591554.879, 99
Trd, 2591555.829, 97
Trd, 2591556.896, 100
Trd, 2591557.996, 98
Trd, 2591558.963, 99
Trd, 2591559.913, 95
Trd, 2591560.079, 94
Trd, 2591561.396, 96
Trd, 2591561.563, 93
Trd, 2591561.996, 92
Trd, 2591562.496, 96
Trd, 2591562.696, 94
Trd, 2591564.463, 100
Trd, 2591565.313, 97
Trd, 2591566.763, 101
Trd, 2591568.063, 105
Trd, 2591568.279, 120
Trd, 2591569.079, 94
Trd, 2591569.813, 98
Trd, 2591570.996, 97
Trd, 2591571.146, 96
Trd, 2591571.446, 112
Trd, 2591571.796, 94
Trd, 2591571.879, 93
Trd, 2591572.379, 91
Trd, 2591573.129, 91
Trd, 2591573.679, 88
Trd, 2591574.379, 87
Trd, 2591574.629, 85
Trd, 2591574.996, 103
Trd, 2591575.313, 106
Trd, 2591576.629, 102
Trd, 2591576.763, 103
Trd, 2591576.846, 116
Trd, 2591578.196, 91
Trd, 2591579.663, 94
Trd, 2591579.863, 93
Trd, 2591580.429, 91
Trd, 2591581.813, 93
Trd, 2591582.413, 94
Trd, 2591583.296, 100
Trd, 2591583.313, 98
Trd, 2591583.646, 95
Trd, 2591584.429, 100
Trd, 2591585.779, 96
Trd, 2591587.796, 101
Trd, 2591587.963, 108
Trd, 2591588.779, 103
Trd, 2591590.396, 97
Trd, 2591591.279, 97
Trd, 2591591.696, 94
Trd, 2591591.946, 96
Trd, 2591592.579, 90
Trd, 2591592.696, 101
Trd, 2591593.813, 93
Trd, 2591594.129, 97
Trd, 2591594.329, 92
Trd, 2591596.046, 89
Trd, 2591596.779, 97
Trd, 2591597.513, 111
Trd, 2591597.713, 86
Trd, 2591598.213, 84
Trd, 2591598.796, 87
Trd, 2591599.479, 108
Trd, 2591602.246, 111
Trd, 2591602.329, 100
Trd, 2591602.913, 99
Trd, 2591603.046, 95
Trd, 2591603.246, 93
Trd, 2591603.579, 94
Trd, 2591603.746, 93
Trd, 2591604.196, 91
Trd, 2591604.663, 86
Trd, 2591604.729, 87
Trd, 2591605.263, 101
Trd, 2591606.496, 96
Trd, 2591606.896, 91
Trd, 2591606.979, 88
Trd, 2591608.129, 91
Trd, 2591611.329, 95
Trd, 2591611.963, 96
Trd, 2591613.813, 100
Trd, 2591614.946, 96
Trd, 2591616.163, 92
Trd, 2591616.663, 90
Trd, 2591617.179, 92
Trd, 2591617.729, 90
Trd, 2591617.946, 101
Trd, 2591618.429, 91
Trd, 2591619.163, 98
Trd, 2591620.413, 101
Trd, 2591621.579, 96
Trd, 2591621.879, 101
Trd, 2591622.313, 99
Trd, 2591623.613, 95
Trd, 2591624.779, 102
Trd, 2591625.796, 95
Trd, 2591626.563, 95
Trd, 2591627.479, 94
Trd, 2591627.913, 93
Trd, 2591628.729, 95
Trd, 2591629.046, 89
Trd, 2591629.579, 95
Trd, 2591631.096, 94
Trd, 2591631.113, 103
Trd, 2591631.163, 90
Trd, 2591631.546, 104
Trd, 2591632.729, 102
Trd, 2591633.513, 89
Trd, 2591635.763, 92
Trd, 2591636.746, 90
Trd, 2591637.046, 88
Trd, 2591637.279, 95
Trd, 2591637.413, 108
Trd, 2591637.646, 94
Trd, 2591638.263, 85
Trd, 2591638.896, 84
Trd, 2591639.246, 102
Trd, 2591640.246, 96
Trd, 2591641.113, 96
Trd, 2591642.596, 99
Trd, 2591642.863, 113
Trd, 2591644.129, 93
Trd, 2591644.713, 92
Trd, 2591644.779, 101
Trd, 2591644.879, 88
Trd, 2591648.396, 100
Trd, 2591649.029, 110
Trd, 2591649.329, 107
Trd, 2591649.413, 103
Trd, 2591649.946, 99
Trd, 2591650.729, 116
Trd, 2591650.963, 99
Trd, 2591652.279, 113
Trd, 2591653.579, 103
Trd, 2591654.429, 101
Trd, 2591654.479, 98
Trd, 2591655.546, 98
Trd, 2591656.313, 94
Trd, 2591657.629, 93
Trd, 2591658.913, 99
Trd, 2591660.296, 103
Trd, 2591660.763, 91
Trd, 2591661.546, 93
Trd, 2591663.163, 89
Trd, 2591663.696, 92
Trd, 2591664.163, 91
Trd, 2591664.529, 90
Trd, 2591665.546, 91
Trd, 2591665.929, 86
Trd, 2591667.163, 82
Trd, 2591667.946, 81
Trd, 2591667.963, 98
Trd, 2591669.979, 86
Trd, 2591670.313, 94
Trd, 2591671.613, 88
Trd, 2591672.263, 91
Trd, 2591673.046, 91
Trd, 2591675.863, 101
Trd, 2591676.146, 105
Trd, 2591676.213, 102
Trd, 2591676.846, 99
Trd, 2591677.613, 98
Trd, 2591677.946, 97
Trd, 2591678.263, 95
Trd, 2591678.796, 97
Trd, 2591679.246, 111
Trd, 2591680.129, 114
Trd, 2591680.296, 94
Trd, 2591680.563, 115
Trd, 2591681.396, 90
Trd, 2591682.063, 99
Trd, 2591683.329, 93
Trd, 2591684.296, 94
Trd, 2591684.479, 93
Trd, 2591685.479, 98
Trd, 2591686.629, 104
Trd, 2591687.229, 103
Trd, 2591687.979, 91
Trd, 2591688.813, 92
Trd, 2591688.996, 90
Trd, 2591689.363, 90
Trd, 2591689.529, 89
Trd, 2591689.813, 87
Trd, 2591689.863, 101
Trd, 2591692.313, 90
Trd, 2591693.796, 89
Trd, 2591695.046, 88
Trd, 2591695.163, 86
Trd, 2591696.829, 97
Trd, 2591698.079, 104
Trd, 2591698.229, 109
Trd, 2591698.429, 97
Trd, 2591699.046, 97
Trd, 2591699.129, 95
Trd, 2591699.846, 94
Trd, 2591700.246, 90
Trd, 2591701.663, 95
Trd, 2591701.779, 89
Trd, 2591702.463, 87
Trd, 2591703.829, 87
Trd, 2591706.329, 93
Trd, 2591706.479, 94
Trd, 2591707.046, 85
Trd, 2591708.246, 90
Trd, 2591708.313, 87
Trd, 2591708.679, 93
Trd, 2591709.946, 93
Trd, 2591709.963, 85
Trd, 2591710.529, 102
Trd, 2591711.513, 85
Trd, 2591711.579, 84
Trd, 2591712.929, 103
Trd, 2591713.429, 103
Trd, 2591714.163, 98
Trd, 2591714.713, 95
Trd, 2591715.079, 94
Trd, 2591715.929, 95
Trd, 2591716.846, 96
Trd, 2591717.279, 92
Trd, 2591718.046, 90
Trd, 2591718.263, 95
Trd, 2591719.796, 98
Trd, 2591720.196, 92
Trd, 2591721.763, 91
Trd, 2591722.146, 102
Trd, 2591723.646, 97
Trd, 2591724.496, 108
Trd, 2591725.663, 95
Trd, 2591727.846, 91
Trd, 2591728.696, 93
Trd, 2591728.863, 91
Trd, 2591729.446, 96
Trd, 2591730.096, 99
Trd, 2591730.279, 105
Trd, 2591730.596, 101
Trd, 2591730.629, 96
Trd, 2591732.096, 102
Trd, 2591733.429, 98
Trd, 2591733.846, 94
Trd, 2591734.129, 93
Trd, 2591734.163, 91
Trd, 2591735.429, 82
Trd, 2591737.229, 88
Trd, 2591737.396, 89
Trd, 2591737.996, 90
Trd, 2591739.146, 93
Trd, 2591739.579, 88
Trd, 2591740.413, 100
Trd, 2591742.646, 99
Trd, 2591742.763, 96
Trd, 2591743.213, 95
Trd, 2591745.263, 97
Trd, 2591745.979, 98
Trd, 2591746.246, 100
Trd, 2591746.946, 99
Trd, 2591747.379, 97
Trd, 2591747.929, 93
Trd, 2591748.079, 92
Trd, 2591748.313, 90
Trd, 2591749.363, 97
Trd, 2591749.479, 90
Trd, 2591749.729, 87
Trd, 2591751.429, 87
Trd, 2591753.263, 95
Trd, 2591753.313, 97
Trd, 2591753.596, 89
Trd, 2591753.846, 85
Trd, 2591754.113, 85
Trd, 2591755.013, 82
Trd, 2591755.229, 101
Trd, 2591756.263, 94
Trd, 2591758.546, 101
Trd, 2591760.096, 98
Trd, 2591760.729, 97
Trd, 2591761.263, 94
Trd, 2591761.563, 96
Trd, 2591761.613, 111
Trd, 2591762.779, 95
Trd, 2591763.113, 96
Trd, 2591763.996, 108
Trd, 2591764.629, 98
Trd, 2591765.713, 94
Trd, 2591766.979, 98
Trd, 2591768.996, 97
Trd, 2591769.279, 108
Trd, 2591770.113, 100
Trd, 2591771.079, 101
Trd, 2591771.596, 99
Trd, 2591773.179, 102
Trd, 2591773.446, 100
Trd, 2591773.513, 96
Trd, 2591773.546, 95
Trd, 2591773.763, 94
Trd, 2591774.063, 127
Trd, 2591774.229, 90
Trd, 2591775.513, 108
Trd, 2591775.613, 99
Trd, 2591776.146, 91
Trd, 2591776.413, 91
Trd, 2591776.546, 88
Trd, 2591777.629, 86
Trd, 2591778.429, 85
Trd, 2591778.663, 83
Trd, 2591780.279, 89
Trd, 2591781.413, 88
Trd, 2591781.846, 95
Trd, 2591782.846, 105
Trd, 2591784.329, 93
Trd, 2591784.696, 91
Trd, 2591784.796, 103
Trd, 2591785.879, 87
Trd, 2591786.396, 89
Trd, 2591787.029, 94
Trd, 2591787.163, 84
Trd, 2591788.013, 99
Trd, 2591788.079, 91
Trd, 2591788.696, 87
Trd, 2591789.196, 86
Trd, 2591791.463, 87
Trd, 2591795.629, 95
Trd, 2591795.979, 94
Trd, 2591796.596, 97
Trd, 2591797.413, 101
Trd, 2591798.213, 89
Trd, 2591798.829, 99
Trd, 2591798.913, 98
Trd, 2591799.113, 101
Trd, 2591799.313, 102
Trd, 2591801.329, 100
Trd, 2591803.413, 99
Trd, 2591803.729, 97
Trd, 2591805.746, 96
Trd, 2591806.196, 94
Trd, 2591806.979, 93
Trd, 2591807.879, 91
Trd, 2591808.613, 92
Trd, 2591809.313, 88
Trd, 2591810.896, 89
Trd, 2591812.163, 96
Trd, 2591812.279, 94
Trd, 2591813.496, 95
Trd, 2591813.513, 94
Trd, 2591815.696, 98
Trd, 2591815.763, 99
Trd, 2591817.646, 106
Trd, 2591818.129, 102
Trd, 2591818.463, 101
Trd, 2591819.146, 95
Trd, 2591819.296, 105
Trd, 2591819.896, 96
Trd, 2591821.779, 96
Trd, 2591821.896, 94
Trd, 2591823.029, 91
Trd, 2591823.363, 88
Trd, 2591824.029, 103
Trd, 2591824.479, 91
Trd, 2591824.546, 90
Trd, 2591825.079, 89
Trd, 2591826.129, 93
Trd, 2591826.646, 95
Trd, 2591828.479, 88
Trd, 2591828.596, 99
Trd, 2591829.613, 88
Trd, 2591830.429, 94
Trd, 2591831.663, 94
Trd, 2591832.329, 106
Trd, 2591832.913, 105
Trd, 2591833.096, 102
Trd, 2591834.363, 94
Trd, 2591834.863, 98
Trd, 2591836.363, 98
Trd, 2591836.629, 96
Trd, 2591837.279, 92
Trd, 2591840.713, 102
Trd, 2591841.113, 103
Trd, 2591841.746, 95
Trd, 2591842.213, 98
Trd, 2591843.163, 99
Trd, 2591843.196, 94
Trd, 2591844.163, 95
Trd, 2591844.346, 92
Trd, 2591844.929, 90
Trd, 2591845.113, 112
Trd, 2591845.946, 97
Trd, 2591845.979, 91
Trd, 2591847.463, 90
Trd, 2591848.263, 111
Trd, 2591848.313, 87
Trd, 2591848.446, 86
Trd, 2591851.846, 92
Trd, 2591851.996, 94
Trd, 2591852.579, 105
Trd, 2591852.963, 106
Trd, 2591853.429, 93
Trd, 2591854.946, 97
Trd, 2591856.396, 97
Trd, 2591856.879, 99
Trd, 2591857.179, 95
Trd, 2591857.396, 102
Trd, 2591860.129, 105
Trd, 2591860.696, 104
Trd, 2591861.596, 95
Trd, 2591862.196, 94
Trd, 2591862.596, 94
Trd, 2591864.063, 94
Trd, 2591864.263, 94
Trd, 2591864.846, 93
Trd, 2591864.863, 93
Trd, 2591865.196, 92
Trd, 2591865.479, 90
Trd, 2591865.929, 91
Trd, 2591866.263, 88
Trd, 2591867.196, 87
Trd, 2591867.429, 89
Trd, 2591867.629, 99
Trd, 2591868.413, 82
Trd, 2591868.463, 105
Trd, 2591869.096, 96
Trd, 2591870.679, 104
Trd, 2591871.113, 100
Trd, 2591871.629, 89
Trd, 2591872.363, 102
Trd, 2591874.646, 90
Trd, 2591875.479, 83
Trd, 2591875.646, 82
Trd, 2591876.179, 90
Trd, 2591876.579, 76
Trd, 2591877.829, 93
Trd, 2591880.213, 87
Trd, 2591880.363, 83
Trd, 2591881.013, 96
Trd, 2591882.529, 98
Trd, 2591882.879, 97
Trd, 2591883.496, 94
Trd, 2591884.079, 92
Trd, 2591884.246, 91
Trd, 2591885.379, 89
Trd, 2591886.129, 82
Trd, 2591887.363, 98
Trd, 2591887.546, 99
Trd, 2591889.029, 91
Trd, 2591889.046, 90
Trd, 2591890.579, 87
Trd, 2591891.929, 84
Trd, 2591892.529, 94
Trd, 2591893.379, 104
Trd, 2591893.429, 94
Trd, 2591894.946, 99
Trd, 2591894.996, 99
Trd, 2591896.313, 104
Trd, 2591898.313, 107
Trd, 2591898.846, 116
Trd, 2591899.429, 99
Trd, 2591899.779, 95
Trd, 2591901.663, 108
Trd, 2591901.863, 102
Trd, 2591902.946, 107
Trd, 2591903.013, 99
Trd, 2591903.779, 99
Trd, 2591903.846, 96
Trd, 2591904.746, 109
Trd, 2591905.329, 96
Trd, 2591905.796, 95
Trd, 2591906.013, 116
Trd, 2591907.196, 95
Trd, 2591907.663, 94
Trd, 2591908.063, 90
Trd, 2591908.113, 104
Trd, 2591908.846, 89
Trd, 2591910.046, 84
Trd, 2591910.946, 84
Trd, 2591911.229, 91
Trd, 2591911.646, 87
Trd, 2591911.946, 79
Trd, 2591912.513, 84
Trd, 2591913.229, 110
Trd, 2591913.479, 79
Trd, 2591914.013, 99
Trd, 2591914.396, 76
Trd, 2591915.113, 101
Trd, 2591916.029, 109
Trd, 2591916.046, 95
Trd, 2591916.696, 115
Trd, 2591919.713, 100
Trd, 2591919.929, 99
Trd, 2591920.513, 95
Trd, 2591920.696, 128
Trd, 2591921.313, 106
Trd, 2591922.729, 103
Trd, 2591922.979, 101
Trd, 2591923.863, 99
Trd, 2591923.913, 103
Trd, 2591923.946, 95
Trd, 2591924.563, 95
Trd, 2591925.179, 94
Trd, 2591927.046, 103
Trd, 2591927.696, 96
Trd, 2591928.096, 92
Trd, 2591928.813, 91
Trd, 2591929.746, 86
Trd, 2591929.896, 81
Trd, 2591930.813, 97
Trd, 2591931.329, 101
Trd, 2591932.063, 99
Trd, 2591933.329, 108
Trd, 2591933.629, 103
Trd, 2591933.746, 98
Trd, 2591934.429, 94
Trd, 2591934.763, 92
Trd, 2591935.996, 92
Trd, 2591937.179, 99
Trd, 2591937.279, 94
Trd, 2591937.913, 94
Trd, 2591938.263, 93
Trd, 2591939.963, 96
Trd, 2591940.879, 89
Trd, 2591942.096, 101
Trd, 2591942.263, 89
Trd, 2591944.063, 88
Trd, 2591944.079, 86
Trd, 2591946.013, 98
Trd, 2591946.813, 91
Trd, 2591947.029, 89
Trd, 2591947.313, 88
Trd, 2591947.996, 104
Trd, 2591948.046, 88
Trd, 2591948.646, 110
Trd, 2591949.163, 111
Trd, 2591950.163, 116
Trd, 2591950.363, 117
Trd, 2591951.763, 100
Trd, 2591952.246, 99
Trd, 2591952.496, 96
Trd, 2591953.279, 94
Trd, 2591954.913, 90
Trd, 2591955.413, 102
Trd, 2591956.013, 93
Trd, 2591956.746, 89
Trd, 2591957.579, 114
Trd, 2591958.479, 95
Trd, 2591958.913, 92
Trd, 2591960.896, 91
Trd, 2591961.079, 105
Trd, 2591961.396, 87
Trd, 2591961.596, 87
Trd, 2591962.263, 89
Trd, 2591962.946, 86
Trd, 2591963.779, 94
Trd, 2591966.013, 97
Trd, 2591966.979, 97
Trd, 2591967.279, 96
Trd, 2591967.779, 101
Trd, 2591968.146, 94
Trd, 2591970.279, 109
Trd, 2591971.613, 100
Trd, 2591972.613, 91
Trd, 2591972.979, 89
Trd, 2591973.429, 89
Trd, 2591973.463, 88
Trd, 2591973.663, 99
Trd, 2591974.129, 87
Trd, 2591974.279, 94
Trd, 2591974.763, 86
Trd, 2591976.079, 88
Trd, 2591977.446, 85
Trd, 2591978.546, 97
Trd, 2591980.746, 101
Trd, 2591981.296, 97
Trd, 2591981.746, 94
Trd, 2591982.696, 98
Trd, 2591982.729, 96
Trd, 2591982.913, 94
Trd, 2591984.379, 92
Trd, 2591985.213, 93
Trd, 2591985.296, 92
Trd, 2591985.579, 92
Trd, 2591985.879, 94
Trd, 2591986.663, 107
Trd, 2591986.963, 103
Trd, 2591988.646, 82
Trd, 2591988.763, 91
Trd, 2591990.913, 94
Trd, 2591991.079, 98
Trd, 2591991.279, 90
Trd, 2591992.529, 95
Trd, 2591993.513, 101
Trd, 2591993.779, 92
Trd, 2591994.046, 95
Trd, 2591994.813, 94
Trd, 2591998.163, 98
Trd, 2591998.763, 103
Trd, 2591999.246, 98
