Trd, 2590641.929, 98
Trd, 2590642.129, 94
Trd, 2590642.746, 99
Trd, 2590643.129, 105
Trd, 2590643.663, 91
Trd, 2590645.363, 86
Trd, 2590645.496, 83
Trd, 2590645.513, 98
Trd, 2590646.813, 85
Trd, 2590647.329, 88
Trd, 2590647.896, 120
Trd, 2590649.413, 112
Trd, 2590652.879, 113
Trd, 2590653.213, 112
Trd, 2590653.479, 106
Trd, 2590654.096, 105
Trd, 2590654.396, 97
Trd, 2590654.613, 93
Trd, 2590655.946, 121
Trd, 2590656.463, 103
Trd, 2590656.646, 101
Trd, 2590656.913, 126
Trd, 2590658.046, 109
Trd, 2590658.296, 126
Trd, 2590660.079, 111
Trd, 2590661.663, 110
Trd, 2590661.929, 113
Trd, 2590662.196, 104
Trd, 2590662.746, 95
Trd, 2590663.696, 106
Trd, 2590663.963, 98
Trd, 2590665.413, 109
Trd, 2590666.029, 103
Trd, 2590666.213, 106
Trd, 2590666.496, 128
Trd, 2590667.679, 100
Trd, 2590668.463, 108
Trd, 2590669.313, 110
Trd, 2590669.463, 93
Trd, 2590669.746, 90
Trd, 2590670.163, 98
Trd, 2590670.763, 99
Trd, 2590671.346, 89
Trd, 2590672.029, 101
Trd, 2590672.596, 129
Trd, 2590673.813, 126
Trd, 2590674.079, 111
Trd, 2590675.029, 114
Trd, 2590676.396, 108
Trd, 2590677.063, 104
Trd, 2590677.229, 101
Trd, 2590677.463, 93
Trd, 2590677.729, 85
Trd, 2590679.946, 101
Trd, 2590680.813, 124
Trd, 2590682.446, 99
Trd, 2590683.029, 100
Trd, 2590683.396, 100
Trd, 2590683.879, 122
Trd, 2590683.929, 105
Trd, 2590684.346, 100
Trd, 2590684.379, 98
Trd, 2590685.346, 107
Trd, 2590685.413, 101
Trd, 2590685.796, 97
Trd, 2590688.513, 99
Trd, 2590689.013, 107
Trd, 2590689.413, 125
Trd, 2590690.129, 94
Trd, 2590691.696, 109
Trd, 2590692.213, 99
Trd, 2590692.379, 110
Trd, 2590693.096, 115
Trd, 2590694.313, 112
Trd, 2590695.363, 113
Trd, 2590696.146, 104
Trd, 2590696.863, 108
Trd, 2590698.729, 106
Trd, 2590699.679, 116
Trd, 2590700.213, 122
Trd, 2590700.229, 96
Trd, 2590700.296, 92
Trd, 2590702.029, 98
Trd, 2590702.296, 94
Trd, 2590703.646, 89
Trd, 2590704.329, 92
Trd, 2590704.396, 89
Trd, 2590704.779, 83
Trd, 2590705.813, 105
Trd, 2590707.563, 116
Trd, 2590708.446, 113
Trd, 2590708.629, 100
Trd, 2590709.479, 96
Trd, 2590709.796, 104
Trd, 2590711.396, 109
Trd, 2590711.779, 112
Trd, 2590712.929, 105
Trd, 2590713.496, 126
Trd, 2590713.746, 127
Trd, 2590713.829, 129
Trd, 2590714.813, 111
Trd, 2590715.113, 110
Trd, 2590715.496, 104
Trd, 2590716.213, 93
Trd, 2590716.613, 118
Trd, 2590718.196, 98
Trd, 2590718.396, 89
Trd, 2590720.113, 111
Trd, 2590720.529, 107
Trd, 2590720.963, 99
Trd, 2590721.396, 93
Trd, 2590721.829, 105
Trd, 2590722.429, 105
Trd, 2590722.996, 95
Trd, 2590723.096, 93
Trd, 2590723.113, 92
Trd, 2590725.079, 94
Trd, 2590725.746, 102
Trd, 2590726.579, 110
Trd, 2590728.113, 99
Trd, 2590728.829, 113
Trd, 2590729.229, 114
Trd, 2590731.196, 115
Trd, 2590731.629, 99
Trd, 2590732.313, 99
Trd, 2590733.479, 98
Trd, 2590734.313, 98
Trd, 2590734.463, 121
Trd, 2590735.896, 107
Trd, 2590736.146, 98
Trd, 2590737.629, 95
Trd, 2590739.363, 115
Trd, 2590740.379, 103
Trd, 2590740.413, 111
Trd, 2590741.363, 93
Trd, 2590741.513, 91
Trd, 2590741.729, 87
Trd, 2590742.996, 105
Trd, 2590743.079, 118
Trd, 2590743.379, 105
Trd, 2590743.413, 107
Trd, 2590744.396, 124
Trd, 2590744.613, 109
Trd, 2590745.563, 114
Trd, 2590746.946, 109
Trd, 2590747.463, 118
Trd, 2590748.296, 103
Trd, 2590749.996, 103
Trd, 2590751.163, 97
Trd, 2590753.596, 98
Trd, 2590753.846, 98
Trd, 2590754.446, 128
Trd, 2590754.529, 121
Trd, 2590754.746, 101
Trd, 2590754.829, 93
Trd, 2590754.913, 128
Trd, 2590755.779, 93
Trd, 2590756.379, 114
Trd, 2590756.563, 92
Trd, 2590757.663, 105
Trd, 2590758.246, 92
Trd, 2590758.879, 106
Trd, 2590760.763, 103
Trd, 2590761.146, 108
Trd, 2590762.063, 113
Trd, 2590762.513, 114
Trd, 2590762.646, 123
Trd, 2590763.179, 106
Trd, 2590764.379, 108
Trd, 2590764.663, 100
Trd, 2590765.579, 100
Trd, 2590767.129, 101
Trd, 2590767.729, 102
Trd, 2590767.763, 117
Trd, 2590768.996, 87
Trd, 2590770.713, 100
Trd, 2590771.313, 122
Trd, 2590771.563, 126
Trd, 2590771.979, 109
Trd, 2590772.646, 115
Trd, 2590772.779, 107
Trd, 2590774.279, 115
Trd, 2590776.846, 110
Trd, 2590776.963, 104
Trd, 2590777.129, 118
Trd, 2590777.313, 109
Trd, 2590777.529, 109
Trd, 2590778.663, 102
Trd, 2590779.513, 100
Trd, 2590779.546, 93
Trd, 2590780.079, 90
Trd, 2590781.013, 83
Trd, 2590783.013, 111
Trd, 2590783.679, 101
Trd, 2590783.763, 112
Trd, 2590784.863, 111
Trd, 2590786.713, 110
Trd, 2590786.946, 102
Trd, 2590787.046, 97
Trd, 2590787.379, 112
Trd, 2590788.879, 90
Trd, 2590789.579, 89
Trd, 2590789.596, 92
Trd, 2590789.779, 99
Trd, 2590791.013, 102
Trd, 2590791.963, 103
Trd, 2590792.263, 101
Trd, 2590792.796, 101
Trd, 2590793.779, 125
Trd, 2590794.279, 124
Trd, 2590794.829, 106
Trd, 2590796.029, 123
Trd, 2590796.963, 111
Trd, 2590797.596, 112
Trd, 2590798.046, 104
Trd, 2590798.246, 102
Trd, 2590799.463, 102
Trd, 2590800.129, 93
Trd, 2590800.563, 115
Trd, 2590800.729, 85
Trd, 2590801.096, 99
Trd, 2590803.913, 99
Trd, 2590804.046, 100
Trd, 2590804.579, 105
Trd, 2590805.096, 122
Trd, 2590805.163, 104
Trd, 2590805.963, 98
Trd, 2590806.446, 101
Trd, 2590808.929, 102
Trd, 2590809.163, 106
Trd, 2590809.279, 106
Trd, 2590809.979, 88
Trd, 2590810.079, 123
Trd, 2590810.813, 96
Trd, 2590813.163, 102
Trd, 2590814.063, 118
Trd, 2590814.529, 104
Trd, 2590814.713, 110
Trd, 2590815.063, 93
Trd, 2590815.579, 92
Trd, 2590816.163, 106
Trd, 2590817.096, 91
Trd, 2590817.363, 112
Trd, 2590817.696, 127
Trd, 2590818.379, 112
Trd, 2590819.013, 90
Trd, 2590819.729, 83
Trd, 2590820.429, 109
Trd, 2590821.946, 95
Trd, 2590823.396, 102
Trd, 2590824.046, 123
Trd, 2590824.246, 131
Trd, 2590824.846, 113
Trd, 2590825.263, 94
Trd, 2590825.613, 83
Trd, 2590825.829, 78
Trd, 2590825.946, 82
Trd, 2590828.929, 105
Trd, 2590830.996, 106
Trd, 2590831.329, 112
Trd, 2590832.279, 104
Trd, 2590832.729, 113
Trd, 2590833.396, 104
Trd, 2590834.146, 119
Trd, 2590835.663, 105
Trd, 2590836.629, 115
Trd, 2590837.229, 106
Trd, 2590838.046, 108
Trd, 2590838.113, 104
Trd, 2590838.279, 117
Trd, 2590838.363, 110
Trd, 2590839.763, 118
Trd, 2590839.779, 123
Trd, 2590839.879, 110
Trd, 2590839.913, 97
Trd, 2590840.163, 93
Trd, 2590841.463, 107
Trd, 2590842.463, 100
Trd, 2590844.063, 111
Trd, 2590844.146, 125
Trd, 2590844.329, 125
Trd, 2590844.346, 95
Trd, 2590845.396, 102
Trd, 2590846.163, 97
Trd, 2590847.213, 91
Trd, 2590849.763, 91
Trd, 2590850.179, 106
Trd, 2590851.096, 107
Trd, 2590851.129, 100
Trd, 2590851.829, 116
Trd, 2590851.929, 114
Trd, 2590853.263, 104
Trd, 2590854.679, 104
Trd, 2590855.163, 99
Trd, 2590855.863, 92
Trd, 2590856.163, 88
Trd, 2590857.579, 99
Trd, 2590858.646, 90
Trd, 2590858.829, 90
Trd, 2590858.946, 86
Trd, 2590859.446, 103
Trd, 2590861.029, 103
Trd, 2590861.163, 102
Trd, 2590862.696, 114
Trd, 2590862.913, 117
Trd, 2590864.196, 119
Trd, 2590864.379, 122
Trd, 2590864.829, 117
Trd, 2590866.213, 106
Trd, 2590868.346, 105
Trd, 2590868.896, 115
Trd, 2590869.863, 101
Trd, 2590870.096, 108
Trd, 2590870.763, 99
Trd, 2590872.346, 99
Trd, 2590872.463, 97
Trd, 2590873.596, 102
Trd, 2590873.946, 94
Trd, 2590873.996, 107
Trd, 2590874.346, 119
Trd, 2590874.429, 92
Trd, 2590875.463, 106
Trd, 2590875.879, 109
Trd, 2590876.163, 125
Trd, 2590877.863, 105
Trd, 2590878.596, 111
Trd, 2590879.529, 99
Trd, 2590879.729, 97
Trd, 2590879.779, 97
Trd, 2590880.946, 99
Trd, 2590881.946, 92
Trd, 2590881.963, 91
Trd, 2590882.229, 88
Trd, 2590882.396, 107
Trd, 2590884.546, 112
Trd, 2590884.579, 98
Trd, 2590885.146, 99
Trd, 2590885.713, 90
Trd, 2590886.079, 89
Trd, 2590886.663, 89
Trd, 2590886.796, 107
Trd, 2590887.663, 104
Trd, 2590887.763, 127
Trd, 2590889.979, 90
Trd, 2590890.063, 90
Trd, 2590892.513, 98
Trd, 2590892.996, 102
Trd, 2590894.679, 94
Trd, 2590895.229, 93
Trd, 2590895.563, 104
Trd, 2590898.529, 95
Trd, 2590899.963, 98
Trd, 2590900.146, 101
Trd, 2590900.696, 91
Trd, 2590900.879, 103
Trd, 2590901.679, 95
Trd, 2590903.713, 109
Trd, 2590903.846, 108
Trd, 2590904.263, 122
Trd, 2590905.446, 103
Trd, 2590905.696, 93
Trd, 2590907.196, 112
Trd, 2590907.396, 97
Trd, 2590907.763, 122
Trd, 2590909.846, 104
Trd, 2590910.196, 107
Trd, 2590910.846, 98
Trd, 2590911.096, 91
Trd, 2590911.396, 91
Trd, 2590911.913, 102
Trd, 2590912.729, 113
Trd, 2590914.129, 106
Trd, 2590914.329, 120
Trd, 2590915.096, 102
Trd, 2590915.296, 107
Trd, 2590915.379, 114
Trd, 2590917.463, 100
Trd, 2590917.479, 103
Trd, 2590917.946, 100
Trd, 2590918.713, 100
Trd, 2590919.896, 93
Trd, 2590921.596, 107
Trd, 2590922.463, 95
Trd, 2590923.113, 101
Trd, 2590923.529, 101
Trd, 2590923.546, 91
Trd, 2590923.913, 90
Trd, 2590925.129, 95
Trd, 2590925.163, 84
Trd, 2590925.279, 108
Trd, 2590925.879, 88
Trd, 2590927.379, 98
Trd, 2590927.596, 99
Trd, 2590929.663, 120
Trd, 2590930.629, 113
Trd, 2590930.963, 127
Trd, 2590931.596, 113
Trd, 2590931.679, 132
Trd, 2590932.113, 95
Trd, 2590933.646, 103
Trd, 2590934.746, 112
Trd, 2590935.396, 109
Trd, 2590938.113, 104
Trd, 2590938.729, 97
Trd, 2590939.279, 105
Trd, 2590939.379, 117
Trd, 2590939.596, 91
Trd, 2590939.846, 87
Trd, 2590940.229, 89
Trd, 2590940.329, 116
Trd, 2590941.113, 103
Trd, 2590941.229, 104
Trd, 2590941.663, 97
Trd, 2590941.863, 109
Trd, 2590942.563, 118
Trd, 2590943.746, 122
Trd, 2590944.613, 95
Trd, 2590944.913, 92
Trd, 2590944.979, 91
Trd, 2590946.429, 123
Trd, 2590947.613, 105
Trd, 2590947.963, 95
Trd, 2590948.196, 99
Trd, 2590948.596, 98
Trd, 2590950.079, 101
Trd, 2590950.546, 101
Trd, 2590950.879, 101
Trd, 2590951.663, 99
Trd, 2590951.796, 104
Trd, 2590952.379, 101
Trd, 2590953.946, 108
Trd, 2590954.379, 91
Trd, 2590955.496, 101
Trd, 2590955.896, 103
Trd, 2590956.479, 98
Trd, 2590957.196, 103
Trd, 2590957.863, 100
Trd, 2590958.913, 109
Trd, 2590958.996, 101
Trd, 2590959.413, 114
Trd, 2590960.613, 116
Trd, 2590960.979, 90
Trd, 2590962.196, 101
Trd, 2590962.229, 89
Trd, 2590962.846, 85
Trd, 2590964.179, 105
Trd, 2590965.496, 97
Trd, 2590965.946, 89
Trd, 2590966.229, 102
Trd, 2590966.946, 104
Trd, 2590967.046, 83
Trd, 2590967.596, 103
Trd, 2590967.763, 92
Trd, 2590968.996, 101
Trd, 2590969.179, 111
Trd, 2590970.829, 93
Trd, 2590971.363, 124
Trd, 2590971.946, 115
Trd, 2590972.479, 117
Trd, 2590973.996, 102
Trd, 2590974.379, 103
Trd, 2590974.546, 100
Trd, 2590974.613, 111
Trd, 2590974.846, 109
Trd, 2590975.729, 104
Trd, 2590977.413, 93
Trd, 2590979.329, 99
Trd, 2590979.763, 109
Trd, 2590980.079, 107
Trd, 2590980.163, 115
Trd, 2590980.246, 98
Trd, 2590980.363, 109
Trd, 2590981.279, 126
Trd, 2590981.296, 127
Trd, 2590981.496, 101
Trd, 2590983.946, 98
Trd, 2590984.929, 96
Trd, 2590985.196, 108
Trd, 2590985.329, 93
Trd, 2590986.263, 91
Trd, 2590986.413, 91
Trd, 2590988.829, 101
Trd, 2590989.863, 99
Trd, 2590991.196, 100
Trd, 2590991.346, 108
Trd, 2590991.996, 108
Trd, 2590992.196, 116
Trd, 2590992.629, 98
Trd, 2590994.363, 101
Trd, 2590994.996, 106
Trd, 2590995.763, 101
Trd, 2590995.979, 122
Trd, 2590997.396, 106
Trd, 2590997.763, 91
Trd, 2590998.629, 101
Trd, 2590998.729, 122
Trd, 2590998.879, 108
Trd, 2591000.346, 104
Trd, 2591000.813, 93
Trd, 2591001.329, 112
Trd, 2591001.529, 110
Trd, 2591003.696, 113
Trd, 2591004.179, 107
Trd, 2591005.163, 98
Trd, 2591005.446, 96
Trd, 2591006.729, 108
Trd, 2591007.646, 100
Trd, 2591008.946, 101
Trd, 2591009.713, 100
Trd, 2591009.963, 87
Trd, 2591010.979, 105
Trd, 2591011.679, 104
Trd, 2591011.863, 122
Trd, 2591012.096, 125
Trd, 2591012.229, 120
Trd, 2591013.229, 126
Trd, 2591013.979, 119
Trd, 2591014.229, 94
Trd, 2591014.729, 100
Trd, 2591015.046, 110
Trd, 2591016.129, 119
Trd, 2591016.513, 96
Trd, 2591018.913, 120
Trd, 2591019.413, 101
Trd, 2591019.679, 93
Trd, 2591020.446, 93
Trd, 2591020.629, 104
Trd, 2591021.429, 93
Trd, 2591022.363, 105
Trd, 2591022.913, 111
Trd, 2591025.496, 102
Trd, 2591026.963, 107
Trd, 2591027.646, 105
Trd, 2591028.579, 104
Trd, 2591029.063, 122
Trd, 2591029.246, 102
Trd, 2591029.329, 100
Trd, 2591029.929, 96
Trd, 2591030.646, 94
Trd, 2591030.729, 104
Trd, 2591031.629, 104
Trd, 2591033.479, 93
Trd, 2591033.896, 91
Trd, 2591034.263, 122
Trd, 2591034.546, 120
Trd, 2591035.446, 118
Trd, 2591036.046, 111
Trd, 2591038.096, 115
Trd, 2591038.263, 117
Trd, 2591038.429, 120
Trd, 2591041.263, 104
Trd, 2591041.463, 96
Trd, 2591041.546, 107
Trd, 2591042.363, 93
Trd, 2591042.546, 93
Trd, 2591042.563, 92
Trd, 2591042.879, 91
Trd, 2591045.246, 94
Trd, 2591046.746, 99
Trd, 2591047.179, 104
Trd, 2591047.679, 97
Trd, 2591047.713, 106
Trd, 2591047.779, 116
Trd, 2591047.796, 97
Trd, 2591049.746, 104
Trd, 2591050.746, 105
Trd, 2591053.429, 122
Trd, 2591053.946, 127
Trd, 2591054.079, 104
Trd, 2591054.629, 118
Trd, 2591055.646, 108
Trd, 2591056.946, 98
Trd, 2591057.746, 99
Trd, 2591057.763, 96
Trd, 2591058.779, 92
Trd, 2591058.796, 101
Trd, 2591059.413, 92
Trd, 2591061.313, 117
Trd, 2591061.546, 94
Trd, 2591061.713, 112
Trd, 2591061.913, 98
Trd, 2591062.029, 122
Trd, 2591064.613, 93
Trd, 2591064.829, 88
Trd, 2591065.113, 103
Trd, 2591066.029, 123
Trd, 2591066.413, 120
Trd, 2591068.163, 123
Trd, 2591070.563, 92
Trd, 2591070.879, 91
Trd, 2591071.263, 101
Trd, 2591071.446, 102
Trd, 2591071.963, 88
Trd, 2591072.529, 110
Trd, 2591072.963, 94
Trd, 2591073.279, 105
Trd, 2591074.046, 93
Trd, 2591074.296, 88
Trd, 2591075.113, 106
Trd, 2591075.229, 121
Trd, 2591075.929, 99
Trd, 2591076.646, 98
Trd, 2591076.813, 101
Trd, 2591077.079, 98
Trd, 2591078.263, 90
Trd, 2591079.863, 91
Trd, 2591080.746, 91
Trd, 2591081.213, 94
Trd, 2591082.363, 86
Trd, 2591083.713, 97
Trd, 2591083.863, 93
Trd, 2591084.496, 124
Trd, 2591086.263, 103
Trd, 2591087.979, 123
Trd, 2591088.529, 116
Trd, 2591089.563, 115
Trd, 2591089.696, 107
Trd, 2591090.129, 104
Trd, 2591090.829, 103
Trd, 2591090.846, 122
Trd, 2591093.396, 101
Trd, 2591093.446, 105
Trd, 2591094.196, 106
Trd, 2591094.746, 103
Trd, 2591095.079, 111
Trd, 2591095.613, 105
Trd, 2591096.496, 117
Trd, 2591097.279, 107
Trd, 2591098.529, 97
Trd, 2591098.863, 109
Trd, 2591099.346, 126
Trd, 2591099.913, 99
Trd, 2591101.629, 93
Trd, 2591101.879, 121
Trd, 2591102.063, 90
Trd, 2591103.246, 87
Trd, 2591103.829, 93
Trd, 2591105.013, 99
Trd, 2591105.196, 83
Trd, 2591106.296, 115
Trd, 2591106.363, 116
Trd, 2591107.713, 108
Trd, 2591107.896, 123
Trd, 2591109.313, 104
Trd, 2591109.896, 108
Trd, 2591110.879, 122
Trd, 2591110.913, 112
Trd, 2591112.113, 114
Trd, 2591112.913, 112
Trd, 2591113.129, 123
Trd, 2591114.679, 102
Trd, 2591116.196, 104
Trd, 2591116.629, 108
Trd, 2591117.396, 100
Trd, 2591117.479, 100
Trd, 2591118.029, 112
Trd, 2591119.163, 105
Trd, 2591119.446, 119
Trd, 2591119.779, 90
Trd, 2591120.163, 118
Trd, 2591120.746, 89
Trd, 2591122.579, 96
Trd, 2591122.646, 120
Trd, 2591122.746, 101
Trd, 2591123.346, 106
Trd, 2591125.179, 105
Trd, 2591125.329, 104
Trd, 2591128.529, 118
Trd, 2591128.896, 110
Trd, 2591129.496, 104
Trd, 2591129.513, 109
Trd, 2591130.463, 112
Trd, 2591130.696, 103
Trd, 2591131.179, 93
Trd, 2591131.846, 100
Trd, 2591131.929, 90
Trd, 2591133.629, 107
Trd, 2591135.363, 99
Trd, 2591135.846, 94
Trd, 2591136.229, 122
Trd, 2591137.263, 118
Trd, 2591137.496, 120
Trd, 2591137.513, 100
Trd, 2591138.429, 94
Trd, 2591138.946, 101
Trd, 2591139.046, 89
Trd, 2591140.563, 100
Trd, 2591140.813, 85
Trd, 2591141.563, 93
Trd, 2591142.479, 102
Trd, 2591143.413, 99
Trd, 2591145.379, 93
Trd, 2591146.846, 91
Trd, 2591147.296, 99
Trd, 2591148.363, 113
Trd, 2591149.046, 91
Trd, 2591149.213, 111
Trd, 2591149.996, 108
Trd, 2591150.379, 122
Trd, 2591150.496, 119
Trd, 2591151.046, 104
Trd, 2591151.713, 111
Trd, 2591154.313, 115
Trd, 2591154.629, 104
Trd, 2591155.046, 96
Trd, 2591155.329, 89
Trd, 2591156.679, 108
Trd, 2591157.096, 105
Trd, 2591158.846, 104
Trd, 2591159.046, 106
Trd, 2591159.079, 98
Trd, 2591159.829, 105
Trd, 2591161.379, 99
Trd, 2591162.313, 111
Trd, 2591164.529, 93
Trd, 2591164.646, 90
Trd, 2591165.579, 105
Trd, 2591167.613, 100
Trd, 2591168.096, 100
Trd, 2591168.513, 104
Trd, 2591169.279, 117
Trd, 2591169.796, 102
Trd, 2591169.829, 112
Trd, 2591170.279, 101
Trd, 2591171.146, 97
Trd, 2591171.479, 95
Trd, 2591175.363, 123
Trd, 2591176.179, 116
Trd, 2591176.313, 111
Trd, 2591176.863, 113
Trd, 2591176.979, 107
Trd, 2591179.329, 109
Trd, 2591179.546, 100
Trd, 2591179.913, 101
Trd, 2591180.063, 100
Trd, 2591180.263, 107
Trd, 2591183.513, 98
Trd, 2591183.546, 108
Trd, 2591183.563, 93
Trd, 2591183.779, 103
Trd, 2591184.846, 93
Trd, 2591186.229, 100
Trd, 2591186.513, 101
Trd, 2591187.829, 104
Trd, 2591189.146, 100
Trd, 2591189.313, 116
Trd, 2591189.479, 102
Trd, 2591190.096, 101
Trd, 2591190.429, 89
Trd, 2591191.629, 95
Trd, 2591192.379, 107
Trd, 2591192.763, 100
Trd, 2591194.046, 87
Trd, 2591195.713, 94
Trd, 2591195.746, 98
Trd, 2591196.163, 103
Trd, 2591197.196, 87
Trd, 2591197.396, 95
Trd, 2591197.529, 98
Trd, 2591198.446, 117
Trd, 2591198.596, 98
Trd, 2591199.046, 115
Trd, 2591199.663, 92
Trd, 2591201.896, 124
Trd, 2591202.796, 93
Trd, 2591203.563, 93
Trd, 2591203.796, 99
Trd, 2591206.996, 107
Trd, 2591207.596, 127
Trd, 2591207.979, 112
Trd, 2591208.063, 119
Trd, 2591208.729, 111
Trd, 2591209.346, 127
Trd, 2591209.996, 104
Trd, 2591210.579, 99
Trd, 2591211.713, 101
Trd, 2591211.729, 87
Trd, 2591212.163, 109
Trd, 2591213.196, 83
Trd, 2591213.446, 105
Trd, 2591214.079, 95
Trd, 2591214.529, 109
Trd, 2591216.129, 102
Trd, 2591216.229, 114
Trd, 2591217.296, 100
Trd, 2591217.446, 96
Trd, 2591217.929, 98
Trd, 2591218.346, 118
Trd, 2591221.063, 111
Trd, 2591222.013, 106
Trd, 2591222.246, 105
Trd, 2591223.279, 105
Trd, 2591223.946, 100
Trd, 2591226.546, 114
Trd, 2591226.779, 106
Trd, 2591227.163, 104
Trd, 2591228.313, 93
Trd, 2591228.346, 92
Trd, 2591228.579, 101
Trd, 2591229.529, 105
Trd, 2591230.446, 106
Trd, 2591231.463, 107
Trd, 2591232.179, 107
Trd, 2591232.196, 115
Trd, 2591232.679, 121
Trd, 2591233.213, 112
Trd, 2591233.329, 123
Trd, 2591235.296, 106
Trd, 2591235.579, 110
Trd, 2591236.013, 115
Trd, 2591237.213, 105
Trd, 2591237.363, 101
Trd, 2591237.396, 110
Trd, 2591238.879, 109
Trd, 2591239.296, 102
Trd, 2591239.629, 91
Trd, 2591241.029, 91
Trd, 2591242.546, 111
Trd, 2591242.596, 91
Trd, 2591243.013, 102
Trd, 2591244.979, 94
Trd, 2591245.329, 87
Trd, 2591245.529, 92
Trd, 2591245.996, 91
Trd, 2591247.146, 108
Trd, 2591247.746, 90
Trd, 2591248.679, 107
Trd, 2591249.479, 99
Trd, 2591250.546, 106
Trd, 2591251.696, 104
Trd, 2591252.313, 89
Trd, 2591253.079, 104
Trd, 2591253.779, 107
Trd, 2591254.579, 113
Trd, 2591256.046, 126
Trd, 2591256.163, 128
Trd, 2591256.313, 119
Trd, 2591256.729, 97
Trd, 2591257.929, 98
Trd, 2591259.613, 118
Trd, 2591260.513, 122
Trd, 2591260.629, 112
Trd, 2591260.979, 102
Trd, 2591261.463, 98
Trd, 2591261.779, 97
Trd, 2591262.213, 92
Trd, 2591263.513, 103
Trd, 2591263.579, 124
Trd, 2591265.429, 120
Trd, 2591265.596, 122
Trd, 2591266.629, 99
Trd, 2591266.963, 112
Trd, 2591267.313, 102
Trd, 2591267.679, 115
Trd, 2591268.746, 125
Trd, 2591269.196, 104
Trd, 2591269.579, 93
Trd, 2591270.329, 88
Trd, 2591270.363, 99
Trd, 2591270.496, 113
Trd, 2591271.946, 113
Trd, 2591272.396, 105
Trd, 2591273.813, 115
Trd, 2591274.113, 119
Trd, 2591275.546, 100
Trd, 2591276.096, 99
Trd, 2591276.296, 103
Trd, 2591278.163, 96
Trd, 2591278.813, 89
Trd, 2591279.629, 97
Trd, 2591280.046, 88
Trd, 2591280.746, 83
Trd, 2591281.079, 95
Trd, 2591281.329, 106
Trd, 2591281.863, 115
Trd, 2591282.113, 113
Trd, 2591282.329, 123
Trd, 2591282.563, 100
Trd, 2591283.263, 77
Trd, 2591284.279, 78
Trd, 2591284.446, 96
Trd, 2591284.629, 125
Trd, 2591285.146, 128
Trd, 2591287.129, 98
Trd, 2591290.163, 98
Trd, 2591290.296, 92
Trd, 2591290.829, 103
Trd, 2591291.529, 104
Trd, 2591292.029, 99
Trd, 2591292.213, 95
Trd, 2591293.646, 107
Trd, 2591294.513, 102
Trd, 2591295.129, 93
Trd, 2591296.096, 107
Trd, 2591297.729, 113
Trd, 2591298.663, 99
Trd, 2591299.846, 102
Trd, 2591300.063, 105
Trd, 2591300.329, 108
Trd, 2591300.529, 114
Trd, 2591301.313, 101
Trd, 2591301.913, 101
Trd, 2591302.063, 93
Trd, 2591302.079, 92
Trd, 2591302.346, 118
Trd, 2591304.196, 105
Trd, 2591304.629, 106
Trd, 2591307.013, 123
Trd, 2591307.196, 104
Trd, 2591308.429, 91
Trd, 2591309.596, 86
Trd, 2591309.946, 94
Trd, 2591310.863, 92
Trd, 2591310.979, 99
Trd, 2591310.996, 86
Trd, 2591311.429, 98
Trd, 2591311.546, 114
Trd, 2591312.163, 116
Trd, 2591312.546, 92
Trd, 2591313.729, 125
Trd, 2591313.829, 128
Trd, 2591314.263, 103
Trd, 2591314.429, 100
Trd, 2591315.479, 98
Trd, 2591316.896, 99
Trd, 2591317.479, 112
Trd, 2591317.563, 111
Trd, 2591317.996, 94
Trd, 2591318.846, 92
Trd, 2591319.529, 120
Trd, 2591320.229, 108
Trd, 2591321.779, 115
Trd, 2591321.929, 121
Trd, 2591322.863, 106
Trd, 2591323.163, 94
Trd, 2591324.179, 109
Trd, 2591325.146, 94
Trd, 2591325.213, 91
Trd, 2591326.379, 111
Trd, 2591326.446, 93
Trd, 2591327.679, 98
Trd, 2591329.929, 83
Trd, 2591330.263, 121
Trd, 2591330.863, 122
Trd, 2591331.579, 118
Trd, 2591331.863, 125
Trd, 2591332.013, 94
Trd, 2591332.363, 93
Trd, 2591335.313, 107
Trd, 2591335.713, 114
Trd, 2591335.863, 99
Trd, 2591336.596, 110
Trd, 2591337.296, 112
Trd, 2591338.779, 118
Trd, 2591339.646, 121
Trd, 2591340.429, 124
Trd, 2591341.596, 104
Trd, 2591342.096, 103
Trd, 2591343.546, 109
Trd, 2591343.913, 100
Trd, 2591345.063, 115
Trd, 2591346.996, 112
Trd, 2591347.079, 110
Trd, 2591347.096, 119
Trd, 2591347.179, 122
Trd, 2591347.379, 110
Trd, 2591348.296, 100
Trd, 2591348.579, 100
Trd, 2591348.679, 125
Trd, 2591348.796, 97
Trd, 2591350.246, 114
Trd, 2591351.279, 121
Trd, 2591352.229, 105
Trd, 2591352.279, 103
Trd, 2591352.679, 108
Trd, 2591352.763, 115
Trd, 2591353.529, 105
Trd, 2591354.779, 110
Trd, 2591354.863, 117
Trd, 2591356.596, 105
Trd, 2591357.379, 104
Trd, 2591357.529, 93
Trd, 2591357.913, 111
Trd, 2591358.113, 98
Trd, 2591358.663, 110
Trd, 2591358.896, 116
Trd, 2591360.079, 128
Trd, 2591360.296, 124
Trd, 2591360.796, 97
Trd, 2591362.079, 93
Trd, 2591362.679, 92
Trd, 2591363.129, 103
Trd, 2591363.163, 92
Trd, 2591363.196, 109
Trd, 2591365.113, 116
Trd, 2591365.879, 112
Trd, 2591367.829, 95
Trd, 2591368.713, 111
Trd, 2591369.413, 94
Trd, 2591371.046, 98
Trd, 2591371.229, 92
Trd, 2591371.496, 103
Trd, 2591371.863, 91
Trd, 2591371.996, 91
Trd, 2591373.246, 118
Trd, 2591373.763, 104
Trd, 2591374.563, 108
Trd, 2591374.596, 95
Trd, 2591375.863, 102
Trd, 2591376.879, 100
Trd, 2591376.963, 99
Trd, 2591378.913, 115
Trd, 2591380.079, 110
Trd, 2591380.213, 100
Trd, 2591380.279, 120
Trd, 2591381.363, 104
Trd, 2591381.429, 93
Trd, 2591382.013, 85
Trd, 2591382.063, 85
Trd, 2591382.329, 83
Trd, 2591382.413, 85
Trd, 2591382.429, 120
Trd, 2591382.946, 131
Trd, 2591383.696, 127
Trd, 2591384.129, 93
Trd, 2591384.496, 129
Trd, 2591385.446, 105
Trd, 2591388.063, 122
Trd, 2591388.279, 109
Trd, 2591389.913, 113
Trd, 2591390.213, 104
Trd, 2591391.313, 106
Trd, 2591391.463, 89
Trd, 2591391.879, 100
Trd, 2591392.246, 93
Trd, 2591393.146, 113
Trd, 2591393.229, 112
Trd, 2591394.046, 98
Trd, 2591394.846, 89
Trd, 2591395.196, 91
Trd, 2591395.696, 122
Trd, 2591395.829, 128
Trd, 2591396.463, 91
Trd, 2591396.713, 106
Trd, 2591396.746, 89
Trd, 2591397.696, 96
Trd, 2591399.296, 107
Trd, 2591400.463, 101
Trd, 2591401.646, 102
Trd, 2591401.679, 100
Trd, 2591402.563, 99
Trd, 2591402.929, 93
Trd, 2591403.846, 93
Trd, 2591405.129, 96
Trd, 2591406.646, 112
Trd, 2591408.479, 96
Trd, 2591409.029, 98
Trd, 2591409.279, 101
Trd, 2591410.546, 101
Trd, 2591410.713, 93
Trd, 2591411.329, 122
Trd, 2591411.913, 99
Trd, 2591412.013, 101
Trd, 2591412.079, 87
Trd, 2591413.613, 105
Trd, 2591413.829, 106
Trd, 2591413.996, 111
Trd, 2591414.346, 92
Trd, 2591415.713, 119
Trd, 2591417.679, 104
Trd, 2591417.696, 115
Trd, 2591417.879, 110
Trd, 2591418.729, 104
Trd, 2591419.729, 98
Trd, 2591420.229, 93
Trd, 2591420.279, 109
Trd, 2591421.779, 118
Trd, 2591422.229, 112
Trd, 2591422.363, 96
Trd, 2591423.096, 100
Trd, 2591423.579, 123
Trd, 2591425.879, 94
Trd, 2591426.013, 97
Trd, 2591426.946, 98
Trd, 2591428.196, 105
Trd, 2591428.579, 99
Trd, 2591428.729, 108
Trd, 2591429.829, 106
Trd, 2591430.563, 112
Trd, 2591430.729, 101
Trd, 2591431.746, 107
Trd, 2591431.913, 94
Trd, 2591433.129, 91
Trd, 2591434.146, 110
Trd, 2591434.313, 107
Trd, 2591434.529, 91
Trd, 2591435.529, 89
Trd, 2591436.029, 109
Trd, 2591437.463, 88
Trd, 2591437.913, 100
Trd, 2591440.213, 86
Trd, 2591441.513, 103
Trd, 2591441.546, 108
Trd, 2591441.679, 118
Trd, 2591441.796, 119
Trd, 2591442.013, 126
Trd, 2591442.046, 99
Trd, 2591442.529, 122
Trd, 2591443.479, 114
Trd, 2591443.846, 106
Trd, 2591444.679, 114
Trd, 2591447.346, 104
Trd, 2591447.513, 106
Trd, 2591447.696, 108
Trd, 2591448.229, 90
Trd, 2591449.913, 98
Trd, 2591450.113, 100
Trd, 2591450.796, 105
Trd, 2591451.513, 104
Trd, 2591452.613, 123
Trd, 2591452.679, 103
Trd, 2591452.896, 103
Trd, 2591453.463, 115
Trd, 2591454.846, 99
Trd, 2591455.313, 125
Trd, 2591456.213, 112
Trd, 2591457.596, 109
Trd, 2591458.546, 104
Trd, 2591458.679, 106
Trd, 2591460.046, 101
Trd, 2591460.329, 100
Trd, 2591461.246, 123
Trd, 2591461.279, 96
Trd, 2591461.846, 91
Trd, 2591462.829, 91
Trd, 2591463.363, 96
Trd, 2591464.329, 109
Trd, 2591464.646, 97
Trd, 2591464.746, 119
Trd, 2591464.796, 88
Trd, 2591464.913, 83
Trd, 2591465.429, 102
Trd, 2591465.496, 89
Trd, 2591466.529, 103
Trd, 2591466.613, 92
Trd, 2591466.796, 117
Trd, 2591466.879, 85
Trd, 2591468.846, 125
Trd, 2591469.513, 116
Trd, 2591470.963, 104
Trd, 2591471.379, 108
Trd, 2591473.596, 125
Trd, 2591474.263, 95
Trd, 2591475.579, 125
Trd, 2591476.113, 111
Trd, 2591476.779, 108
Trd, 2591479.446, 107
Trd, 2591479.629, 112
Trd, 2591479.979, 107
Trd, 2591479.996, 106
Trd, 2591481.363, 101
Trd, 2591481.746, 100
Trd, 2591482.046, 91
Trd, 2591482.196, 87
Trd, 2591483.613, 106
Trd, 2591486.263, 100
Trd, 2591487.279, 100
Trd, 2591488.279, 93
Trd, 2591489.513, 94
Trd, 2591489.596, 114
Trd, 2591490.529, 114
Trd, 2591491.563, 101
Trd, 2591491.579, 91
Trd, 2591492.146, 95
Trd, 2591493.029, 105
Trd, 2591493.196, 107
Trd, 2591494.279, 121
Trd, 2591494.679, 107
Trd, 2591495.763, 106
Trd, 2591496.363, 112
Trd, 2591496.479, 95
Trd, 2591497.863, 116
Trd, 2591498.696, 105
Trd, 2591498.746, 105
Trd, 2591498.813, 91
Trd, 2591500.813, 99
Trd, 2591501.446, 120
Trd, 2591501.496, 110
Trd, 2591502.146, 117
Trd, 2591502.629, 110
Trd, 2591503.863, 120
Trd, 2591505.713, 101
Trd, 2591506.063, 92
Trd, 2591507.829, 98
Trd, 2591508.079, 91
Trd, 2591509.679, 82
Trd, 2591509.946, 85
Trd, 2591510.396, 86
Trd, 2591511.546, 98
Trd, 2591512.213, 118
Trd, 2591512.763, 99
Trd, 2591513.579, 98
Trd, 2591514.279, 95
Trd, 2591514.463, 106
Trd, 2591515.179, 108
Trd, 2591515.996, 102
Trd, 2591517.446, 115
Trd, 2591517.796, 102
Trd, 2591517.929, 102
Trd, 2591518.963, 112
Trd, 2591519.463, 120
Trd, 2591519.796, 109
Trd, 2591521.163, 109
Trd, 2591522.063, 104
Trd, 2591522.363, 100
Trd, 2591522.463, 119
Trd, 2591522.763, 90
Trd, 2591523.446, 94
Trd, 2591523.579, 90
Trd, 2591524.029, 94
Trd, 2591524.613, 90
Trd, 2591524.779, 86
Trd, 2591525.396, 101
Trd, 2591526.596, 107
Trd, 2591527.129, 92
Trd, 2591527.429, 101
Trd, 2591528.113, 112
Trd, 2591529.446, 123
Trd, 2591530.263, 128
Trd, 2591530.546, 108
Trd, 2591532.579, 104
Trd, 2591532.996, 94
Trd, 2591534.146, 102
Trd, 2591534.763, 95
Trd, 2591534.829, 107
Trd, 2591534.879, 112
Trd, 2591535.146, 95
Trd, 2591535.463, 110
Trd, 2591536.579, 103
Trd, 2591538.763, 106
Trd, 2591539.846, 99
Trd, 2591541.563, 96
Trd, 2591541.629, 91
Trd, 2591541.863, 99
Trd, 2591542.263, 98
Trd, 2591543.063, 104
Trd, 2591543.296, 124
Trd, 2591544.379, 100
Trd, 2591545.696, 105
Trd, 2591546.213, 100
Trd, 2591547.679, 108
Trd, 2591548.063, 91
Trd, 2591548.229, 89
Trd, 2591548.629, 98
Trd, 2591548.663, 86
Trd, 2591549.763, 108
Trd, 2591552.413, 101
Trd, 2591553.129, 99
Trd, 2591553.863, 102
Trd, 2591553.929, 111
Trd, 2591555.179, 103
Trd, 2591555.313, 99
Trd, 2591555.796, 92
Trd, 2591557.546, 106
Trd, 2591557.563, 117
Trd, 2591557.979, 114
Trd, 2591559.929, 104
Trd, 2591562.413, 112
Trd, 2591563.296, 115
Trd, 2591563.363, 113
Trd, 2591563.679, 104
Trd, 2591563.946, 105
Trd, 2591563.996, 122
Trd, 2591564.179, 99
Trd, 2591564.429, 111
Trd, 2591566.446, 101
Trd, 2591566.513, 115
Trd, 2591569.029, 107
Trd, 2591571.263, 105
Trd, 2591571.513, 104
Trd, 2591571.679, 98
Trd, 2591572.279, 106
Trd, 2591572.963, 90
Trd, 2591573.179, 96
Trd, 2591573.346, 107
Trd, 2591574.213, 110
Trd, 2591574.396, 100
Trd, 2591575.229, 113
Trd, 2591575.496, 116
Trd, 2591576.896, 114
Trd, 2591576.996, 101
Trd, 2591578.813, 94
Trd, 2591580.346, 103
Trd, 2591580.363, 100
Trd, 2591580.679, 115
Trd, 2591581.646, 100
Trd, 2591582.396, 106
Trd, 2591582.546, 104
Trd, 2591583.046, 123
Trd, 2591584.096, 109
Trd, 2591584.179, 116
Trd, 2591586.296, 108
Trd, 2591587.263, 109
Trd, 2591587.279, 105
Trd, 2591589.496, 104
Trd, 2591589.596, 104
Trd, 2591589.796, 94
Trd, 2591589.996, 91
Trd, 2591591.446, 103
Trd, 2591591.813, 116
Trd, 2591593.079, 98
Trd, 2591593.196, 93
Trd, 2591593.546, 126
Trd, 2591594.913, 106
Trd, 2591596.213, 110
Trd, 2591597.146, 109
Trd, 2591597.513, 116
Trd, 2591597.779, 107
Trd, 2591598.246, 104
Trd, 2591598.596, 100
Trd, 2591599.113, 95
Trd, 2591600.529, 100
Trd, 2591600.546, 98
Trd, 2591601.179, 94
Trd, 2591601.979, 101
Trd, 2591602.579, 114
Trd, 2591604.013, 120
Trd, 2591606.146, 113
Trd, 2591607.029, 109
Trd, 2591607.879, 104
Trd, 2591608.746, 91
Trd, 2591610.279, 113
Trd, 2591610.679, 112
Trd, 2591612.046, 112
Trd, 2591612.313, 111
Trd, 2591612.563, 120
Trd, 2591613.746, 118
Trd, 2591613.879, 101
Trd, 2591613.996, 99
Trd, 2591615.179, 110
Trd, 2591615.896, 108
Trd, 2591618.863, 98
Trd, 2591619.096, 98
Trd, 2591619.296, 112
Trd, 2591619.329, 118
Trd, 2591620.079, 109
Trd, 2591621.063, 105
Trd, 2591621.846, 117
Trd, 2591622.313, 93
Trd, 2591623.079, 122
Trd, 2591623.129, 90
Trd, 2591624.013, 98
Trd, 2591625.013, 111
Trd, 2591626.279, 94
Trd, 2591626.613, 91
Trd, 2591627.546, 83
Trd, 2591629.113, 114
Trd, 2591629.479, 105
Trd, 2591629.713, 97
Trd, 2591630.146, 117
Trd, 2591630.979, 99
Trd, 2591632.163, 126
Trd, 2591632.229, 100
Trd, 2591633.596, 102
Trd, 2591633.763, 109
Trd, 2591635.863, 119
Trd, 2591637.029, 104
Trd, 2591637.229, 111
Trd, 2591637.846, 93
Trd, 2591638.163, 90
Trd, 2591639.079, 110
Trd, 2591639.229, 123
Trd, 2591639.713, 122
Trd, 2591640.013, 89
Trd, 2591640.113, 89
Trd, 2591640.579, 114
Trd, 2591641.029, 134
Trd, 2591641.996, 103
Trd, 2591643.846, 106
Trd, 2591644.013, 102
Trd, 2591644.213, 113
Trd, 2591644.263, 110
Trd, 2591644.363, 115
Trd, 2591645.496, 98
Trd, 2591646.179, 113
Trd, 2591646.929, 92
Trd, 2591647.879, 92
Trd, 2591650.663, 110
Trd, 2591651.129, 105
Trd, 2591651.896, 114
Trd, 2591653.713, 114
Trd, 2591654.079, 104
Trd, 2591655.213, 106
Trd, 2591655.729, 115
Trd, 2591655.763, 104
Trd, 2591655.846, 123
Trd, 2591656.213, 103
Trd, 2591657.296, 100
Trd, 2591657.463, 117
Trd, 2591658.396, 90
Trd, 2591659.029, 111
Trd, 2591659.663, 106
Trd, 2591660.446, 107
Trd, 2591661.496, 116
Trd, 2591662.996, 105
Trd, 2591663.146, 93
Trd, 2591664.129, 89
Trd, 2591665.096, 105
Trd, 2591666.113, 122
Trd, 2591666.913, 119
Trd, 2591667.529, 112
Trd, 2591668.196, 103
Trd, 2591668.213, 127
Trd, 2591669.179, 95
Trd, 2591670.329, 91
Trd, 2591673.613, 107
Trd, 2591673.763, 111
Trd, 2591674.829, 101
Trd, 2591674.863, 101
Trd, 2591676.696, 117
Trd, 2591677.246, 104
Trd, 2591677.263, 93
Trd, 2591679.413, 100
Trd, 2591679.829, 100
Trd, 2591680.846, 100
Trd, 2591680.929, 93
Trd, 2591681.063, 104
Trd, 2591681.246, 106
Trd, 2591681.346, 101
Trd, 2591681.929, 92
Trd, 2591683.429, 107
Trd, 2591683.946, 104
Trd, 2591684.079, 122
Trd, 2591684.346, 127
Trd, 2591684.729, 88
Trd, 2591686.129, 112
Trd, 2591687.129, 114
Trd, 2591687.729, 124
Trd, 2591689.413, 113
Trd, 2591689.929, 112
Trd, 2591689.979, 104
Trd, 2591690.913, 102
Trd, 2591691.263, 97
Trd, 2591693.179, 113
Trd, 2591693.346, 108
Trd, 2591695.663, 103
Trd, 2591695.763, 101
Trd, 2591696.463, 93
Trd, 2591697.029, 102
Trd, 2591698.329, 107
Trd, 2591698.663, 90
Trd, 2591699.029, 106
Trd, 2591699.613, 113
Trd, 2591700.663, 111
Trd, 2591700.779, 107
Trd, 2591701.279, 117
Trd, 2591702.896, 87
Trd, 2591703.463, 101
Trd, 2591704.013, 116
Trd, 2591704.929, 89
Trd, 2591706.013, 106
Trd, 2591707.079, 122
Trd, 2591707.613, 125
Trd, 2591707.946, 104
Trd, 2591708.463, 106
Trd, 2591708.746, 93
Trd, 2591709.446, 112
Trd, 2591710.013, 111
Trd, 2591710.679, 112
Trd, 2591710.979, 94
Trd, 2591711.879, 96
Trd, 2591711.929, 98
Trd, 2591713.346, 98
Trd, 2591713.863, 96
Trd, 2591714.429, 102
Trd, 2591714.679, 101
Trd, 2591714.696, 105
Trd, 2591717.096, 121
Trd, 2591717.679, 105
Trd, 2591719.329, 97
Trd, 2591720.513, 118
Trd, 2591720.579, 116
Trd, 2591720.663, 90
Trd, 2591720.963, 83
Trd, 2591721.713, 100
Trd, 2591721.813, 89
Trd, 2591722.913, 98
Trd, 2591724.863, 108
Trd, 2591725.129, 100
Trd, 2591725.263, 97
Trd, 2591725.713, 90
Trd, 2591726.263, 113
Trd, 2591727.829, 81
Trd, 2591728.013, 81
Trd, 2591729.013, 97
Trd, 2591729.296, 105
Trd, 2591729.663, 99
Trd, 2591730.379, 106
Trd, 2591730.796, 111
Trd, 2591731.929, 122
Trd, 2591733.079, 93
Trd, 2591735.196, 111
Trd, 2591735.529, 110
Trd, 2591737.179, 107
Trd, 2591737.563, 110
Trd, 2591738.546, 116
Trd, 2591738.829, 117
Trd, 2591739.213, 104
Trd, 2591740.679, 93
Trd, 2591740.829, 92
Trd, 2591741.246, 95
Trd, 2591741.696, 112
Trd, 2591741.763, 109
Trd, 2591742.129, 91
Trd, 2591742.229, 113
Trd, 2591742.946, 77
Trd, 2591743.346, 80
Trd, 2591743.379, 98
Trd, 2591744.279, 121
Trd, 2591745.813, 115
Trd, 2591746.713, 98
Trd, 2591747.879, 92
Trd, 2591748.763, 104
Trd, 2591749.746, 119
Trd, 2591750.629, 111
Trd, 2591750.846, 98
Trd, 2591751.746, 99
Trd, 2591752.496, 115
Trd, 2591753.229, 107
Trd, 2591753.413, 103
Trd, 2591754.046, 98
Trd, 2591754.479, 89
Trd, 2591754.679, 99
Trd, 2591755.463, 95
Trd, 2591757.129, 124
Trd, 2591757.179, 112
Trd, 2591757.929, 124
Trd, 2591758.729, 103
Trd, 2591760.363, 104
Trd, 2591761.363, 101
Trd, 2591761.846, 108
Trd, 2591762.296, 114
Trd, 2591762.629, 103
Trd, 2591762.729, 118
Trd, 2591763.446, 101
Trd, 2591764.596, 101
Trd, 2591765.479, 97
Trd, 2591767.246, 125
Trd, 2591768.579, 103
Trd, 2591768.896, 100
Trd, 2591769.063, 91
Trd, 2591769.696, 124
Trd, 2591769.996, 106
Trd, 2591770.296, 93
Trd, 2591770.896, 118
Trd, 2591771.513, 99
Trd, 2591772.479, 99
Trd, 2591773.996, 112
Trd, 2591774.079, 124
Trd, 2591774.596, 113
Trd, 2591775.496, 93
Trd, 2591776.796, 90
Trd, 2591776.863, 93
Trd, 2591776.896, 83
Trd, 2591776.929, 102
Trd, 2591777.979, 107
Trd, 2591778.563, 109
Trd, 2591778.713, 81
Trd, 2591780.163, 81
Trd, 2591780.696, 108
Trd, 2591781.413, 84
Trd, 2591783.196, 125
Trd, 2591783.296, 129
Trd, 2591783.546, 101
Trd, 2591785.813, 101
Trd, 2591785.879, 97
Trd, 2591786.196, 99
Trd, 2591786.846, 94
Trd, 2591786.913, 93
Trd, 2591787.163, 92
Trd, 2591787.546, 106
Trd, 2591787.846, 111
Trd, 2591788.563, 105
Trd, 2591789.263, 117
Trd, 2591790.363, 107
Trd, 2591790.646, 110
Trd, 2591791.546, 107
Trd, 2591792.296, 123
Trd, 2591794.013, 103
Trd, 2591794.079, 91
Trd, 2591794.613, 92
Trd, 2591794.913, 83
Trd, 2591795.629, 113
Trd, 2591796.729, 100
Trd, 2591797.113, 108
Trd, 2591797.479, 109
Trd, 2591797.529, 94
Trd, 2591798.846, 100
Trd, 2591801.213, 112
Trd, 2591801.796, 104
Trd, 2591802.096, 99
Trd, 2591802.629, 89
Trd, 2591802.729, 101
Trd, 2591802.813, 83
Trd, 2591803.413, 124
Trd, 2591804.746, 108
Trd, 2591805.929, 123
Trd, 2591806.846, 92
Trd, 2591808.679, 122
Trd, 2591809.129, 105
Trd, 2591809.729, 111
Trd, 2591810.379, 94
Trd, 2591811.179, 102
Trd, 2591813.096, 94
Trd, 2591813.263, 89
Trd, 2591813.379, 96
Trd, 2591814.246, 103
Trd, 2591815.063, 102
Trd, 2591815.496, 107
Trd, 2591815.863, 105
Trd, 2591815.896, 92
Trd, 2591817.463, 93
Trd, 2591818.279, 102
Trd, 2591818.463, 92
Trd, 2591818.646, 95
Trd, 2591820.063, 95
Trd, 2591821.046, 107
Trd, 2591821.879, 112
Trd, 2591821.979, 113
Trd, 2591822.546, 123
Trd, 2591822.963, 91
Trd, 2591823.046, 97
Trd, 2591824.346, 92
Trd, 2591825.163, 108
Trd, 2591826.096, 110
Trd, 2591826.313, 125
Trd, 2591826.463, 104
Trd, 2591827.663, 85
Trd, 2591827.829, 81
Trd, 2591829.479, 120
Trd, 2591830.129, 105
Trd, 2591830.346, 99
Trd, 2591831.179, 124
Trd, 2591831.796, 110
Trd, 2591832.279, 104
Trd, 2591833.313, 122
Trd, 2591833.463, 115
Trd, 2591833.746, 100
Trd, 2591834.213, 109
Trd, 2591834.713, 122
Trd, 2591835.646, 109
Trd, 2591835.813, 96
Trd, 2591837.196, 106
Trd, 2591837.946, 100
Trd, 2591838.879, 119
Trd, 2591839.846, 95
Trd, 2591840.096, 89
Trd, 2591842.079, 99
Trd, 2591843.479, 114
Trd, 2591843.796, 97
Trd, 2591844.363, 90
Trd, 2591845.463, 91
Trd, 2591847.013, 116
Trd, 2591847.596, 111
Trd, 2591847.629, 122
Trd, 2591847.879, 104
Trd, 2591847.963, 101
Trd, 2591848.529, 118
Trd, 2591851.663, 112
Trd, 2591852.263, 100
Trd, 2591853.663, 91
Trd, 2591854.829, 111
Trd, 2591855.613, 105
Trd, 2591855.963, 101
Trd, 2591856.413, 105
Trd, 2591856.913, 101
Trd, 2591857.979, 110
Trd, 2591858.146, 99
Trd, 2591858.363, 120
Trd, 2591858.463, 93
Trd, 2591859.579, 92
Trd, 2591860.396, 91
Trd, 2591860.629, 96
Trd, 2591860.796, 81
Trd, 2591861.613, 98
Trd, 2591861.829, 106
Trd, 2591862.729, 104
Trd, 2591864.013, 100
Trd, 2591864.879, 110
Trd, 2591864.946, 113
Trd, 2591866.913, 123
Trd, 2591868.379, 104
Trd, 2591868.696, 94
Trd, 2591870.213, 93
Trd, 2591870.279, 102
Trd, 2591870.529, 115
Trd, 2591870.796, 90
Trd, 2591873.229, 100
Trd, 2591873.496, 93
Trd, 2591875.496, 109
Trd, 2591875.529, 100
Trd, 2591875.713, 118
Trd, 2591876.996, 114
Trd, 2591877.313, 107
Trd, 2591877.713, 111
Trd, 2591877.763, 112
Trd, 2591878.863, 101
Trd, 2591879.146, 99
Trd, 2591880.613, 112
Trd, 2591880.863, 109
Trd, 2591881.146, 108
Trd, 2591881.963, 101
Trd, 2591882.629, 113
Trd, 2591882.896, 101
Trd, 2591883.646, 91
Trd, 2591884.013, 85
Trd, 2591884.229, 83
Trd, 2591884.779, 87
Trd, 2591885.513, 79
Trd, 2591886.779, 124
Trd, 2591888.913, 101
Trd, 2591889.296, 117
Trd, 2591889.329, 114
Trd, 2591889.529, 99
Trd, 2591891.296, 102
Trd, 2591891.663, 108
Trd, 2591891.913, 104
Trd, 2591893.146, 102
Trd, 2591893.696, 90
Trd, 2591894.863, 105
Trd, 2591895.529, 101
Trd, 2591896.346, 118
Trd, 2591897.046, 85
Trd, 2591897.213, 84
Trd, 2591897.396, 83
Trd, 2591898.913, 105
Trd, 2591899.296, 111
Trd, 2591899.796, 111
Trd, 2591899.946, 117
Trd, 2591900.179, 107
Trd, 2591901.729, 110
Trd, 2591903.146, 104
Trd, 2591904.213, 95
Trd, 2591905.579, 90
Trd, 2591906.479, 120
Trd, 2591906.896, 84
Trd, 2591908.163, 94
Trd, 2591908.796, 105
Trd, 2591909.163, 120
Trd, 2591909.413, 123
Trd, 2591909.929, 128
Trd, 2591910.063, 111
Trd, 2591910.679, 107
Trd, 2591912.696, 101
Trd, 2591913.979, 91
Trd, 2591914.279, 121
Trd, 2591915.296, 104
Trd, 2591917.096, 99
Trd, 2591919.329, 109
Trd, 2591919.363, 98
Trd, 2591919.596, 116
Trd, 2591919.629, 94
Trd, 2591919.646, 132
Trd, 2591920.113, 102
Trd, 2591920.713, 95
Trd, 2591921.996, 116
Trd, 2591922.729, 94
Trd, 2591923.079, 106
Trd, 2591924.646, 102
Trd, 2591924.796, 93
Trd, 2591924.946, 115
Trd, 2591925.363, 87
Trd, 2591927.079, 107
Trd, 2591927.363, 99
Trd, 2591928.363, 91
Trd, 2591928.679, 98
Trd, 2591930.263, 100
Trd, 2591931.713, 91
Trd, 2591932.479, 105
Trd, 2591932.679, 107
Trd, 2591933.313, 113
Trd, 2591934.013, 121
Trd, 2591934.063, 112
Trd, 2591934.746, 104
Trd, 2591934.813, 93
Trd, 2591935.679, 103
Trd, 2591938.946, 119
Trd, 2591939.429, 101
Trd, 2591940.096, 129
Trd, 2591942.246, 122
Trd, 2591942.296, 112
Trd, 2591942.529, 104
Trd, 2591942.713, 98
Trd, 2591942.763, 95
Trd, 2591943.129, 115
Trd, 2591943.229, 93
Trd, 2591945.196, 90
Trd, 2591945.513, 99
Trd, 2591945.613, 105
Trd, 2591945.696, 93
Trd, 2591946.813, 92
Trd, 2591949.479, 115
Trd, 2591950.096, 107
Trd, 2591950.429, 106
Trd, 2591950.629, 116
Trd, 2591950.996, 125
Trd, 2591951.213, 107
Trd, 2591951.279, 104
Trd, 2591952.246, 125
Trd, 2591952.796, 114
Trd, 2591952.829, 105
Trd, 2591953.279, 100
Trd, 2591954.946, 100
Trd, 2591955.313, 109
Trd, 2591957.796, 110
Trd, 2591957.829, 108
Trd, 2591958.263, 103
Trd, 2591959.613, 90
Trd, 2591960.346, 86
Trd, 2591961.646, 99
Trd, 2591961.713, 119
Trd, 2591962.896, 86
Trd, 2591963.429, 105
Trd, 2591963.679, 119
Trd, 2591963.729, 100
Trd, 2591963.879, 99
Trd, 2591964.396, 94
Trd, 2591965.663, 94
Trd, 2591966.446, 110
Trd, 2591968.063, 110
Trd, 2591968.463, 92
Trd, 2591969.113, 113
Trd, 2591969.596, 93
Trd, 2591969.829, 90
Trd, 2591970.329, 102
Trd, 2591972.229, 107
Trd, 2591972.279, 104
Trd, 2591973.046, 115
Trd, 2591973.413, 93
Trd, 2591973.629, 116
Trd, 2591974.513, 112
Trd, 2591975.263, 94
Trd, 2591975.863, 113
Trd, 2591977.763, 106
Trd, 2591977.879, 110
Trd, 2591979.296, 101
Trd, 2591979.779, 111
Trd, 2591980.246, 93
Trd, 2591980.463, 112
Trd, 2591981.096, 94
Trd, 2591981.396, 94
Trd, 2591981.679, 94
Trd, 2591982.479, 91
Trd, 2591982.529, 103
Trd, 2591983.063, 83
Trd, 2591983.279, 86
Trd, 2591986.213, 84
Trd, 2591986.296, 81
Trd, 2591986.696, 119
Trd, 2591987.079, 124
Trd, 2591988.046, 118
Trd, 2591988.329, 113
Trd, 2591988.896, 100
Trd, 2591988.929, 98
Trd, 2591989.046, 93
Trd, 2591991.446, 110
Trd, 2591991.496, 119
Trd, 2591993.496, 112
Trd, 2591994.979, 100
Trd, 2591996.979, 105
Trd, 2591997.179, 100
Trd, 2591998.679, 108
