Trd, 2590648.929, 81
Trd, 2590648.946, 103
Trd, 2590649.663, 83
Trd, 2590654.196, 111
Trd, 2590654.213, 110
Trd, 2590655.396, 111
Trd, 2590655.913, 105
Trd, 2590656.546, 103
Trd, 2590657.513, 105
Trd, 2590658.346, 111
Trd, 2590658.646, 113
Trd, 2590658.729, 108
Trd, 2590659.679, 113
Trd, 2590660.713, 117
Trd, 2590660.929, 94
Trd, 2590661.646, 108
Trd, 2590661.763, 95
Trd, 2590663.613, 91
Trd, 2590664.179, 89
Trd, 2590664.479, 92
Trd, 2590665.163, 101
Trd, 2590665.646, 97
Trd, 2590666.196, 91
Trd, 2590666.629, 99
Trd, 2590667.229, 88
Trd, 2590667.729, 91
Trd, 2590669.629, 91
Trd, 2590669.663, 90
Trd, 2590670.963, 98
Trd, 2590671.463, 103
Trd, 2590672.596, 107
Trd, 2590673.463, 107
Trd, 2590675.179, 106
Trd, 2590675.479, 111
Trd, 2590675.996, 106
Trd, 2590677.079, 107
Trd, 2590677.446, 105
Trd, 2590677.829, 101
Trd, 2590677.946, 100
Trd, 2590678.146, 117
Trd, 2590679.996, 96
Trd, 2590681.663, 114
Trd, 2590682.379, 96
Trd, 2590682.829, 95
Trd, 2590683.146, 118
Trd, 2590684.646, 102
Trd, 2590684.679, 104
Trd, 2590685.763, 102
Trd, 2590686.163, 99
Trd, 2590686.246, 95
Trd, 2590686.313, 103
Trd, 2590689.179, 88
Trd, 2590689.496, 89
Trd, 2590689.813, 87
Trd, 2590690.046, 115
Trd, 2590690.279, 86
Trd, 2590690.613, 86
Trd, 2590690.696, 85
Trd, 2590691.646, 107
Trd, 2590693.713, 88
Trd, 2590695.113, 86
Trd, 2590695.213, 95
Trd, 2590695.263, 105
Trd, 2590695.663, 98
Trd, 2590696.313, 90
Trd, 2590696.613, 88
Trd, 2590697.696, 84
Trd, 2590698.413, 111
Trd, 2590700.563, 112
Trd, 2590701.563, 113
Trd, 2590701.846, 114
Trd, 2590702.346, 116
Trd, 2590702.563, 109
Trd, 2590702.579, 106
Trd, 2590703.196, 103
Trd, 2590706.046, 103
Trd, 2590706.346, 107
Trd, 2590706.396, 96
Trd, 2590707.363, 100
Trd, 2590707.746, 112
Trd, 2590708.896, 98
Trd, 2590709.396, 109
Trd, 2590710.646, 110
Trd, 2590711.546, 91
Trd, 2590712.246, 97
Trd, 2590712.729, 107
Trd, 2590713.563, 106
Trd, 2590714.629, 98
Trd, 2590715.413, 97
Trd, 2590716.713, 105
Trd, 2590716.796, 104
Trd, 2590717.279, 98
Trd, 2590717.546, 94
Trd, 2590717.663, 91
Trd, 2590719.246, 106
Trd, 2590719.363, 107
Trd, 2590719.679, 109
Trd, 2590722.896, 107
Trd, 2590723.696, 106
Trd, 2590724.379, 107
Trd, 2590724.496, 110
Trd, 2590725.679, 108
Trd, 2590725.746, 106
Trd, 2590726.129, 115
Trd, 2590726.679, 109
Trd, 2590726.713, 113
Trd, 2590727.496, 108
Trd, 2590727.646, 96
Trd, 2590728.929, 96
Trd, 2590730.013, 97
Trd, 2590731.329, 100
Trd, 2590731.913, 103
Trd, 2590732.479, 100
Trd, 2590732.663, 99
Trd, 2590732.679, 94
Trd, 2590733.246, 102
Trd, 2590734.313, 102
Trd, 2590735.213, 98
Trd, 2590735.229, 110
Trd, 2590736.246, 111
Trd, 2590736.746, 93
Trd, 2590737.563, 94
Trd, 2590737.863, 89
Trd, 2590737.979, 110
Trd, 2590738.779, 87
Trd, 2590739.946, 112
Trd, 2590740.329, 98
Trd, 2590740.513, 115
Trd, 2590743.079, 125
Trd, 2590745.363, 92
Trd, 2590745.629, 101
Trd, 2590745.796, 91
Trd, 2590746.013, 113
Trd, 2590747.113, 125
Trd, 2590747.463, 117
Trd, 2590747.829, 94
Trd, 2590748.979, 97
Trd, 2590749.629, 106
Trd, 2590749.963, 103
Trd, 2590750.379, 101
Trd, 2590751.046, 97
Trd, 2590751.179, 87
Trd, 2590751.413, 77
Trd, 2590752.329, 108
Trd, 2590752.429, 89
Trd, 2590754.146, 102
Trd, 2590754.229, 103
Trd, 2590754.629, 95
Trd, 2590756.446, 94
Trd, 2590756.479, 91
Trd, 2590756.996, 103
Trd, 2590757.979, 108
Trd, 2590758.413, 108
Trd, 2590760.813, 88
Trd, 2590760.863, 101
Trd, 2590761.679, 99
Trd, 2590762.229, 98
Trd, 2590763.763, 103
Trd, 2590763.829, 109
Trd, 2590764.813, 102
Trd, 2590764.913, 112
Trd, 2590764.963, 98
Trd, 2590766.163, 92
Trd, 2590767.763, 91
Trd, 2590768.929, 87
Trd, 2590768.979, 103
Trd, 2590771.213, 96
Trd, 2590772.296, 98
Trd, 2590772.429, 109
Trd, 2590773.229, 92
Trd, 2590774.579, 112
Trd, 2590774.696, 118
Trd, 2590775.196, 96
Trd, 2590775.713, 95
Trd, 2590775.779, 93
Trd, 2590777.113, 125
Trd, 2590777.229, 103
Trd, 2590777.929, 102
Trd, 2590778.613, 111
Trd, 2590778.946, 94
Trd, 2590779.279, 92
Trd, 2590779.329, 89
Trd, 2590779.963, 98
Trd, 2590779.996, 92
Trd, 2590780.446, 81
Trd, 2590783.463, 87
Trd, 2590784.296, 85
Trd, 2590784.546, 87
Trd, 2590785.196, 105
Trd, 2590786.213, 85
Trd, 2590786.896, 91
Trd, 2590787.129, 95
Trd, 2590787.329, 96
Trd, 2590788.563, 87
Trd, 2590789.496, 94
Trd, 2590789.763, 98
Trd, 2590791.246, 109
Trd, 2590791.929, 98
Trd, 2590792.496, 95
Trd, 2590792.613, 95
Trd, 2590794.829, 100
Trd, 2590795.229, 107
Trd, 2590795.479, 108
Trd, 2590795.763, 97
Trd, 2590796.296, 112
Trd, 2590798.063, 105
Trd, 2590798.096, 112
Trd, 2590798.896, 103
Trd, 2590799.996, 108
Trd, 2590800.413, 95
Trd, 2590801.063, 92
Trd, 2590801.846, 91
Trd, 2590802.563, 114
Trd, 2590802.979, 105
Trd, 2590802.996, 87
Trd, 2590803.546, 116
Trd, 2590804.263, 109
Trd, 2590804.296, 132
Trd, 2590805.046, 87
Trd, 2590805.196, 118
Trd, 2590807.763, 90
Trd, 2590807.896, 89
Trd, 2590808.163, 90
Trd, 2590808.813, 88
Trd, 2590808.829, 110
Trd, 2590810.229, 90
Trd, 2590813.979, 95
Trd, 2590814.079, 98
Trd, 2590815.196, 86
Trd, 2590815.263, 86
Trd, 2590815.596, 85
Trd, 2590816.046, 83
Trd, 2590816.379, 82
Trd, 2590816.679, 106
Trd, 2590817.813, 100
Trd, 2590819.479, 102
Trd, 2590819.613, 104
Trd, 2590819.796, 91
Trd, 2590819.813, 90
Trd, 2590820.746, 106
Trd, 2590821.279, 101
Trd, 2590821.746, 107
Trd, 2590823.129, 111
Trd, 2590824.196, 112
Trd, 2590824.246, 113
Trd, 2590826.613, 100
Trd, 2590827.179, 106
Trd, 2590827.546, 120
Trd, 2590827.679, 105
Trd, 2590828.313, 100
Trd, 2590828.479, 112
Trd, 2590830.779, 96
Trd, 2590831.179, 95
Trd, 2590832.246, 94
Trd, 2590832.513, 94
Trd, 2590833.329, 96
Trd, 2590833.579, 108
Trd, 2590835.596, 96
Trd, 2590836.279, 93
Trd, 2590837.179, 98
Trd, 2590838.979, 112
Trd, 2590839.346, 87
Trd, 2590840.029, 95
Trd, 2590840.113, 111
Trd, 2590840.513, 93
Trd, 2590840.579, 93
Trd, 2590842.229, 95
Trd, 2590842.979, 97
Trd, 2590844.063, 93
Trd, 2590844.446, 91
Trd, 2590845.196, 104
Trd, 2590845.213, 92
Trd, 2590845.563, 98
Trd, 2590845.696, 109
Trd, 2590846.763, 87
Trd, 2590847.246, 85
Trd, 2590848.129, 88
Trd, 2590849.646, 97
Trd, 2590849.763, 95
Trd, 2590850.479, 104
Trd, 2590851.079, 92
Trd, 2590853.246, 103
Trd, 2590853.346, 101
Trd, 2590854.829, 101
Trd, 2590855.263, 104
Trd, 2590855.496, 98
Trd, 2590855.663, 97
Trd, 2590855.779, 120
Trd, 2590855.979, 95
Trd, 2590856.479, 112
Trd, 2590856.696, 89
Trd, 2590857.679, 86
Trd, 2590860.579, 99
Trd, 2590861.246, 97
Trd, 2590862.629, 95
Trd, 2590862.896, 110
Trd, 2590863.646, 111
Trd, 2590864.029, 116
Trd, 2590864.429, 89
Trd, 2590864.696, 87
Trd, 2590865.596, 92
Trd, 2590866.263, 100
Trd, 2590867.063, 88
Trd, 2590868.546, 100
Trd, 2590869.729, 102
Trd, 2590870.263, 100
Trd, 2590870.729, 89
Trd, 2590872.346, 91
Trd, 2590874.113, 87
Trd, 2590874.596, 96
Trd, 2590876.363, 105
Trd, 2590876.463, 100
Trd, 2590876.913, 104
Trd, 2590878.229, 110
Trd, 2590879.529, 101
Trd, 2590880.313, 98
Trd, 2590880.563, 97
Trd, 2590880.596, 101
Trd, 2590880.746, 102
Trd, 2590880.879, 97
Trd, 2590881.779, 102
Trd, 2590881.963, 96
Trd, 2590881.996, 95
Trd, 2590882.429, 110
Trd, 2590882.513, 88
Trd, 2590885.279, 112
Trd, 2590885.596, 108
Trd, 2590886.279, 99
Trd, 2590888.229, 94
Trd, 2590889.363, 95
Trd, 2590890.496, 101
Trd, 2590890.513, 91
Trd, 2590892.279, 87
Trd, 2590893.413, 90
Trd, 2590893.663, 88
Trd, 2590896.679, 92
Trd, 2590897.029, 91
Trd, 2590898.296, 88
Trd, 2590898.546, 97
Trd, 2590898.813, 102
Trd, 2590898.996, 87
Trd, 2590899.096, 86
Trd, 2590899.229, 98
Trd, 2590899.596, 86
Trd, 2590899.896, 98
Trd, 2590900.346, 102
Trd, 2590901.529, 106
Trd, 2590902.013, 109
Trd, 2590902.279, 116
Trd, 2590902.846, 96
Trd, 2590904.446, 125
Trd, 2590905.029, 94
Trd, 2590905.696, 115
Trd, 2590907.213, 113
Trd, 2590907.779, 111
Trd, 2590907.863, 109
Trd, 2590907.979, 109
Trd, 2590908.596, 110
Trd, 2590908.629, 103
Trd, 2590909.896, 93
Trd, 2590910.379, 91
Trd, 2590911.429, 86
Trd, 2590911.479, 85
Trd, 2590912.396, 90
Trd, 2590913.779, 105
Trd, 2590913.929, 108
Trd, 2590914.663, 101
Trd, 2590917.229, 103
Trd, 2590917.896, 102
Trd, 2590918.796, 102
Trd, 2590919.996, 103
Trd, 2590920.279, 111
Trd, 2590920.296, 112
Trd, 2590920.913, 113
Trd, 2590921.379, 99
Trd, 2590921.629, 114
Trd, 2590921.729, 95
Trd, 2590923.163, 96
Trd, 2590923.713, 116
Trd, 2590924.013, 122
Trd, 2590926.879, 129
Trd, 2590928.429, 118
Trd, 2590928.479, 115
Trd, 2590928.663, 113
Trd, 2590929.546, 113
Trd, 2590929.829, 108
Trd, 2590930.179, 110
Trd, 2590930.446, 103
Trd, 2590930.463, 102
Trd, 2590931.613, 96
Trd, 2590932.246, 108
Trd, 2590932.313, 110
Trd, 2590932.446, 113
Trd, 2590933.079, 94
Trd, 2590934.279, 93
Trd, 2590934.513, 92
Trd, 2590934.813, 102
Trd, 2590935.729, 101
Trd, 2590937.363, 88
Trd, 2590938.963, 91
Trd, 2590940.079, 95
Trd, 2590940.279, 88
Trd, 2590941.379, 87
Trd, 2590941.413, 97
Trd, 2590944.313, 87
Trd, 2590944.663, 95
Trd, 2590944.696, 99
Trd, 2590945.479, 98
Trd, 2590946.729, 94
Trd, 2590947.029, 88
Trd, 2590947.696, 89
Trd, 2590947.996, 87
Trd, 2590948.496, 115
Trd, 2590950.113, 89
Trd, 2590950.579, 89
Trd, 2590950.596, 90
Trd, 2590950.879, 88
Trd, 2590951.613, 108
Trd, 2590952.196, 109
Trd, 2590952.379, 104
Trd, 2590953.063, 87
Trd, 2590953.846, 85
Trd, 2590954.979, 110
Trd, 2590955.313, 79
Trd, 2590955.829, 79
Trd, 2590956.379, 110
Trd, 2590957.529, 96
Trd, 2590958.329, 91
Trd, 2590958.696, 100
Trd, 2590959.413, 112
Trd, 2590959.429, 95
Trd, 2590960.363, 87
Trd, 2590960.929, 93
Trd, 2590961.046, 110
Trd, 2590962.413, 90
Trd, 2590962.879, 112
Trd, 2590963.696, 115
Trd, 2590964.146, 108
Trd, 2590964.313, 105
Trd, 2590964.679, 123
Trd, 2590966.429, 129
Trd, 2590966.546, 129
Trd, 2590967.213, 103
Trd, 2590967.546, 98
Trd, 2590969.313, 99
Trd, 2590969.779, 90
Trd, 2590971.029, 100
Trd, 2590971.663, 89
Trd, 2590972.246, 97
Trd, 2590973.246, 88
Trd, 2590974.079, 98
Trd, 2590974.396, 101
Trd, 2590974.429, 93
Trd, 2590975.813, 87
Trd, 2590976.029, 87
Trd, 2590976.746, 93
Trd, 2590977.163, 94
Trd, 2590977.963, 109
Trd, 2590980.563, 100
Trd, 2590980.729, 97
Trd, 2590980.796, 101
Trd, 2590980.996, 96
Trd, 2590982.046, 94
Trd, 2590982.129, 92
Trd, 2590982.979, 95
Trd, 2590983.163, 94
Trd, 2590984.146, 85
Trd, 2590985.896, 84
Trd, 2590986.396, 111
Trd, 2590986.729, 112
Trd, 2590988.679, 89
Trd, 2590988.696, 85
Trd, 2590988.763, 101
Trd, 2590989.829, 112
Trd, 2590990.629, 96
Trd, 2590990.863, 97
Trd, 2590991.329, 112
Trd, 2590992.013, 91
Trd, 2590993.696, 104
Trd, 2590994.013, 95
Trd, 2590994.346, 92
Trd, 2590994.946, 90
Trd, 2590995.113, 89
Trd, 2590995.313, 88
Trd, 2590996.396, 86
Trd, 2590997.913, 96
Trd, 2590998.479, 89
Trd, 2590998.496, 97
Trd, 2590998.646, 109
Trd, 2590998.963, 89
Trd, 2590999.913, 111
Trd, 2591000.013, 95
Trd, 2591000.446, 113
Trd, 2591001.763, 89
Trd, 2591003.363, 111
Trd, 2591004.029, 87
Trd, 2591004.863, 90
Trd, 2591005.496, 86
Trd, 2591005.996, 97
Trd, 2591006.046, 100
Trd, 2591006.896, 91
Trd, 2591007.513, 100
Trd, 2591007.813, 101
Trd, 2591008.929, 93
Trd, 2591009.313, 89
Trd, 2591011.179, 113
Trd, 2591011.379, 114
Trd, 2591011.896, 116
Trd, 2591012.046, 102
Trd, 2591013.846, 117
Trd, 2591014.313, 112
Trd, 2591014.929, 109
Trd, 2591015.496, 105
Trd, 2591015.663, 100
Trd, 2591016.746, 115
Trd, 2591017.163, 88
Trd, 2591019.196, 90
Trd, 2591019.279, 99
Trd, 2591019.396, 102
Trd, 2591019.513, 90
Trd, 2591020.879, 105
Trd, 2591021.929, 97
Trd, 2591021.963, 99
Trd, 2591022.113, 109
Trd, 2591022.779, 111
Trd, 2591023.379, 101
Trd, 2591024.046, 99
Trd, 2591024.546, 93
Trd, 2591025.796, 110
Trd, 2591030.296, 105
Trd, 2591030.346, 103
Trd, 2591030.863, 108
Trd, 2591030.913, 112
Trd, 2591032.063, 112
Trd, 2591032.779, 99
Trd, 2591033.813, 95
Trd, 2591035.296, 86
Trd, 2591035.713, 87
Trd, 2591035.846, 86
Trd, 2591037.163, 95
Trd, 2591037.696, 96
Trd, 2591037.796, 95
Trd, 2591038.746, 91
Trd, 2591039.463, 94
Trd, 2591039.846, 91
Trd, 2591040.196, 94
Trd, 2591040.729, 99
Trd, 2591040.996, 108
Trd, 2591041.296, 100
Trd, 2591041.513, 90
Trd, 2591041.863, 88
Trd, 2591042.329, 110
Trd, 2591043.279, 91
Trd, 2591045.429, 92
Trd, 2591045.563, 100
Trd, 2591048.579, 104
Trd, 2591048.863, 105
Trd, 2591050.929, 109
Trd, 2591050.946, 102
Trd, 2591051.379, 103
Trd, 2591052.996, 95
Trd, 2591053.429, 94
Trd, 2591054.813, 95
Trd, 2591056.329, 86
Trd, 2591056.563, 86
Trd, 2591057.179, 88
Trd, 2591057.213, 97
Trd, 2591057.546, 99
Trd, 2591058.696, 99
Trd, 2591059.063, 106
Trd, 2591059.429, 95
Trd, 2591059.463, 112
Trd, 2591059.563, 113
Trd, 2591060.929, 98
Trd, 2591061.079, 97
Trd, 2591061.313, 95
Trd, 2591062.879, 126
Trd, 2591064.463, 107
Trd, 2591065.963, 125
Trd, 2591066.063, 103
Trd, 2591066.613, 100
Trd, 2591066.829, 123
Trd, 2591067.213, 104
Trd, 2591067.296, 100
Trd, 2591068.113, 99
Trd, 2591069.329, 97
Trd, 2591069.596, 98
Trd, 2591069.629, 97
Trd, 2591070.846, 103
Trd, 2591070.996, 99
Trd, 2591072.646, 105
Trd, 2591072.946, 107
Trd, 2591073.179, 109
Trd, 2591073.446, 92
Trd, 2591074.179, 90
Trd, 2591075.663, 90
Trd, 2591075.746, 94
Trd, 2591077.046, 87
Trd, 2591077.646, 87
Trd, 2591077.813, 100
Trd, 2591079.513, 87
Trd, 2591079.929, 102
Trd, 2591080.879, 105
Trd, 2591081.329, 111
Trd, 2591082.146, 93
Trd, 2591083.863, 113
Trd, 2591084.613, 100
Trd, 2591084.863, 99
Trd, 2591085.829, 87
Trd, 2591086.246, 105
Trd, 2591087.929, 96
Trd, 2591088.179, 94
Trd, 2591088.963, 102
Trd, 2591089.563, 89
Trd, 2591089.813, 102
Trd, 2591091.029, 102
Trd, 2591091.846, 94
Trd, 2591092.163, 93
Trd, 2591092.329, 90
Trd, 2591093.396, 108
Trd, 2591093.513, 110
Trd, 2591094.346, 107
Trd, 2591096.579, 104
Trd, 2591097.363, 112
Trd, 2591097.463, 101
Trd, 2591097.513, 99
Trd, 2591097.696, 98
Trd, 2591097.813, 97
Trd, 2591099.063, 86
Trd, 2591099.896, 100
Trd, 2591101.279, 107
Trd, 2591101.479, 87
Trd, 2591103.213, 110
Trd, 2591103.229, 91
Trd, 2591103.779, 87
Trd, 2591104.829, 91
Trd, 2591104.879, 90
Trd, 2591105.046, 88
Trd, 2591106.346, 98
Trd, 2591108.596, 93
Trd, 2591110.563, 101
Trd, 2591110.796, 107
Trd, 2591112.063, 105
Trd, 2591113.313, 98
Trd, 2591113.513, 106
Trd, 2591113.596, 93
Trd, 2591113.779, 110
Trd, 2591114.613, 92
Trd, 2591114.929, 113
Trd, 2591115.229, 114
Trd, 2591116.213, 112
Trd, 2591116.379, 91
Trd, 2591117.646, 112
Trd, 2591118.079, 85
Trd, 2591118.879, 103
Trd, 2591120.029, 102
Trd, 2591121.179, 96
Trd, 2591121.913, 113
Trd, 2591122.079, 112
Trd, 2591122.263, 102
Trd, 2591122.479, 101
Trd, 2591122.913, 93
Trd, 2591123.213, 86
Trd, 2591123.613, 86
Trd, 2591124.029, 98
Trd, 2591125.029, 109
Trd, 2591125.579, 84
Trd, 2591126.063, 109
Trd, 2591127.396, 110
Trd, 2591127.946, 100
Trd, 2591128.346, 100
Trd, 2591130.163, 98
Trd, 2591131.996, 92
Trd, 2591132.429, 109
Trd, 2591132.713, 88
Trd, 2591133.513, 112
Trd, 2591134.129, 115
Trd, 2591136.229, 103
Trd, 2591136.363, 102
Trd, 2591137.263, 101
Trd, 2591137.296, 92
Trd, 2591137.429, 90
Trd, 2591139.379, 110
Trd, 2591140.079, 88
Trd, 2591141.629, 97
Trd, 2591141.846, 94
Trd, 2591142.063, 110
Trd, 2591142.496, 92
Trd, 2591145.096, 93
Trd, 2591145.313, 99
Trd, 2591145.796, 109
Trd, 2591146.163, 87
Trd, 2591146.379, 103
Trd, 2591146.496, 109
Trd, 2591146.946, 93
Trd, 2591147.029, 90
Trd, 2591147.813, 96
Trd, 2591148.146, 93
Trd, 2591148.229, 89
Trd, 2591151.029, 86
Trd, 2591151.646, 101
Trd, 2591153.446, 98
Trd, 2591153.696, 95
Trd, 2591153.929, 103
Trd, 2591154.279, 111
Trd, 2591154.663, 93
Trd, 2591155.263, 104
Trd, 2591156.396, 99
Trd, 2591157.279, 100
Trd, 2591157.413, 121
Trd, 2591157.863, 96
Trd, 2591159.563, 98
Trd, 2591160.746, 97
Trd, 2591160.863, 97
Trd, 2591161.196, 93
Trd, 2591161.729, 98
Trd, 2591161.846, 99
Trd, 2591165.013, 103
Trd, 2591165.479, 108
Trd, 2591165.829, 108
Trd, 2591166.313, 108
Trd, 2591167.196, 99
Trd, 2591167.546, 94
Trd, 2591167.963, 93
Trd, 2591168.529, 87
Trd, 2591169.529, 109
Trd, 2591169.963, 87
Trd, 2591170.213, 100
Trd, 2591171.046, 92
Trd, 2591171.779, 110
Trd, 2591172.996, 112
Trd, 2591173.346, 93
Trd, 2591173.413, 91
Trd, 2591173.529, 91
Trd, 2591176.096, 108
Trd, 2591176.179, 98
Trd, 2591177.246, 109
Trd, 2591178.146, 111
Trd, 2591178.713, 103
Trd, 2591180.113, 110
Trd, 2591180.213, 94
Trd, 2591180.679, 91
Trd, 2591182.179, 88
Trd, 2591182.279, 87
Trd, 2591182.296, 94
Trd, 2591182.413, 98
Trd, 2591184.163, 87
Trd, 2591185.346, 106
Trd, 2591186.596, 104
Trd, 2591187.229, 103
Trd, 2591187.429, 99
Trd, 2591187.613, 95
Trd, 2591188.263, 96
Trd, 2591188.779, 105
Trd, 2591189.229, 110
Trd, 2591189.329, 94
Trd, 2591189.663, 112
Trd, 2591190.546, 112
Trd, 2591191.546, 98
Trd, 2591192.329, 91
Trd, 2591192.446, 101
Trd, 2591192.629, 118
Trd, 2591192.979, 89
Trd, 2591194.113, 98
Trd, 2591194.163, 96
Trd, 2591196.696, 99
Trd, 2591197.063, 99
Trd, 2591197.763, 97
Trd, 2591198.346, 100
Trd, 2591199.763, 109
Trd, 2591201.113, 104
Trd, 2591202.046, 97
Trd, 2591203.513, 101
Trd, 2591203.813, 114
Trd, 2591203.863, 100
Trd, 2591203.879, 116
Trd, 2591203.963, 112
Trd, 2591205.313, 94
Trd, 2591205.579, 93
Trd, 2591206.546, 93
Trd, 2591208.963, 108
Trd, 2591210.163, 102
Trd, 2591210.496, 108
Trd, 2591210.663, 100
Trd, 2591211.163, 98
Trd, 2591211.279, 94
Trd, 2591211.746, 111
Trd, 2591212.729, 90
Trd, 2591213.746, 91
Trd, 2591213.796, 89
Trd, 2591214.229, 98
Trd, 2591214.663, 99
Trd, 2591215.446, 114
Trd, 2591216.729, 112
Trd, 2591217.213, 113
Trd, 2591217.413, 111
Trd, 2591217.696, 119
Trd, 2591217.913, 109
Trd, 2591218.596, 121
Trd, 2591219.413, 102
Trd, 2591219.863, 99
Trd, 2591221.129, 100
Trd, 2591221.563, 108
Trd, 2591222.346, 94
Trd, 2591223.863, 96
Trd, 2591225.563, 100
Trd, 2591226.096, 101
Trd, 2591226.213, 109
Trd, 2591227.279, 102
Trd, 2591227.413, 101
Trd, 2591228.463, 109
Trd, 2591228.846, 112
Trd, 2591230.179, 97
Trd, 2591231.396, 92
Trd, 2591231.479, 114
Trd, 2591231.879, 115
Trd, 2591232.579, 88
Trd, 2591233.179, 102
Trd, 2591233.796, 117
Trd, 2591235.079, 100
Trd, 2591235.263, 98
Trd, 2591235.846, 112
Trd, 2591237.263, 94
Trd, 2591237.413, 101
Trd, 2591237.679, 98
Trd, 2591237.813, 111
Trd, 2591239.029, 92
Trd, 2591239.696, 92
Trd, 2591240.146, 112
Trd, 2591240.263, 89
Trd, 2591241.663, 129
Trd, 2591241.813, 118
Trd, 2591242.229, 98
Trd, 2591243.029, 88
Trd, 2591243.063, 87
Trd, 2591243.979, 100
Trd, 2591244.713, 110
Trd, 2591245.196, 132
Trd, 2591248.363, 104
Trd, 2591248.613, 104
Trd, 2591248.679, 99
Trd, 2591249.629, 103
Trd, 2591250.896, 110
Trd, 2591251.113, 108
Trd, 2591251.796, 112
Trd, 2591252.096, 99
Trd, 2591254.013, 101
Trd, 2591254.046, 111
Trd, 2591256.346, 95
Trd, 2591256.396, 95
Trd, 2591256.429, 95
Trd, 2591256.529, 106
Trd, 2591256.563, 110
Trd, 2591257.079, 91
Trd, 2591257.996, 89
Trd, 2591258.529, 100
Trd, 2591258.829, 87
Trd, 2591259.563, 90
Trd, 2591260.046, 98
Trd, 2591261.146, 105
Trd, 2591262.396, 112
Trd, 2591263.696, 94
Trd, 2591263.863, 94
Trd, 2591264.579, 91
Trd, 2591264.796, 91
Trd, 2591265.596, 115
Trd, 2591267.013, 112
Trd, 2591267.346, 106
Trd, 2591268.363, 105
Trd, 2591268.763, 110
Trd, 2591269.863, 111
Trd, 2591270.879, 105
Trd, 2591271.479, 102
Trd, 2591272.479, 100
Trd, 2591273.429, 108
Trd, 2591274.396, 107
Trd, 2591275.063, 99
Trd, 2591275.146, 95
Trd, 2591275.713, 109
Trd, 2591277.096, 90
Trd, 2591277.179, 96
Trd, 2591277.596, 111
Trd, 2591278.079, 85
Trd, 2591278.379, 85
Trd, 2591279.313, 96
Trd, 2591280.113, 89
Trd, 2591281.896, 93
Trd, 2591283.379, 88
Trd, 2591283.496, 86
Trd, 2591283.546, 110
Trd, 2591284.913, 112
Trd, 2591285.596, 90
Trd, 2591286.213, 84
Trd, 2591286.479, 94
Trd, 2591288.713, 95
Trd, 2591288.946, 101
Trd, 2591290.596, 89
Trd, 2591290.996, 89
Trd, 2591291.013, 110
Trd, 2591291.596, 89
Trd, 2591291.829, 116
Trd, 2591292.513, 103
Trd, 2591292.663, 89
Trd, 2591293.463, 109
Trd, 2591294.679, 91
Trd, 2591294.746, 109
Trd, 2591296.679, 89
Trd, 2591298.479, 89
Trd, 2591298.846, 90
Trd, 2591299.179, 91
Trd, 2591299.713, 87
Trd, 2591300.829, 87
Trd, 2591301.596, 99
Trd, 2591301.713, 100
Trd, 2591301.929, 96
Trd, 2591302.313, 97
Trd, 2591302.913, 98
Trd, 2591303.113, 109
Trd, 2591304.079, 91
Trd, 2591305.079, 87
Trd, 2591306.063, 81
Trd, 2591306.629, 87
Trd, 2591306.963, 110
Trd, 2591307.013, 78
Trd, 2591307.596, 111
Trd, 2591308.146, 96
Trd, 2591308.246, 115
Trd, 2591309.229, 98
Trd, 2591309.346, 93
Trd, 2591309.596, 91
Trd, 2591309.863, 111
Trd, 2591313.063, 113
Trd, 2591313.963, 100
Trd, 2591314.263, 102
Trd, 2591315.529, 100
Trd, 2591316.246, 94
Trd, 2591316.313, 116
Trd, 2591316.663, 94
Trd, 2591318.913, 113
Trd, 2591319.279, 101
Trd, 2591320.363, 100
Trd, 2591321.029, 104
Trd, 2591321.413, 117
Trd, 2591321.646, 100
Trd, 2591322.413, 96
Trd, 2591323.613, 98
Trd, 2591323.729, 92
Trd, 2591323.946, 99
Trd, 2591325.246, 100
Trd, 2591325.879, 90
Trd, 2591326.546, 80
Trd, 2591327.146, 82
Trd, 2591328.113, 90
Trd, 2591328.596, 90
Trd, 2591329.529, 91
Trd, 2591329.613, 87
Trd, 2591329.696, 93
Trd, 2591330.029, 108
Trd, 2591330.313, 96
Trd, 2591330.846, 109
Trd, 2591332.929, 111
Trd, 2591333.429, 113
Trd, 2591335.179, 98
Trd, 2591335.679, 98
Trd, 2591335.913, 114
Trd, 2591336.029, 95
Trd, 2591336.446, 93
Trd, 2591336.513, 86
Trd, 2591336.746, 84
Trd, 2591337.096, 80
Trd, 2591339.146, 93
Trd, 2591340.179, 119
Trd, 2591340.596, 120
Trd, 2591340.696, 92
Trd, 2591342.363, 98
Trd, 2591343.129, 94
Trd, 2591345.779, 120
Trd, 2591346.279, 108
Trd, 2591346.613, 121
Trd, 2591347.379, 105
Trd, 2591347.713, 104
Trd, 2591349.196, 107
Trd, 2591349.263, 104
Trd, 2591350.213, 110
Trd, 2591350.746, 100
Trd, 2591351.496, 110
Trd, 2591352.379, 96
Trd, 2591352.929, 96
Trd, 2591352.979, 98
Trd, 2591356.479, 115
Trd, 2591356.779, 116
Trd, 2591357.779, 112
Trd, 2591357.963, 108
Trd, 2591358.296, 102
Trd, 2591358.379, 101
Trd, 2591358.463, 100
Trd, 2591359.846, 100
Trd, 2591360.263, 107
Trd, 2591360.729, 99
Trd, 2591360.946, 99
Trd, 2591361.279, 100
Trd, 2591363.013, 90
Trd, 2591363.329, 99
Trd, 2591363.546, 100
Trd, 2591363.896, 107
Trd, 2591364.746, 87
Trd, 2591365.479, 107
Trd, 2591366.496, 105
Trd, 2591367.013, 114
Trd, 2591367.029, 114
Trd, 2591368.329, 85
Trd, 2591370.979, 98
Trd, 2591371.063, 102
Trd, 2591371.163, 96
Trd, 2591371.713, 91
Trd, 2591373.763, 96
Trd, 2591373.929, 96
Trd, 2591375.229, 90
Trd, 2591377.063, 91
Trd, 2591377.313, 95
Trd, 2591377.796, 95
Trd, 2591379.046, 92
Trd, 2591380.063, 105
Trd, 2591380.913, 93
Trd, 2591380.996, 106
Trd, 2591381.879, 101
Trd, 2591382.046, 103
Trd, 2591383.063, 88
Trd, 2591383.413, 92
Trd, 2591383.546, 87
Trd, 2591385.363, 85
Trd, 2591386.263, 108
Trd, 2591386.763, 108
Trd, 2591386.879, 110
Trd, 2591388.179, 118
Trd, 2591388.279, 84
Trd, 2591388.313, 84
Trd, 2591388.929, 94
Trd, 2591389.296, 95
Trd, 2591390.896, 91
Trd, 2591391.279, 97
Trd, 2591392.896, 105
Trd, 2591393.163, 97
Trd, 2591394.363, 109
Trd, 2591395.396, 99
Trd, 2591395.713, 97
Trd, 2591396.496, 104
Trd, 2591396.729, 99
Trd, 2591398.346, 99
Trd, 2591398.779, 101
Trd, 2591399.313, 114
Trd, 2591399.413, 95
Trd, 2591400.779, 111
Trd, 2591401.146, 87
Trd, 2591401.879, 86
Trd, 2591402.413, 93
Trd, 2591404.329, 103
Trd, 2591404.413, 113
Trd, 2591405.029, 94
Trd, 2591405.313, 97
Trd, 2591407.996, 98
Trd, 2591408.179, 107
Trd, 2591408.396, 98
Trd, 2591409.029, 94
Trd, 2591409.913, 118
Trd, 2591410.279, 93
Trd, 2591410.613, 92
Trd, 2591411.179, 89
Trd, 2591411.529, 87
Trd, 2591412.279, 85
Trd, 2591412.663, 104
Trd, 2591414.379, 99
Trd, 2591414.413, 97
Trd, 2591415.479, 95
Trd, 2591415.879, 94
Trd, 2591417.429, 91
Trd, 2591417.996, 92
Trd, 2591418.396, 93
Trd, 2591418.579, 89
Trd, 2591419.096, 99
Trd, 2591419.413, 109
Trd, 2591419.546, 97
Trd, 2591419.829, 93
Trd, 2591420.113, 111
Trd, 2591421.313, 113
Trd, 2591421.996, 86
Trd, 2591423.729, 119
Trd, 2591425.179, 113
Trd, 2591425.846, 119
Trd, 2591426.796, 111
Trd, 2591426.979, 108
Trd, 2591428.079, 102
Trd, 2591429.079, 99
Trd, 2591429.163, 109
Trd, 2591429.629, 91
Trd, 2591430.129, 89
Trd, 2591430.296, 89
Trd, 2591430.529, 87
Trd, 2591430.913, 105
Trd, 2591432.329, 114
Trd, 2591433.329, 91
Trd, 2591433.363, 97
Trd, 2591433.996, 100
Trd, 2591435.246, 110
Trd, 2591436.863, 98
Trd, 2591438.313, 125
Trd, 2591439.096, 117
Trd, 2591440.529, 125
Trd, 2591440.929, 107
Trd, 2591441.246, 122
Trd, 2591441.663, 101
Trd, 2591441.963, 97
Trd, 2591443.696, 101
Trd, 2591443.713, 97
Trd, 2591444.379, 95
Trd, 2591445.046, 105
Trd, 2591446.363, 98
Trd, 2591446.929, 97
Trd, 2591446.979, 96
Trd, 2591447.663, 102
Trd, 2591448.829, 95
Trd, 2591449.379, 109
Trd, 2591450.529, 98
Trd, 2591451.296, 108
Trd, 2591451.329, 94
Trd, 2591451.846, 111
Trd, 2591452.813, 93
Trd, 2591453.329, 104
Trd, 2591454.129, 114
Trd, 2591456.479, 103
Trd, 2591458.279, 99
Trd, 2591458.979, 97
Trd, 2591459.863, 94
Trd, 2591460.096, 98
Trd, 2591460.563, 91
Trd, 2591460.646, 88
Trd, 2591460.829, 99
Trd, 2591461.096, 100
Trd, 2591461.379, 88
Trd, 2591463.063, 109
Trd, 2591463.113, 87
Trd, 2591464.046, 106
Trd, 2591464.579, 97
Trd, 2591465.263, 88
Trd, 2591465.879, 113
Trd, 2591467.679, 87
Trd, 2591467.879, 87
Trd, 2591468.346, 111
Trd, 2591469.179, 95
Trd, 2591470.496, 107
Trd, 2591471.329, 103
Trd, 2591471.613, 103
Trd, 2591472.263, 98
Trd, 2591472.313, 104
Trd, 2591472.529, 94
Trd, 2591472.913, 92
Trd, 2591473.613, 90
Trd, 2591474.013, 104
Trd, 2591475.063, 110
Trd, 2591476.379, 100
Trd, 2591476.846, 109
Trd, 2591477.596, 91
Trd, 2591477.629, 89
Trd, 2591477.763, 112
Trd, 2591478.646, 91
Trd, 2591480.363, 92
Trd, 2591480.479, 88
Trd, 2591480.529, 94
Trd, 2591480.579, 87
Trd, 2591483.213, 104
Trd, 2591483.896, 95
Trd, 2591484.213, 89
Trd, 2591485.546, 100
Trd, 2591486.846, 87
Trd, 2591487.213, 89
Trd, 2591487.329, 87
Trd, 2591487.613, 85
Trd, 2591489.446, 95
Trd, 2591490.746, 99
Trd, 2591491.329, 91
Trd, 2591491.896, 98
Trd, 2591492.096, 94
Trd, 2591492.429, 99
Trd, 2591492.446, 92
Trd, 2591493.146, 86
Trd, 2591493.396, 109
Trd, 2591493.579, 85
Trd, 2591494.163, 87
Trd, 2591494.896, 113
Trd, 2591497.029, 96
Trd, 2591497.246, 94
Trd, 2591497.746, 90
Trd, 2591499.996, 94
Trd, 2591500.613, 93
Trd, 2591501.646, 94
Trd, 2591501.913, 107
Trd, 2591502.663, 107
Trd, 2591502.779, 106
Trd, 2591503.446, 104
Trd, 2591503.746, 112
Trd, 2591503.929, 107
Trd, 2591506.179, 100
Trd, 2591506.679, 97
Trd, 2591508.079, 99
Trd, 2591508.329, 91
Trd, 2591508.496, 99
Trd, 2591509.646, 104
Trd, 2591509.696, 103
Trd, 2591510.546, 101
Trd, 2591510.796, 103
Trd, 2591510.929, 112
Trd, 2591513.329, 102
Trd, 2591514.196, 110
Trd, 2591514.329, 102
Trd, 2591516.646, 113
Trd, 2591517.996, 102
Trd, 2591518.413, 111
Trd, 2591518.846, 99
Trd, 2591519.163, 114
Trd, 2591520.129, 101
Trd, 2591520.246, 96
Trd, 2591520.346, 90
Trd, 2591521.013, 87
Trd, 2591521.079, 110
Trd, 2591521.496, 87
Trd, 2591522.179, 96
Trd, 2591522.596, 97
Trd, 2591522.929, 108
Trd, 2591523.746, 113
Trd, 2591525.979, 116
Trd, 2591526.979, 100
Trd, 2591527.163, 116
Trd, 2591527.313, 96
Trd, 2591528.829, 97
Trd, 2591529.046, 94
Trd, 2591529.396, 92
Trd, 2591529.679, 98
Trd, 2591531.146, 91
Trd, 2591531.196, 103
Trd, 2591531.713, 104
Trd, 2591531.829, 109
Trd, 2591532.129, 89
Trd, 2591532.746, 111
Trd, 2591533.729, 87
Trd, 2591533.929, 88
Trd, 2591535.663, 92
Trd, 2591536.563, 88
Trd, 2591536.963, 85
Trd, 2591538.496, 102
Trd, 2591538.663, 102
Trd, 2591539.596, 102
Trd, 2591539.796, 83
Trd, 2591540.329, 96
Trd, 2591541.196, 95
Trd, 2591541.513, 93
Trd, 2591542.029, 91
Trd, 2591545.279, 102
Trd, 2591545.329, 89
Trd, 2591546.196, 90
Trd, 2591546.429, 92
Trd, 2591546.613, 102
Trd, 2591546.879, 108
Trd, 2591547.063, 111
Trd, 2591547.463, 93
Trd, 2591548.063, 93
Trd, 2591548.296, 95
Trd, 2591550.229, 91
Trd, 2591551.313, 87
Trd, 2591552.463, 94
Trd, 2591552.613, 90
Trd, 2591553.463, 98
Trd, 2591553.613, 104
Trd, 2591555.229, 112
Trd, 2591555.513, 124
Trd, 2591556.396, 100
Trd, 2591558.879, 108
Trd, 2591558.963, 106
Trd, 2591559.396, 101
Trd, 2591559.629, 102
Trd, 2591559.713, 109
Trd, 2591560.363, 89
Trd, 2591561.146, 82
Trd, 2591561.163, 84
Trd, 2591561.179, 82
Trd, 2591561.279, 85
Trd, 2591562.429, 81
Trd, 2591563.879, 117
Trd, 2591564.013, 118
Trd, 2591564.796, 81
Trd, 2591564.929, 103
Trd, 2591564.963, 78
Trd, 2591566.896, 98
Trd, 2591567.229, 100
Trd, 2591568.163, 100
Trd, 2591568.396, 94
Trd, 2591568.546, 93
Trd, 2591569.446, 92
Trd, 2591569.996, 99
Trd, 2591570.529, 91
Trd, 2591570.696, 96
Trd, 2591571.179, 102
Trd, 2591572.579, 109
Trd, 2591573.146, 89
Trd, 2591573.263, 88
Trd, 2591574.263, 112
Trd, 2591575.429, 93
Trd, 2591575.946, 88
Trd, 2591577.913, 105
Trd, 2591578.146, 109
Trd, 2591578.263, 110
Trd, 2591578.296, 86
Trd, 2591578.529, 129
Trd, 2591581.179, 98
Trd, 2591581.296, 97
Trd, 2591581.429, 94
Trd, 2591582.446, 92
Trd, 2591582.913, 90
Trd, 2591584.479, 89
Trd, 2591585.446, 90
Trd, 2591585.596, 86
Trd, 2591586.263, 87
Trd, 2591586.279, 90
Trd, 2591587.346, 92
Trd, 2591588.496, 84
Trd, 2591589.563, 112
Trd, 2591589.813, 113
Trd, 2591590.313, 90
Trd, 2591590.479, 86
Trd, 2591591.396, 89
Trd, 2591592.246, 91
Trd, 2591592.263, 92
Trd, 2591592.729, 83
Trd, 2591592.946, 115
Trd, 2591592.996, 87
Trd, 2591596.046, 114
Trd, 2591597.613, 103
Trd, 2591598.879, 103
Trd, 2591599.063, 109
Trd, 2591599.696, 99
Trd, 2591599.796, 113
Trd, 2591600.179, 95
Trd, 2591600.579, 88
Trd, 2591601.096, 87
Trd, 2591601.329, 100
Trd, 2591601.746, 96
Trd, 2591602.429, 98
Trd, 2591603.146, 99
Trd, 2591604.279, 108
Trd, 2591604.929, 109
Trd, 2591605.446, 93
Trd, 2591605.763, 92
Trd, 2591606.663, 91
Trd, 2591606.796, 90
Trd, 2591606.979, 87
Trd, 2591607.479, 84
Trd, 2591609.229, 98
Trd, 2591609.463, 97
Trd, 2591609.529, 110
Trd, 2591609.846, 103
Trd, 2591610.679, 101
Trd, 2591611.046, 95
Trd, 2591612.646, 94
Trd, 2591613.963, 99
Trd, 2591616.146, 92
Trd, 2591616.179, 90
Trd, 2591616.429, 87
Trd, 2591618.246, 91
Trd, 2591618.946, 91
Trd, 2591619.079, 92
Trd, 2591619.463, 90
Trd, 2591619.529, 98
Trd, 2591620.296, 109
Trd, 2591621.229, 108
Trd, 2591621.279, 100
Trd, 2591621.379, 111
Trd, 2591621.713, 89
Trd, 2591622.213, 91
Trd, 2591623.463, 120
Trd, 2591624.946, 103
Trd, 2591626.613, 94
Trd, 2591626.679, 91
Trd, 2591626.913, 90
Trd, 2591627.246, 115
Trd, 2591627.529, 88
Trd, 2591628.563, 104
Trd, 2591628.929, 94
Trd, 2591629.213, 113
Trd, 2591629.496, 91
Trd, 2591630.096, 85
Trd, 2591630.313, 100
Trd, 2591632.896, 91
Trd, 2591634.246, 104
Trd, 2591634.929, 107
Trd, 2591635.779, 102
Trd, 2591635.879, 108
Trd, 2591636.029, 110
Trd, 2591636.713, 100
Trd, 2591636.746, 108
Trd, 2591637.646, 97
Trd, 2591638.329, 95
Trd, 2591638.713, 91
Trd, 2591638.779, 83
Trd, 2591640.479, 84
Trd, 2591640.779, 86
Trd, 2591641.096, 103
Trd, 2591641.329, 85
Trd, 2591643.529, 106
Trd, 2591644.696, 110
Trd, 2591644.713, 109
Trd, 2591644.879, 92
Trd, 2591645.929, 114
Trd, 2591646.146, 91
Trd, 2591647.479, 94
Trd, 2591648.163, 115
Trd, 2591649.346, 111
Trd, 2591649.429, 112
Trd, 2591649.596, 113
Trd, 2591649.679, 101
Trd, 2591651.779, 103
Trd, 2591651.929, 102
Trd, 2591652.896, 102
Trd, 2591653.129, 121
Trd, 2591654.879, 93
Trd, 2591655.329, 93
Trd, 2591656.096, 99
Trd, 2591656.396, 108
Trd, 2591657.363, 95
Trd, 2591657.863, 106
Trd, 2591658.013, 90
Trd, 2591661.429, 95
Trd, 2591661.463, 105
Trd, 2591661.496, 91
Trd, 2591662.413, 90
Trd, 2591662.929, 85
Trd, 2591663.163, 93
Trd, 2591664.196, 109
Trd, 2591664.979, 110
Trd, 2591665.096, 99
Trd, 2591665.146, 93
Trd, 2591667.079, 87
Trd, 2591668.646, 95
Trd, 2591669.513, 95
Trd, 2591669.546, 93
Trd, 2591670.079, 83
Trd, 2591670.346, 82
Trd, 2591671.963, 92
Trd, 2591672.479, 91
Trd, 2591672.513, 92
Trd, 2591673.013, 93
Trd, 2591673.129, 98
Trd, 2591673.563, 107
Trd, 2591674.863, 98
Trd, 2591675.329, 93
Trd, 2591676.263, 95
Trd, 2591677.029, 89
Trd, 2591677.246, 101
Trd, 2591677.896, 98
Trd, 2591679.063, 87
Trd, 2591682.096, 100
Trd, 2591682.863, 101
Trd, 2591683.129, 100
Trd, 2591683.146, 108
Trd, 2591683.246, 98
Trd, 2591683.479, 94
Trd, 2591683.629, 110
Trd, 2591683.763, 92
Trd, 2591685.046, 114
Trd, 2591685.579, 115
Trd, 2591685.963, 110
Trd, 2591687.029, 128
Trd, 2591687.313, 113
Trd, 2591688.163, 112
Trd, 2591689.196, 110
Trd, 2591690.013, 109
Trd, 2591690.279, 110
Trd, 2591690.746, 108
Trd, 2591691.346, 115
Trd, 2591691.963, 103
Trd, 2591694.429, 94
Trd, 2591694.463, 93
Trd, 2591694.713, 108
Trd, 2591695.063, 94
Trd, 2591696.396, 108
Trd, 2591696.796, 89
Trd, 2591696.946, 109
Trd, 2591697.096, 110
Trd, 2591697.129, 87
Trd, 2591699.179, 103
Trd, 2591699.263, 100
Trd, 2591699.846, 99
Trd, 2591700.829, 100
Trd, 2591700.896, 98
Trd, 2591702.446, 93
Trd, 2591702.463, 100
Trd, 2591703.629, 90
Trd, 2591703.879, 90
Trd, 2591704.129, 89
Trd, 2591707.563, 109
Trd, 2591707.929, 111
Trd, 2591708.129, 114
Trd, 2591709.329, 109
Trd, 2591709.446, 92
Trd, 2591709.879, 89
Trd, 2591710.663, 91
Trd, 2591711.746, 107
Trd, 2591712.163, 92
Trd, 2591713.163, 91
Trd, 2591713.179, 107
Trd, 2591713.663, 118
Trd, 2591714.679, 90
Trd, 2591714.779, 87
Trd, 2591715.379, 90
Trd, 2591716.213, 97
Trd, 2591716.429, 88
Trd, 2591716.979, 97
Trd, 2591718.046, 94
Trd, 2591718.096, 98
Trd, 2591718.513, 103
Trd, 2591718.746, 109
Trd, 2591719.246, 91
Trd, 2591719.363, 88
Trd, 2591721.179, 112
Trd, 2591723.879, 100
Trd, 2591724.079, 99
Trd, 2591724.229, 98
Trd, 2591725.413, 99
Trd, 2591725.696, 107
Trd, 2591726.179, 112
Trd, 2591726.346, 95
Trd, 2591727.129, 88
Trd, 2591729.563, 91
Trd, 2591730.746, 106
Trd, 2591730.963, 110
Trd, 2591732.529, 112
Trd, 2591733.079, 93
Trd, 2591733.596, 95
Trd, 2591733.696, 102
Trd, 2591734.513, 96
Trd, 2591734.829, 98
Trd, 2591734.863, 89
Trd, 2591735.179, 85
Trd, 2591735.846, 86
Trd, 2591736.413, 100
Trd, 2591736.679, 85
Trd, 2591737.046, 83
Trd, 2591737.729, 97
Trd, 2591738.996, 99
Trd, 2591739.113, 86
Trd, 2591742.963, 106
Trd, 2591743.596, 107
Trd, 2591744.129, 113
Trd, 2591744.179, 102
Trd, 2591744.429, 97
Trd, 2591744.729, 96
Trd, 2591746.729, 105
Trd, 2591746.813, 117
Trd, 2591746.979, 97
Trd, 2591747.129, 118
Trd, 2591747.646, 114
Trd, 2591748.646, 87
Trd, 2591748.696, 85
Trd, 2591748.996, 85
Trd, 2591749.213, 115
Trd, 2591752.563, 125
Trd, 2591753.329, 106
Trd, 2591753.946, 106
Trd, 2591754.863, 109
Trd, 2591754.896, 112
Trd, 2591755.063, 105
Trd, 2591755.096, 103
Trd, 2591755.529, 123
Trd, 2591755.696, 99
Trd, 2591757.813, 129
Trd, 2591758.996, 118
Trd, 2591759.113, 99
Trd, 2591761.046, 118
Trd, 2591761.129, 108
Trd, 2591762.029, 111
Trd, 2591762.163, 93
Trd, 2591764.946, 94
Trd, 2591765.046, 93
Trd, 2591765.763, 95
Trd, 2591767.029, 96
Trd, 2591768.013, 89
Trd, 2591768.263, 99
Trd, 2591770.813, 90
Trd, 2591771.529, 88
Trd, 2591771.713, 88
Trd, 2591771.796, 86
Trd, 2591771.996, 90
Trd, 2591772.179, 102
Trd, 2591772.263, 109
Trd, 2591772.846, 87
Trd, 2591773.113, 114
Trd, 2591773.396, 86
Trd, 2591773.946, 100
Trd, 2591775.013, 84
Trd, 2591775.079, 93
Trd, 2591775.246, 81
Trd, 2591775.546, 83
Trd, 2591775.563, 94
Trd, 2591776.146, 101
Trd, 2591778.279, 92
Trd, 2591778.596, 97
Trd, 2591783.179, 98
Trd, 2591783.213, 103
Trd, 2591783.329, 109
Trd, 2591783.346, 98
Trd, 2591783.513, 97
Trd, 2591783.613, 94
Trd, 2591785.529, 100
Trd, 2591785.996, 97
Trd, 2591786.063, 97
Trd, 2591786.496, 93
Trd, 2591788.146, 111
Trd, 2591789.046, 101
Trd, 2591789.396, 115
Trd, 2591789.413, 116
Trd, 2591791.379, 105
Trd, 2591791.679, 103
Trd, 2591792.629, 104
Trd, 2591792.729, 100
Trd, 2591793.529, 102
Trd, 2591795.363, 98
Trd, 2591795.929, 95
Trd, 2591796.946, 95
Trd, 2591797.029, 92
Trd, 2591797.896, 87
Trd, 2591798.229, 86
Trd, 2591798.479, 95
Trd, 2591799.196, 94
Trd, 2591800.729, 98
Trd, 2591801.046, 98
Trd, 2591801.729, 109
Trd, 2591802.063, 87
Trd, 2591803.163, 111
Trd, 2591803.596, 114
Trd, 2591804.229, 115
Trd, 2591805.829, 93
Trd, 2591805.963, 91
Trd, 2591807.679, 90
Trd, 2591807.696, 105
Trd, 2591809.129, 111
Trd, 2591809.446, 106
Trd, 2591809.696, 103
Trd, 2591810.463, 112
Trd, 2591811.763, 105
Trd, 2591813.563, 99
Trd, 2591814.896, 100
Trd, 2591815.079, 95
Trd, 2591815.546, 97
Trd, 2591815.863, 98
Trd, 2591816.029, 99
Trd, 2591817.296, 92
Trd, 2591817.879, 110
Trd, 2591818.546, 89
Trd, 2591819.029, 87
Trd, 2591819.196, 87
Trd, 2591820.396, 90
Trd, 2591820.529, 94
Trd, 2591822.196, 93
Trd, 2591822.813, 87
Trd, 2591823.896, 109
Trd, 2591824.146, 108
Trd, 2591824.396, 110
Trd, 2591824.496, 108
Trd, 2591824.513, 102
Trd, 2591825.029, 105
Trd, 2591826.429, 87
Trd, 2591826.696, 84
Trd, 2591829.329, 94
Trd, 2591829.663, 94
Trd, 2591829.996, 95
Trd, 2591830.113, 96
Trd, 2591831.113, 98
Trd, 2591831.146, 101
Trd, 2591831.213, 95
Trd, 2591832.146, 110
Trd, 2591832.179, 108
Trd, 2591833.963, 102
Trd, 2591834.179, 100
Trd, 2591834.663, 95
Trd, 2591836.696, 109
Trd, 2591839.196, 103
Trd, 2591839.396, 97
Trd, 2591839.446, 110
Trd, 2591840.479, 90
Trd, 2591841.679, 87
Trd, 2591842.079, 98
Trd, 2591842.096, 99
Trd, 2591842.179, 110
Trd, 2591842.779, 114
Trd, 2591843.096, 97
Trd, 2591843.913, 91
Trd, 2591846.313, 93
Trd, 2591846.829, 97
Trd, 2591847.479, 90
Trd, 2591849.463, 97
Trd, 2591850.513, 100
Trd, 2591852.696, 93
Trd, 2591852.729, 91
Trd, 2591853.129, 108
Trd, 2591853.213, 94
Trd, 2591853.263, 90
Trd, 2591853.363, 110
Trd, 2591854.063, 113
Trd, 2591854.746, 87
Trd, 2591854.946, 112
Trd, 2591854.996, 117
Trd, 2591855.246, 86
Trd, 2591855.313, 83
Trd, 2591855.946, 83
Trd, 2591856.163, 99
Trd, 2591858.429, 97
Trd, 2591859.863, 108
Trd, 2591860.113, 96
Trd, 2591861.179, 91
Trd, 2591863.529, 91
Trd, 2591863.646, 91
Trd, 2591863.696, 90
Trd, 2591864.846, 97
Trd, 2591865.046, 89
Trd, 2591865.296, 97
Trd, 2591865.863, 87
Trd, 2591866.446, 98
Trd, 2591866.496, 109
Trd, 2591870.296, 87
Trd, 2591871.229, 112
Trd, 2591871.813, 91
Trd, 2591872.579, 89
Trd, 2591873.129, 95
Trd, 2591873.663, 91
Trd, 2591874.346, 110
Trd, 2591874.663, 87
Trd, 2591875.129, 115
Trd, 2591876.479, 97
Trd, 2591877.063, 84
Trd, 2591877.096, 84
Trd, 2591877.546, 81
Trd, 2591877.929, 84
Trd, 2591878.429, 119
Trd, 2591880.196, 100
Trd, 2591880.246, 96
Trd, 2591882.079, 106
Trd, 2591882.113, 105
Trd, 2591882.313, 96
Trd, 2591884.579, 109
Trd, 2591886.113, 111
Trd, 2591886.279, 103
Trd, 2591886.613, 114
Trd, 2591886.679, 114
Trd, 2591886.929, 102
Trd, 2591888.313, 95
Trd, 2591888.629, 124
Trd, 2591889.463, 93
Trd, 2591889.479, 89
Trd, 2591890.846, 86
Trd, 2591891.113, 93
Trd, 2591891.529, 85
Trd, 2591891.663, 92
Trd, 2591892.063, 93
Trd, 2591892.296, 101
Trd, 2591895.096, 111
Trd, 2591895.329, 103
Trd, 2591895.529, 102
Trd, 2591895.946, 112
Trd, 2591896.613, 95
Trd, 2591896.846, 91
Trd, 2591897.529, 112
Trd, 2591899.396, 98
Trd, 2591899.413, 99
Trd, 2591901.496, 97
Trd, 2591902.579, 95
Trd, 2591902.713, 94
Trd, 2591902.863, 93
Trd, 2591903.796, 102
Trd, 2591904.313, 102
Trd, 2591905.213, 106
Trd, 2591905.679, 88
Trd, 2591906.679, 89
Trd, 2591907.096, 87
Trd, 2591909.279, 99
Trd, 2591909.396, 92
Trd, 2591910.696, 89
Trd, 2591911.513, 95
Trd, 2591912.529, 93
Trd, 2591912.613, 96
Trd, 2591912.813, 97
Trd, 2591913.596, 99
Trd, 2591914.829, 99
Trd, 2591915.379, 109
Trd, 2591918.096, 106
Trd, 2591918.446, 108
Trd, 2591918.579, 104
Trd, 2591918.663, 103
Trd, 2591919.146, 100
Trd, 2591919.846, 109
Trd, 2591919.896, 102
Trd, 2591920.179, 112
Trd, 2591921.746, 95
Trd, 2591922.046, 103
Trd, 2591922.879, 92
Trd, 2591923.579, 92
Trd, 2591925.996, 87
Trd, 2591927.196, 100
Trd, 2591927.246, 82
Trd, 2591928.046, 87
Trd, 2591928.413, 105
Trd, 2591928.996, 112
Trd, 2591929.246, 109
Trd, 2591929.329, 94
Trd, 2591930.829, 91
Trd, 2591933.229, 96
Trd, 2591933.379, 90
Trd, 2591933.629, 99
Trd, 2591933.779, 86
Trd, 2591933.863, 87
Trd, 2591933.896, 87
Trd, 2591934.113, 85
Trd, 2591934.729, 85
Trd, 2591935.413, 106
Trd, 2591935.496, 111
Trd, 2591936.963, 81
Trd, 2591937.246, 81
Trd, 2591937.946, 99
Trd, 2591938.363, 114
Trd, 2591938.529, 87
Trd, 2591940.379, 103
Trd, 2591941.829, 101
Trd, 2591942.479, 108
Trd, 2591942.579, 103
Trd, 2591945.063, 98
Trd, 2591945.079, 96
Trd, 2591945.096, 107
Trd, 2591946.263, 90
Trd, 2591946.379, 109
Trd, 2591946.946, 89
Trd, 2591947.496, 111
Trd, 2591950.013, 86
Trd, 2591950.079, 87
Trd, 2591950.346, 102
Trd, 2591951.879, 92
Trd, 2591952.646, 100
Trd, 2591953.446, 104
Trd, 2591953.813, 98
Trd, 2591953.913, 91
Trd, 2591954.713, 117
Trd, 2591956.146, 87
Trd, 2591957.513, 99
Trd, 2591957.596, 109
Trd, 2591957.796, 98
Trd, 2591958.279, 94
Trd, 2591958.996, 101
Trd, 2591959.679, 90
Trd, 2591960.046, 108
Trd, 2591960.613, 102
Trd, 2591961.346, 97
Trd, 2591962.763, 108
Trd, 2591963.913, 108
Trd, 2591964.179, 92
Trd, 2591964.779, 111
Trd, 2591968.613, 107
Trd, 2591968.679, 92
Trd, 2591969.079, 101
Trd, 2591969.213, 104
Trd, 2591970.296, 105
Trd, 2591970.313, 110
Trd, 2591971.396, 94
Trd, 2591971.579, 93
Trd, 2591971.946, 90
Trd, 2591972.379, 108
Trd, 2591972.613, 88
Trd, 2591972.629, 112
Trd, 2591972.796, 88
Trd, 2591973.829, 98
Trd, 2591974.646, 112
Trd, 2591974.729, 111
Trd, 2591976.646, 100
Trd, 2591976.979, 109
Trd, 2591978.246, 98
Trd, 2591980.346, 94
Trd, 2591980.663, 100
Trd, 2591980.913, 101
Trd, 2591980.929, 109
Trd, 2591981.213, 91
Trd, 2591981.546, 94
Trd, 2591982.213, 91
Trd, 2591982.279, 90
Trd, 2591982.529, 113
Trd, 2591983.613, 94
Trd, 2591984.413, 106
Trd, 2591984.979, 93
Trd, 2591985.613, 102
Trd, 2591985.913, 87
Trd, 2591986.196, 88
Trd, 2591986.713, 83
Trd, 2591988.096, 111
Trd, 2591988.129, 115
Trd, 2591988.563, 94
Trd, 2591988.863, 87
Trd, 2591988.979, 84
Trd, 2591989.413, 89
Trd, 2591991.579, 115
Trd, 2591992.713, 109
Trd, 2591993.346, 101
Trd, 2591994.146, 89
Trd, 2591995.929, 92
Trd, 2591996.213, 87
Trd, 2591997.046, 109
Trd, 2591997.396, 90
Trd, 2591997.813, 92
Trd, 2591998.579, 109
Trd, 2591999.129, 87
Trd, 2591999.579, 92
Trd, 2591999.729, 91
