Trd, 2590638.029, 108
Trd, 2590638.146, 106
Trd, 2590639.113, 117
Trd, 2590640.013, 105
Trd, 2590640.596, 105
Trd, 2590642.229, 105
Trd, 2590642.513, 105
Trd, 2590642.963, 104
Trd, 2590643.713, 97
Trd, 2590643.979, 96
Trd, 2590644.079, 87
Trd, 2590644.179, 105
Trd, 2590644.413, 103
Trd, 2590644.479, 118
Trd, 2590644.679, 84
Trd, 2590645.696, 99
Trd, 2590646.529, 101
Trd, 2590647.279, 101
Trd, 2590648.113, 108
Trd, 2590651.146, 105
Trd, 2590651.496, 105
Trd, 2590653.463, 86
Trd, 2590653.879, 92
Trd, 2590654.963, 92
Trd, 2590655.046, 97
Trd, 2590655.146, 89
Trd, 2590656.729, 88
Trd, 2590657.113, 95
Trd, 2590657.663, 93
Trd, 2590658.613, 92
Trd, 2590660.796, 95
Trd, 2590661.229, 99
Trd, 2590661.313, 95
Trd, 2590661.413, 93
Trd, 2590661.813, 98
Trd, 2590662.446, 99
Trd, 2590662.696, 103
Trd, 2590663.513, 98
Trd, 2590665.296, 102
Trd, 2590665.579, 98
Trd, 2590666.263, 97
Trd, 2590666.763, 97
Trd, 2590666.996, 95
Trd, 2590667.513, 100
Trd, 2590667.796, 93
Trd, 2590668.579, 92
Trd, 2590668.746, 96
Trd, 2590669.513, 95
Trd, 2590672.813, 111
Trd, 2590673.396, 110
Trd, 2590673.779, 108
Trd, 2590673.813, 107
Trd, 2590674.646, 104
Trd, 2590675.696, 94
Trd, 2590675.713, 93
Trd, 2590675.896, 103
Trd, 2590676.329, 90
Trd, 2590677.229, 105
Trd, 2590677.463, 106
Trd, 2590678.029, 92
Trd, 2590679.346, 96
Trd, 2590680.513, 92
Trd, 2590680.796, 99
Trd, 2590683.529, 95
Trd, 2590683.629, 95
Trd, 2590684.013, 101
Trd, 2590684.196, 94
Trd, 2590685.679, 106
Trd, 2590685.746, 104
Trd, 2590686.213, 107
Trd, 2590686.929, 98
Trd, 2590687.096, 96
Trd, 2590688.763, 89
Trd, 2590688.979, 88
Trd, 2590689.496, 109
Trd, 2590690.663, 87
Trd, 2590691.529, 103
Trd, 2590693.296, 91
Trd, 2590694.279, 96
Trd, 2590695.679, 96
Trd, 2590696.379, 92
Trd, 2590696.846, 93
Trd, 2590696.929, 87
Trd, 2590697.563, 102
Trd, 2590698.363, 104
Trd, 2590698.396, 106
Trd, 2590698.529, 103
Trd, 2590698.763, 100
Trd, 2590699.429, 98
Trd, 2590700.296, 108
Trd, 2590701.129, 94
Trd, 2590702.746, 100
Trd, 2590702.863, 85
Trd, 2590706.029, 98
Trd, 2590707.413, 99
Trd, 2590707.479, 98
Trd, 2590707.746, 97
Trd, 2590707.963, 97
Trd, 2590709.129, 103
Trd, 2590709.163, 97
Trd, 2590709.813, 90
Trd, 2590710.579, 90
Trd, 2590710.879, 88
Trd, 2590711.529, 102
Trd, 2590712.729, 94
Trd, 2590712.746, 103
Trd, 2590715.713, 98
Trd, 2590716.229, 99
Trd, 2590716.329, 98
Trd, 2590717.479, 102
Trd, 2590717.546, 96
Trd, 2590718.813, 95
Trd, 2590719.463, 92
Trd, 2590719.846, 98
Trd, 2590719.896, 91
Trd, 2590720.446, 104
Trd, 2590720.579, 104
Trd, 2590721.263, 90
Trd, 2590722.546, 96
Trd, 2590723.646, 98
Trd, 2590725.129, 97
Trd, 2590725.879, 104
Trd, 2590726.546, 104
Trd, 2590726.563, 94
Trd, 2590728.679, 94
Trd, 2590729.496, 92
Trd, 2590729.613, 96
Trd, 2590729.779, 92
Trd, 2590730.313, 91
Trd, 2590730.479, 98
Trd, 2590731.696, 87
Trd, 2590731.979, 87
Trd, 2590732.163, 91
Trd, 2590732.379, 86
Trd, 2590734.363, 95
Trd, 2590736.596, 102
Trd, 2590737.579, 97
Trd, 2590738.129, 100
Trd, 2590738.513, 99
Trd, 2590738.629, 97
Trd, 2590738.796, 93
Trd, 2590739.029, 102
Trd, 2590739.413, 92
Trd, 2590740.146, 94
Trd, 2590740.446, 107
Trd, 2590741.079, 107
Trd, 2590741.329, 99
Trd, 2590742.129, 111
Trd, 2590742.263, 111
Trd, 2590742.629, 99
Trd, 2590744.079, 115
Trd, 2590745.379, 104
Trd, 2590745.513, 97
Trd, 2590746.929, 108
Trd, 2590749.096, 100
Trd, 2590749.646, 96
Trd, 2590750.079, 100
Trd, 2590750.529, 101
Trd, 2590750.779, 108
Trd, 2590751.679, 102
Trd, 2590752.429, 99
Trd, 2590752.496, 99
Trd, 2590753.229, 98
Trd, 2590753.646, 96
Trd, 2590753.963, 94
Trd, 2590754.746, 88
Trd, 2590756.046, 94
Trd, 2590756.113, 93
Trd, 2590756.379, 94
Trd, 2590758.113, 98
Trd, 2590760.746, 98
Trd, 2590761.329, 96
Trd, 2590762.296, 96
Trd, 2590763.479, 100
Trd, 2590764.863, 98
Trd, 2590766.679, 100
Trd, 2590767.179, 99
Trd, 2590767.329, 100
Trd, 2590767.429, 106
Trd, 2590767.463, 106
Trd, 2590768.963, 101
Trd, 2590769.329, 99
Trd, 2590770.163, 108
Trd, 2590770.229, 108
Trd, 2590770.263, 99
Trd, 2590772.179, 99
Trd, 2590772.246, 98
Trd, 2590774.513, 101
Trd, 2590774.863, 98
Trd, 2590775.046, 115
Trd, 2590775.263, 99
Trd, 2590775.379, 93
Trd, 2590776.596, 89
Trd, 2590777.213, 94
Trd, 2590778.513, 100
Trd, 2590779.979, 98
Trd, 2590780.146, 97
Trd, 2590780.379, 96
Trd, 2590782.379, 100
Trd, 2590782.929, 95
Trd, 2590783.679, 94
Trd, 2590783.846, 89
Trd, 2590783.996, 95
Trd, 2590785.129, 89
Trd, 2590785.363, 89
Trd, 2590786.529, 94
Trd, 2590786.896, 93
Trd, 2590787.446, 97
Trd, 2590788.196, 103
Trd, 2590788.663, 101
Trd, 2590789.229, 89
Trd, 2590792.179, 108
Trd, 2590792.663, 101
Trd, 2590793.629, 106
Trd, 2590793.963, 107
Trd, 2590794.463, 105
Trd, 2590795.163, 110
Trd, 2590796.546, 110
Trd, 2590797.113, 116
Trd, 2590797.313, 111
Trd, 2590797.729, 108
Trd, 2590798.029, 106
Trd, 2590799.746, 113
Trd, 2590800.429, 104
Trd, 2590800.579, 105
Trd, 2590800.729, 101
Trd, 2590800.779, 101
Trd, 2590800.946, 105
Trd, 2590802.563, 93
Trd, 2590804.163, 93
Trd, 2590804.896, 97
Trd, 2590805.929, 92
Trd, 2590806.529, 97
Trd, 2590808.113, 91
Trd, 2590809.079, 87
Trd, 2590809.446, 88
Trd, 2590809.596, 87
Trd, 2590810.663, 90
Trd, 2590811.696, 89
Trd, 2590812.196, 92
Trd, 2590812.796, 92
Trd, 2590813.713, 92
Trd, 2590814.396, 107
Trd, 2590815.779, 113
Trd, 2590816.229, 100
Trd, 2590816.529, 99
Trd, 2590817.513, 98
Trd, 2590817.863, 98
Trd, 2590818.213, 97
Trd, 2590818.846, 88
Trd, 2590819.196, 101
Trd, 2590820.096, 94
Trd, 2590820.696, 91
Trd, 2590822.079, 91
Trd, 2590822.246, 92
Trd, 2590822.296, 101
Trd, 2590822.396, 89
Trd, 2590822.546, 87
Trd, 2590824.246, 86
Trd, 2590825.313, 91
Trd, 2590826.279, 88
Trd, 2590826.579, 91
Trd, 2590827.529, 94
Trd, 2590828.613, 97
Trd, 2590829.313, 92
Trd, 2590829.946, 101
Trd, 2590831.346, 93
Trd, 2590831.463, 92
Trd, 2590832.329, 90
Trd, 2590833.363, 105
Trd, 2590834.029, 101
Trd, 2590834.179, 98
Trd, 2590834.246, 99
Trd, 2590835.079, 97
Trd, 2590837.579, 97
Trd, 2590837.746, 97
Trd, 2590838.163, 99
Trd, 2590838.663, 95
Trd, 2590838.679, 95
Trd, 2590840.063, 95
Trd, 2590840.529, 94
Trd, 2590842.146, 91
Trd, 2590842.763, 91
Trd, 2590842.779, 90
Trd, 2590843.763, 87
Trd, 2590845.129, 99
Trd, 2590845.429, 98
Trd, 2590845.613, 101
Trd, 2590845.946, 97
Trd, 2590846.213, 101
Trd, 2590847.529, 98
Trd, 2590848.279, 95
Trd, 2590848.496, 93
Trd, 2590848.963, 97
Trd, 2590850.496, 107
Trd, 2590851.029, 108
Trd, 2590851.879, 95
Trd, 2590854.696, 105
Trd, 2590855.229, 101
Trd, 2590856.029, 103
Trd, 2590856.129, 102
Trd, 2590856.913, 101
Trd, 2590857.346, 103
Trd, 2590857.396, 108
Trd, 2590857.546, 102
Trd, 2590858.813, 100
Trd, 2590859.696, 98
Trd, 2590860.496, 98
Trd, 2590860.646, 95
Trd, 2590861.663, 102
Trd, 2590862.079, 97
Trd, 2590864.429, 98
Trd, 2590867.363, 101
Trd, 2590867.946, 98
Trd, 2590868.313, 99
Trd, 2590868.379, 98
Trd, 2590868.663, 97
Trd, 2590869.063, 101
Trd, 2590869.179, 102
Trd, 2590869.913, 96
Trd, 2590870.796, 92
Trd, 2590871.263, 102
Trd, 2590871.879, 102
Trd, 2590872.479, 93
Trd, 2590872.913, 92
Trd, 2590872.996, 90
Trd, 2590873.913, 106
Trd, 2590874.163, 98
Trd, 2590874.563, 98
Trd, 2590874.813, 99
Trd, 2590875.413, 101
Trd, 2590875.979, 97
Trd, 2590877.196, 100
Trd, 2590877.529, 100
Trd, 2590877.663, 102
Trd, 2590877.963, 104
Trd, 2590878.246, 100
Trd, 2590880.713, 97
Trd, 2590881.479, 98
Trd, 2590882.696, 100
Trd, 2590883.696, 104
Trd, 2590884.796, 99
Trd, 2590885.546, 106
Trd, 2590885.796, 108
Trd, 2590886.663, 99
Trd, 2590888.013, 96
Trd, 2590889.729, 95
Trd, 2590890.396, 98
Trd, 2590890.829, 109
Trd, 2590892.079, 98
Trd, 2590892.229, 103
Trd, 2590892.296, 96
Trd, 2590892.963, 99
Trd, 2590895.129, 97
Trd, 2590895.379, 97
Trd, 2590895.529, 96
Trd, 2590895.829, 97
Trd, 2590897.429, 98
Trd, 2590897.663, 96
Trd, 2590898.946, 100
Trd, 2590899.463, 98
Trd, 2590900.379, 99
Trd, 2590900.879, 97
Trd, 2590901.463, 91
Trd, 2590901.596, 86
Trd, 2590902.579, 101
Trd, 2590903.146, 101
Trd, 2590904.563, 110
Trd, 2590906.696, 102
Trd, 2590907.013, 102
Trd, 2590907.763, 102
Trd, 2590907.929, 101
Trd, 2590908.529, 101
Trd, 2590908.779, 96
Trd, 2590909.863, 88
Trd, 2590910.179, 91
Trd, 2590910.529, 86
Trd, 2590911.746, 97
Trd, 2590912.296, 104
Trd, 2590912.746, 93
Trd, 2590913.996, 91
Trd, 2590914.413, 96
Trd, 2590914.679, 94
Trd, 2590916.179, 89
Trd, 2590916.363, 96
Trd, 2590917.696, 96
Trd, 2590919.196, 97
Trd, 2590919.646, 96
Trd, 2590920.496, 99
Trd, 2590921.379, 111
Trd, 2590921.413, 102
Trd, 2590922.596, 101
Trd, 2590923.696, 105
Trd, 2590924.446, 108
Trd, 2590924.763, 105
Trd, 2590925.246, 101
Trd, 2590926.613, 102
Trd, 2590927.379, 101
Trd, 2590927.463, 104
Trd, 2590928.379, 104
Trd, 2590928.829, 96
Trd, 2590929.279, 101
Trd, 2590929.779, 116
Trd, 2590930.496, 99
Trd, 2590930.713, 118
Trd, 2590930.796, 98
Trd, 2590932.096, 103
Trd, 2590933.229, 99
Trd, 2590933.379, 102
Trd, 2590933.396, 97
Trd, 2590934.729, 104
Trd, 2590939.079, 103
Trd, 2590939.679, 102
Trd, 2590940.196, 102
Trd, 2590941.079, 100
Trd, 2590941.129, 100
Trd, 2590941.163, 98
Trd, 2590941.713, 101
Trd, 2590943.279, 97
Trd, 2590943.679, 97
Trd, 2590944.279, 94
Trd, 2590944.329, 101
Trd, 2590944.579, 89
Trd, 2590947.346, 107
Trd, 2590947.729, 108
Trd, 2590948.046, 107
Trd, 2590948.279, 106
Trd, 2590948.563, 107
Trd, 2590949.179, 103
Trd, 2590949.329, 103
Trd, 2590950.313, 102
Trd, 2590950.413, 100
Trd, 2590950.546, 95
Trd, 2590950.929, 103
Trd, 2590951.179, 101
Trd, 2590952.863, 98
Trd, 2590953.163, 98
Trd, 2590953.246, 94
Trd, 2590954.646, 101
Trd, 2590955.929, 100
Trd, 2590956.679, 99
Trd, 2590957.329, 95
Trd, 2590957.496, 94
Trd, 2590958.696, 99
Trd, 2590958.729, 104
Trd, 2590959.929, 98
Trd, 2590961.463, 101
Trd, 2590963.179, 101
Trd, 2590963.363, 99
Trd, 2590965.379, 105
Trd, 2590967.463, 102
Trd, 2590968.713, 103
Trd, 2590969.213, 102
Trd, 2590969.229, 101
Trd, 2590969.596, 100
Trd, 2590969.746, 104
Trd, 2590970.329, 101
Trd, 2590970.879, 105
Trd, 2590972.413, 97
Trd, 2590972.496, 104
Trd, 2590973.346, 104
Trd, 2590973.396, 97
Trd, 2590973.429, 91
Trd, 2590974.429, 97
Trd, 2590975.096, 104
Trd, 2590975.913, 108
Trd, 2590976.129, 87
Trd, 2590978.496, 94
Trd, 2590979.213, 97
Trd, 2590980.079, 97
Trd, 2590980.446, 96
Trd, 2590980.679, 97
Trd, 2590980.829, 97
Trd, 2590980.896, 101
Trd, 2590981.713, 96
Trd, 2590984.196, 99
Trd, 2590984.979, 94
Trd, 2590985.179, 93
Trd, 2590986.379, 105
Trd, 2590987.579, 100
Trd, 2590987.929, 103
Trd, 2590988.463, 97
Trd, 2590988.613, 101
Trd, 2590988.696, 95
Trd, 2590988.996, 93
Trd, 2590989.379, 88
Trd, 2590989.796, 90
Trd, 2590990.346, 99
Trd, 2590990.696, 98
Trd, 2590992.129, 108
Trd, 2590993.179, 98
Trd, 2590994.013, 103
Trd, 2590994.329, 95
Trd, 2590995.579, 98
Trd, 2590996.179, 88
Trd, 2590996.363, 88
Trd, 2590997.513, 98
Trd, 2590997.879, 98
Trd, 2590998.763, 94
Trd, 2590999.179, 93
Trd, 2590999.696, 95
Trd, 2590999.729, 100
Trd, 2591000.029, 87
Trd, 2591001.179, 91
Trd, 2591002.146, 101
Trd, 2591002.263, 89
Trd, 2591003.596, 94
Trd, 2591004.196, 95
Trd, 2591005.913, 93
Trd, 2591006.079, 93
Trd, 2591006.713, 93
Trd, 2591006.729, 89
Trd, 2591007.146, 91
Trd, 2591007.363, 101
Trd, 2591008.713, 105
Trd, 2591013.063, 98
Trd, 2591013.079, 97
Trd, 2591014.079, 97
Trd, 2591014.113, 108
Trd, 2591016.146, 97
Trd, 2591016.996, 100
Trd, 2591017.096, 99
Trd, 2591017.329, 104
Trd, 2591018.596, 100
Trd, 2591018.746, 105
Trd, 2591019.629, 99
Trd, 2591020.213, 109
Trd, 2591021.596, 99
Trd, 2591022.413, 97
Trd, 2591023.496, 107
Trd, 2591023.829, 103
Trd, 2591023.979, 109
Trd, 2591024.463, 109
Trd, 2591026.296, 103
Trd, 2591027.279, 105
Trd, 2591027.363, 106
Trd, 2591027.746, 104
Trd, 2591027.863, 104
Trd, 2591028.396, 101
Trd, 2591028.679, 99
Trd, 2591028.879, 101
Trd, 2591030.113, 91
Trd, 2591030.629, 88
Trd, 2591030.696, 101
Trd, 2591030.796, 107
Trd, 2591032.729, 104
Trd, 2591033.179, 111
Trd, 2591033.829, 91
Trd, 2591034.096, 87
Trd, 2591035.363, 87
Trd, 2591035.379, 101
Trd, 2591037.696, 98
Trd, 2591039.279, 94
Trd, 2591040.213, 90
Trd, 2591040.746, 90
Trd, 2591040.979, 94
Trd, 2591042.279, 106
Trd, 2591043.113, 90
Trd, 2591043.463, 91
Trd, 2591044.613, 93
Trd, 2591045.029, 95
Trd, 2591046.096, 92
Trd, 2591046.179, 88
Trd, 2591047.196, 101
Trd, 2591048.879, 98
Trd, 2591048.896, 104
Trd, 2591050.113, 97
Trd, 2591050.229, 94
Trd, 2591051.063, 106
Trd, 2591051.179, 95
Trd, 2591051.396, 94
Trd, 2591052.046, 109
Trd, 2591052.413, 87
Trd, 2591053.446, 106
Trd, 2591054.379, 98
Trd, 2591054.913, 97
Trd, 2591055.196, 96
Trd, 2591055.696, 95
Trd, 2591055.779, 87
Trd, 2591057.213, 100
Trd, 2591057.279, 92
Trd, 2591057.413, 104
Trd, 2591059.696, 97
Trd, 2591059.996, 108
Trd, 2591061.746, 106
Trd, 2591063.163, 104
Trd, 2591064.013, 103
Trd, 2591064.513, 101
Trd, 2591064.713, 105
Trd, 2591064.779, 100
Trd, 2591065.663, 100
Trd, 2591066.796, 109
Trd, 2591067.029, 108
Trd, 2591067.629, 103
Trd, 2591068.046, 112
Trd, 2591068.063, 87
Trd, 2591069.263, 108
Trd, 2591069.546, 101
Trd, 2591069.846, 86
Trd, 2591070.863, 82
Trd, 2591071.463, 91
Trd, 2591072.779, 94
Trd, 2591072.863, 91
Trd, 2591073.446, 90
Trd, 2591074.679, 84
Trd, 2591074.713, 84
Trd, 2591075.413, 103
Trd, 2591079.329, 99
Trd, 2591079.346, 99
Trd, 2591080.263, 98
Trd, 2591080.279, 103
Trd, 2591080.463, 97
Trd, 2591081.796, 101
Trd, 2591081.829, 100
Trd, 2591081.929, 96
Trd, 2591082.029, 114
Trd, 2591082.496, 96
Trd, 2591085.063, 100
Trd, 2591085.546, 96
Trd, 2591086.096, 94
Trd, 2591086.479, 105
Trd, 2591086.863, 90
Trd, 2591087.046, 112
Trd, 2591089.179, 106
Trd, 2591089.863, 99
Trd, 2591091.163, 101
Trd, 2591091.179, 94
Trd, 2591091.896, 93
Trd, 2591092.179, 91
Trd, 2591093.163, 91
Trd, 2591095.013, 93
Trd, 2591095.379, 96
Trd, 2591096.613, 100
Trd, 2591097.046, 97
Trd, 2591097.529, 102
Trd, 2591098.113, 100
Trd, 2591099.179, 99
Trd, 2591100.213, 96
Trd, 2591100.363, 107
Trd, 2591100.596, 95
Trd, 2591100.729, 93
Trd, 2591101.279, 89
Trd, 2591101.529, 88
Trd, 2591103.113, 115
Trd, 2591103.746, 94
Trd, 2591103.946, 93
Trd, 2591105.796, 93
Trd, 2591107.846, 97
Trd, 2591108.013, 94
Trd, 2591108.063, 97
Trd, 2591108.163, 101
Trd, 2591108.229, 93
Trd, 2591108.513, 104
Trd, 2591108.679, 93
Trd, 2591109.296, 89
Trd, 2591109.313, 89
Trd, 2591110.896, 90
Trd, 2591111.679, 86
Trd, 2591111.763, 86
Trd, 2591112.713, 86
Trd, 2591113.296, 103
Trd, 2591114.779, 91
Trd, 2591115.296, 90
Trd, 2591115.746, 91
Trd, 2591116.213, 84
Trd, 2591117.363, 83
Trd, 2591117.646, 87
Trd, 2591118.663, 97
Trd, 2591118.863, 95
Trd, 2591120.863, 100
Trd, 2591122.063, 102
Trd, 2591122.696, 100
Trd, 2591123.529, 101
Trd, 2591125.363, 99
Trd, 2591125.496, 101
Trd, 2591126.213, 105
Trd, 2591126.546, 101
Trd, 2591126.829, 104
Trd, 2591127.579, 100
Trd, 2591128.246, 102
Trd, 2591128.263, 108
Trd, 2591128.696, 97
Trd, 2591129.396, 96
Trd, 2591129.496, 95
Trd, 2591130.379, 103
Trd, 2591130.579, 103
Trd, 2591132.896, 101
Trd, 2591133.179, 102
Trd, 2591133.379, 105
Trd, 2591133.496, 109
Trd, 2591134.063, 100
Trd, 2591134.096, 98
Trd, 2591134.396, 94
Trd, 2591135.813, 116
Trd, 2591136.496, 102
Trd, 2591137.163, 97
Trd, 2591138.379, 106
Trd, 2591138.646, 93
Trd, 2591139.896, 90
Trd, 2591141.063, 89
Trd, 2591141.779, 97
Trd, 2591141.913, 93
Trd, 2591143.996, 93
Trd, 2591145.629, 94
Trd, 2591146.146, 101
Trd, 2591146.913, 98
Trd, 2591148.113, 98
Trd, 2591148.596, 97
Trd, 2591149.179, 96
Trd, 2591150.279, 102
Trd, 2591150.563, 101
Trd, 2591151.146, 95
Trd, 2591152.863, 98
Trd, 2591153.029, 88
Trd, 2591154.579, 101
Trd, 2591156.829, 95
Trd, 2591156.896, 106
Trd, 2591157.813, 101
Trd, 2591158.346, 100
Trd, 2591159.396, 100
Trd, 2591159.529, 99
Trd, 2591160.029, 97
Trd, 2591160.179, 96
Trd, 2591161.246, 95
Trd, 2591161.563, 95
Trd, 2591161.779, 91
Trd, 2591162.063, 92
Trd, 2591162.296, 87
Trd, 2591163.863, 93
Trd, 2591164.763, 100
Trd, 2591165.579, 88
Trd, 2591166.079, 93
Trd, 2591166.613, 91
Trd, 2591166.779, 89
Trd, 2591168.096, 92
Trd, 2591168.229, 109
Trd, 2591168.796, 89
Trd, 2591169.446, 88
Trd, 2591169.696, 98
Trd, 2591170.479, 88
Trd, 2591172.013, 100
Trd, 2591173.279, 89
Trd, 2591174.863, 95
Trd, 2591175.079, 89
Trd, 2591177.229, 94
Trd, 2591177.329, 93
Trd, 2591177.413, 96
Trd, 2591177.929, 93
Trd, 2591179.063, 90
Trd, 2591179.463, 89
Trd, 2591179.896, 102
Trd, 2591179.963, 105
Trd, 2591180.029, 97
Trd, 2591180.046, 108
Trd, 2591181.263, 91
Trd, 2591181.729, 91
Trd, 2591182.496, 91
Trd, 2591182.929, 90
Trd, 2591183.063, 91
Trd, 2591185.263, 106
Trd, 2591186.196, 100
Trd, 2591186.413, 108
Trd, 2591186.446, 105
Trd, 2591187.163, 98
Trd, 2591189.663, 100
Trd, 2591189.979, 98
Trd, 2591190.396, 95
Trd, 2591191.046, 95
Trd, 2591192.346, 90
Trd, 2591192.529, 95
Trd, 2591192.629, 96
Trd, 2591193.846, 88
Trd, 2591194.046, 94
Trd, 2591195.463, 111
Trd, 2591197.129, 92
Trd, 2591198.379, 95
Trd, 2591198.463, 90
Trd, 2591198.713, 96
Trd, 2591199.429, 96
Trd, 2591200.213, 89
Trd, 2591201.529, 95
Trd, 2591201.679, 94
Trd, 2591203.396, 96
Trd, 2591205.079, 90
Trd, 2591205.329, 92
Trd, 2591206.096, 96
Trd, 2591206.829, 98
Trd, 2591207.796, 94
Trd, 2591207.946, 93
Trd, 2591208.329, 91
Trd, 2591208.463, 88
Trd, 2591208.796, 101
Trd, 2591210.629, 102
Trd, 2591211.179, 97
Trd, 2591212.729, 94
Trd, 2591213.096, 93
Trd, 2591213.596, 93
Trd, 2591214.463, 103
Trd, 2591216.979, 95
Trd, 2591217.879, 103
Trd, 2591217.896, 96
Trd, 2591218.113, 98
Trd, 2591219.196, 95
Trd, 2591219.229, 94
Trd, 2591219.396, 111
Trd, 2591219.713, 108
Trd, 2591220.079, 103
Trd, 2591220.679, 110
Trd, 2591221.029, 114
Trd, 2591221.663, 102
Trd, 2591221.913, 100
Trd, 2591222.479, 87
Trd, 2591224.746, 110
Trd, 2591225.079, 98
Trd, 2591225.946, 103
Trd, 2591225.979, 95
Trd, 2591226.879, 97
Trd, 2591227.246, 108
Trd, 2591227.496, 97
Trd, 2591229.146, 108
Trd, 2591229.663, 100
Trd, 2591231.263, 97
Trd, 2591231.529, 107
Trd, 2591233.213, 92
Trd, 2591233.229, 92
Trd, 2591233.713, 87
Trd, 2591235.396, 97
Trd, 2591236.363, 104
Trd, 2591238.363, 103
Trd, 2591238.896, 100
Trd, 2591238.913, 98
Trd, 2591241.179, 100
Trd, 2591241.463, 99
Trd, 2591241.479, 100
Trd, 2591241.829, 97
Trd, 2591242.813, 99
Trd, 2591243.113, 102
Trd, 2591244.613, 97
Trd, 2591245.379, 101
Trd, 2591246.329, 104
Trd, 2591247.013, 98
Trd, 2591247.529, 96
Trd, 2591247.563, 99
Trd, 2591247.829, 96
Trd, 2591248.696, 95
Trd, 2591249.446, 108
Trd, 2591249.913, 97
Trd, 2591251.363, 99
Trd, 2591251.546, 96
Trd, 2591252.496, 98
Trd, 2591254.979, 108
Trd, 2591255.613, 112
Trd, 2591256.163, 109
Trd, 2591256.979, 102
Trd, 2591257.563, 107
Trd, 2591258.113, 104
Trd, 2591258.246, 101
Trd, 2591260.196, 104
Trd, 2591260.563, 95
Trd, 2591261.379, 95
Trd, 2591262.463, 96
Trd, 2591262.979, 104
Trd, 2591263.246, 101
Trd, 2591264.096, 96
Trd, 2591264.229, 97
Trd, 2591264.929, 96
Trd, 2591265.429, 94
Trd, 2591265.563, 99
Trd, 2591265.779, 103
Trd, 2591267.229, 111
Trd, 2591267.796, 115
Trd, 2591269.129, 101
Trd, 2591269.463, 108
Trd, 2591271.196, 103
Trd, 2591271.213, 105
Trd, 2591271.713, 104
Trd, 2591272.313, 102
Trd, 2591272.663, 98
Trd, 2591273.046, 106
Trd, 2591273.396, 96
Trd, 2591275.196, 97
Trd, 2591275.313, 95
Trd, 2591275.779, 97
Trd, 2591276.063, 95
Trd, 2591277.129, 102
Trd, 2591277.379, 95
Trd, 2591278.146, 92
Trd, 2591279.413, 92
Trd, 2591279.579, 89
Trd, 2591283.196, 98
Trd, 2591283.396, 97
Trd, 2591283.463, 96
Trd, 2591284.963, 92
Trd, 2591285.113, 98
Trd, 2591287.463, 98
Trd, 2591289.196, 98
Trd, 2591290.163, 101
Trd, 2591291.213, 101
Trd, 2591291.496, 101
Trd, 2591291.696, 100
Trd, 2591291.729, 112
Trd, 2591291.879, 98
Trd, 2591292.463, 98
Trd, 2591293.263, 97
Trd, 2591293.579, 102
Trd, 2591293.746, 98
Trd, 2591294.279, 100
Trd, 2591294.829, 95
Trd, 2591294.963, 85
Trd, 2591296.463, 94
Trd, 2591296.563, 100
Trd, 2591300.013, 88
Trd, 2591301.013, 96
Trd, 2591301.529, 102
Trd, 2591302.063, 97
Trd, 2591302.596, 103
Trd, 2591303.479, 98
Trd, 2591303.779, 98
Trd, 2591305.163, 101
Trd, 2591305.229, 100
Trd, 2591305.779, 105
Trd, 2591307.029, 106
Trd, 2591308.029, 97
Trd, 2591308.429, 96
Trd, 2591308.663, 101
Trd, 2591309.446, 92
Trd, 2591310.613, 106
Trd, 2591311.346, 97
Trd, 2591312.229, 97
Trd, 2591312.896, 109
Trd, 2591314.329, 100
Trd, 2591315.496, 103
Trd, 2591316.096, 107
Trd, 2591316.563, 101
Trd, 2591319.096, 101
Trd, 2591319.113, 99
Trd, 2591319.413, 102
Trd, 2591319.429, 99
Trd, 2591319.696, 98
Trd, 2591320.479, 91
Trd, 2591322.229, 93
Trd, 2591322.863, 99
Trd, 2591323.013, 95
Trd, 2591323.079, 88
Trd, 2591325.063, 94
Trd, 2591327.346, 99
Trd, 2591327.596, 100
Trd, 2591329.246, 101
Trd, 2591329.279, 100
Trd, 2591329.346, 97
Trd, 2591329.713, 95
Trd, 2591329.813, 102
Trd, 2591330.146, 107
Trd, 2591330.646, 95
Trd, 2591332.713, 109
Trd, 2591333.913, 100
Trd, 2591334.163, 98
Trd, 2591334.496, 101
Trd, 2591334.546, 89
Trd, 2591336.529, 109
Trd, 2591337.046, 101
Trd, 2591337.079, 99
Trd, 2591337.513, 90
Trd, 2591338.496, 98
Trd, 2591338.863, 90
Trd, 2591339.379, 90
Trd, 2591339.463, 114
Trd, 2591339.863, 87
Trd, 2591340.313, 84
Trd, 2591340.629, 81
Trd, 2591340.779, 95
Trd, 2591343.463, 90
Trd, 2591343.796, 92
Trd, 2591346.663, 87
Trd, 2591346.846, 89
Trd, 2591347.029, 97
Trd, 2591347.729, 109
Trd, 2591350.113, 99
Trd, 2591350.746, 98
Trd, 2591350.946, 100
Trd, 2591351.996, 98
Trd, 2591352.446, 97
Trd, 2591352.646, 97
Trd, 2591352.763, 99
Trd, 2591353.296, 96
Trd, 2591353.446, 96
Trd, 2591353.729, 95
Trd, 2591355.429, 92
Trd, 2591356.263, 92
Trd, 2591356.963, 90
Trd, 2591357.863, 86
Trd, 2591358.579, 98
Trd, 2591359.979, 84
Trd, 2591360.629, 100
Trd, 2591361.629, 99
Trd, 2591362.113, 89
Trd, 2591362.879, 90
Trd, 2591363.579, 89
Trd, 2591363.779, 92
Trd, 2591364.113, 89
Trd, 2591365.263, 89
Trd, 2591365.363, 85
Trd, 2591366.096, 103
Trd, 2591368.679, 101
Trd, 2591368.979, 96
Trd, 2591369.129, 97
Trd, 2591369.246, 96
Trd, 2591370.729, 93
Trd, 2591371.063, 95
Trd, 2591371.563, 103
Trd, 2591371.796, 94
Trd, 2591372.096, 91
Trd, 2591372.579, 89
Trd, 2591373.329, 101
Trd, 2591373.996, 100
Trd, 2591374.229, 100
Trd, 2591375.829, 107
Trd, 2591376.296, 100
Trd, 2591376.496, 99
Trd, 2591377.763, 105
Trd, 2591378.279, 102
Trd, 2591380.396, 104
Trd, 2591380.413, 103
Trd, 2591381.329, 108
Trd, 2591381.596, 106
Trd, 2591381.646, 108
Trd, 2591384.929, 98
Trd, 2591385.063, 95
Trd, 2591385.496, 95
Trd, 2591385.546, 94
Trd, 2591386.729, 87
Trd, 2591387.246, 96
Trd, 2591387.429, 110
Trd, 2591389.096, 96
Trd, 2591389.463, 93
Trd, 2591390.413, 97
Trd, 2591390.546, 91
Trd, 2591391.313, 95
Trd, 2591391.563, 106
Trd, 2591392.579, 88
Trd, 2591394.296, 89
Trd, 2591394.596, 91
Trd, 2591394.879, 92
Trd, 2591395.846, 105
Trd, 2591397.179, 88
Trd, 2591398.696, 102
Trd, 2591399.963, 102
Trd, 2591402.263, 97
Trd, 2591402.513, 101
Trd, 2591402.629, 95
Trd, 2591402.663, 101
Trd, 2591403.046, 96
Trd, 2591403.679, 95
Trd, 2591403.829, 107
Trd, 2591405.113, 99
Trd, 2591406.063, 97
Trd, 2591406.313, 96
Trd, 2591407.829, 96
Trd, 2591408.429, 96
Trd, 2591408.546, 95
Trd, 2591409.896, 92
Trd, 2591410.429, 93
Trd, 2591410.796, 91
Trd, 2591411.229, 93
Trd, 2591411.329, 93
Trd, 2591411.829, 94
Trd, 2591412.463, 95
Trd, 2591413.363, 101
Trd, 2591413.463, 100
Trd, 2591415.313, 102
Trd, 2591415.429, 101
Trd, 2591417.546, 94
Trd, 2591418.396, 92
Trd, 2591419.046, 91
Trd, 2591419.579, 103
Trd, 2591420.596, 91
Trd, 2591420.679, 91
Trd, 2591421.346, 101
Trd, 2591422.213, 99
Trd, 2591422.679, 89
Trd, 2591423.129, 99
Trd, 2591423.713, 92
Trd, 2591424.179, 87
Trd, 2591425.163, 87
Trd, 2591425.513, 85
Trd, 2591427.463, 89
Trd, 2591427.646, 90
Trd, 2591427.713, 89
Trd, 2591428.163, 95
Trd, 2591428.229, 88
Trd, 2591428.446, 88
Trd, 2591429.179, 91
Trd, 2591431.113, 101
Trd, 2591431.996, 109
Trd, 2591432.413, 99
Trd, 2591433.313, 96
Trd, 2591433.913, 105
Trd, 2591434.213, 96
Trd, 2591435.563, 99
Trd, 2591436.363, 116
Trd, 2591438.079, 102
Trd, 2591438.213, 102
Trd, 2591438.263, 99
Trd, 2591438.463, 100
Trd, 2591439.063, 98
Trd, 2591439.913, 88
Trd, 2591440.879, 101
Trd, 2591442.063, 90
Trd, 2591442.813, 98
Trd, 2591442.929, 96
Trd, 2591442.946, 101
Trd, 2591445.963, 101
Trd, 2591447.163, 97
Trd, 2591448.313, 100
Trd, 2591449.063, 103
Trd, 2591449.146, 100
Trd, 2591449.613, 98
Trd, 2591450.179, 109
Trd, 2591450.196, 105
Trd, 2591450.729, 101
Trd, 2591451.029, 113
Trd, 2591451.613, 97
Trd, 2591452.396, 101
Trd, 2591453.096, 107
Trd, 2591453.379, 101
Trd, 2591453.829, 110
Trd, 2591455.479, 108
Trd, 2591456.413, 110
Trd, 2591456.696, 109
Trd, 2591457.163, 104
Trd, 2591458.379, 104
Trd, 2591458.546, 111
Trd, 2591459.179, 113
Trd, 2591459.746, 110
Trd, 2591460.246, 100
Trd, 2591462.029, 91
Trd, 2591462.646, 94
Trd, 2591464.463, 99
Trd, 2591465.329, 96
Trd, 2591465.479, 104
Trd, 2591466.579, 100
Trd, 2591466.829, 96
Trd, 2591470.279, 99
Trd, 2591470.363, 97
Trd, 2591470.729, 102
Trd, 2591472.146, 98
Trd, 2591472.579, 97
Trd, 2591473.646, 110
Trd, 2591473.863, 103
Trd, 2591473.879, 101
Trd, 2591474.496, 96
Trd, 2591474.746, 102
Trd, 2591475.863, 101
Trd, 2591475.913, 96
Trd, 2591478.163, 106
Trd, 2591478.363, 93
Trd, 2591478.829, 90
Trd, 2591479.546, 87
Trd, 2591480.146, 92
Trd, 2591480.829, 92
Trd, 2591481.313, 92
Trd, 2591481.463, 91
Trd, 2591482.546, 90
Trd, 2591484.246, 100
Trd, 2591484.463, 98
Trd, 2591485.046, 88
Trd, 2591487.796, 94
Trd, 2591488.179, 87
Trd, 2591489.563, 85
Trd, 2591489.729, 87
Trd, 2591491.229, 90
Trd, 2591492.313, 91
Trd, 2591493.129, 97
Trd, 2591493.463, 90
Trd, 2591493.629, 97
Trd, 2591494.246, 88
Trd, 2591495.996, 95
Trd, 2591496.313, 93
Trd, 2591496.913, 95
Trd, 2591498.313, 98
Trd, 2591498.396, 97
Trd, 2591498.463, 96
Trd, 2591498.779, 98
Trd, 2591499.079, 94
Trd, 2591499.629, 104
Trd, 2591500.429, 92
Trd, 2591501.313, 89
Trd, 2591501.746, 93
Trd, 2591502.613, 94
Trd, 2591503.963, 96
Trd, 2591503.996, 109
Trd, 2591506.863, 92
Trd, 2591507.196, 99
Trd, 2591507.246, 105
Trd, 2591508.413, 104
Trd, 2591508.963, 105
Trd, 2591509.213, 105
Trd, 2591509.496, 105
Trd, 2591509.713, 104
Trd, 2591510.713, 106
Trd, 2591511.563, 100
Trd, 2591512.429, 98
Trd, 2591514.846, 88
Trd, 2591515.313, 87
Trd, 2591515.713, 90
Trd, 2591516.113, 89
Trd, 2591516.246, 90
Trd, 2591516.279, 108
Trd, 2591516.463, 86
Trd, 2591518.146, 92
Trd, 2591519.496, 90
Trd, 2591519.746, 91
Trd, 2591519.929, 91
Trd, 2591520.979, 102
Trd, 2591521.896, 89
Trd, 2591522.029, 104
Trd, 2591522.179, 88
Trd, 2591525.096, 105
Trd, 2591527.196, 103
Trd, 2591527.246, 102
Trd, 2591527.763, 101
Trd, 2591528.696, 101
Trd, 2591529.379, 101
Trd, 2591529.846, 101
Trd, 2591530.363, 101
Trd, 2591530.813, 100
Trd, 2591531.413, 99
Trd, 2591531.813, 98
Trd, 2591532.863, 107
Trd, 2591534.596, 96
Trd, 2591534.663, 106
Trd, 2591535.179, 93
Trd, 2591537.729, 97
Trd, 2591537.829, 91
Trd, 2591538.629, 93
Trd, 2591539.363, 90
Trd, 2591540.313, 91
Trd, 2591540.546, 97
Trd, 2591541.029, 97
Trd, 2591541.179, 100
Trd, 2591543.513, 93
Trd, 2591543.713, 102
Trd, 2591543.996, 105
Trd, 2591544.263, 111
Trd, 2591544.663, 98
Trd, 2591547.313, 101
Trd, 2591547.663, 111
Trd, 2591548.329, 99
Trd, 2591548.429, 100
Trd, 2591548.646, 93
Trd, 2591549.479, 95
Trd, 2591549.913, 89
Trd, 2591550.679, 88
Trd, 2591551.613, 93
Trd, 2591552.079, 94
Trd, 2591552.679, 96
Trd, 2591552.979, 94
Trd, 2591553.713, 95
Trd, 2591554.729, 93
Trd, 2591555.746, 96
Trd, 2591555.813, 90
Trd, 2591555.879, 90
Trd, 2591556.196, 102
Trd, 2591559.829, 104
Trd, 2591560.629, 97
Trd, 2591561.996, 104
Trd, 2591562.429, 102
Trd, 2591562.563, 112
Trd, 2591564.096, 105
Trd, 2591564.379, 103
Trd, 2591564.746, 103
Trd, 2591566.046, 102
Trd, 2591566.146, 100
Trd, 2591567.579, 105
Trd, 2591568.429, 98
Trd, 2591569.329, 97
Trd, 2591569.613, 97
Trd, 2591571.163, 99
Trd, 2591571.463, 101
Trd, 2591572.063, 103
Trd, 2591573.629, 104
Trd, 2591574.713, 107
Trd, 2591575.229, 102
Trd, 2591575.246, 99
Trd, 2591575.563, 107
Trd, 2591576.596, 107
Trd, 2591576.646, 105
Trd, 2591578.046, 91
Trd, 2591578.396, 98
Trd, 2591578.529, 91
Trd, 2591578.879, 96
Trd, 2591579.846, 106
Trd, 2591580.596, 107
Trd, 2591581.946, 88
Trd, 2591583.863, 89
Trd, 2591583.896, 90
Trd, 2591584.363, 91
Trd, 2591586.063, 98
Trd, 2591588.229, 97
Trd, 2591589.013, 98
Trd, 2591589.179, 97
Trd, 2591589.596, 96
Trd, 2591589.896, 96
Trd, 2591589.946, 95
Trd, 2591590.246, 101
Trd, 2591590.279, 102
Trd, 2591591.629, 110
Trd, 2591591.763, 111
Trd, 2591592.546, 108
Trd, 2591593.946, 101
Trd, 2591594.163, 99
Trd, 2591596.713, 101
Trd, 2591597.813, 100
Trd, 2591598.063, 99
Trd, 2591599.113, 104
Trd, 2591599.813, 103
Trd, 2591600.013, 102
Trd, 2591601.596, 99
Trd, 2591601.629, 102
Trd, 2591601.746, 96
Trd, 2591602.229, 107
Trd, 2591602.779, 92
Trd, 2591603.163, 91
Trd, 2591603.896, 96
Trd, 2591604.229, 95
Trd, 2591605.646, 89
Trd, 2591606.179, 87
Trd, 2591606.279, 84
Trd, 2591606.663, 85
Trd, 2591608.179, 87
Trd, 2591608.663, 85
Trd, 2591609.413, 101
Trd, 2591609.646, 84
Trd, 2591610.263, 110
Trd, 2591611.346, 93
Trd, 2591611.479, 94
Trd, 2591613.563, 86
Trd, 2591613.946, 101
Trd, 2591614.063, 85
Trd, 2591615.479, 103
Trd, 2591615.996, 102
Trd, 2591616.229, 104
Trd, 2591616.263, 97
Trd, 2591617.479, 97
Trd, 2591619.946, 101
Trd, 2591620.063, 100
Trd, 2591620.346, 101
Trd, 2591621.279, 108
Trd, 2591621.463, 97
Trd, 2591622.863, 98
Trd, 2591623.446, 97
Trd, 2591623.813, 97
Trd, 2591623.979, 96
Trd, 2591625.229, 100
Trd, 2591625.296, 99
Trd, 2591625.563, 95
Trd, 2591626.529, 93
Trd, 2591627.729, 105
Trd, 2591628.179, 89
Trd, 2591628.713, 94
Trd, 2591629.729, 94
Trd, 2591630.363, 98
Trd, 2591631.696, 92
Trd, 2591633.263, 92
Trd, 2591633.279, 91
Trd, 2591635.113, 87
Trd, 2591635.179, 95
Trd, 2591635.963, 90
Trd, 2591637.296, 91
Trd, 2591637.846, 92
Trd, 2591639.413, 92
Trd, 2591639.713, 91
Trd, 2591640.196, 93
Trd, 2591640.563, 95
Trd, 2591640.813, 92
Trd, 2591642.363, 92
Trd, 2591642.613, 105
Trd, 2591644.313, 100
Trd, 2591644.329, 102
Trd, 2591646.946, 107
Trd, 2591647.596, 99
Trd, 2591648.663, 96
Trd, 2591649.413, 96
Trd, 2591649.779, 95
Trd, 2591649.979, 94
Trd, 2591652.263, 101
Trd, 2591652.746, 101
Trd, 2591653.229, 101
Trd, 2591653.479, 100
Trd, 2591654.079, 98
Trd, 2591654.563, 98
Trd, 2591654.863, 98
Trd, 2591655.413, 108
Trd, 2591657.629, 110
Trd, 2591659.046, 103
Trd, 2591660.046, 105
Trd, 2591660.413, 104
Trd, 2591660.563, 102
Trd, 2591660.696, 101
Trd, 2591661.096, 98
Trd, 2591662.379, 94
Trd, 2591662.679, 106
Trd, 2591664.846, 106
Trd, 2591665.129, 108
Trd, 2591666.146, 103
Trd, 2591666.846, 103
Trd, 2591669.313, 102
Trd, 2591669.813, 98
Trd, 2591670.079, 98
Trd, 2591670.196, 105
Trd, 2591670.613, 98
Trd, 2591671.896, 98
Trd, 2591672.463, 97
Trd, 2591673.129, 97
Trd, 2591673.629, 96
Trd, 2591674.079, 100
Trd, 2591675.446, 101
Trd, 2591675.496, 99
Trd, 2591676.446, 98
Trd, 2591676.663, 117
Trd, 2591676.696, 97
Trd, 2591677.796, 96
Trd, 2591678.413, 89
Trd, 2591680.579, 100
Trd, 2591681.179, 98
Trd, 2591683.079, 99
Trd, 2591683.246, 97
Trd, 2591683.613, 94
Trd, 2591685.479, 96
Trd, 2591685.846, 95
Trd, 2591686.046, 102
Trd, 2591686.479, 90
Trd, 2591687.413, 96
Trd, 2591687.913, 92
Trd, 2591690.213, 112
Trd, 2591690.479, 94
Trd, 2591690.663, 108
Trd, 2591691.746, 118
Trd, 2591691.829, 114
Trd, 2591691.846, 105
Trd, 2591692.513, 94
Trd, 2591693.496, 113
Trd, 2591693.913, 94
Trd, 2591695.663, 94
Trd, 2591696.129, 94
Trd, 2591697.113, 96
Trd, 2591698.113, 101
Trd, 2591698.196, 95
Trd, 2591699.263, 95
Trd, 2591700.863, 97
Trd, 2591701.396, 94
Trd, 2591701.663, 95
Trd, 2591702.063, 92
Trd, 2591702.596, 84
Trd, 2591704.546, 102
Trd, 2591704.963, 105
Trd, 2591705.346, 97
Trd, 2591708.946, 102
Trd, 2591709.413, 103
Trd, 2591709.596, 103
Trd, 2591709.629, 102
Trd, 2591709.863, 105
Trd, 2591710.613, 99
Trd, 2591711.579, 102
Trd, 2591711.763, 97
Trd, 2591711.913, 106
Trd, 2591712.246, 96
Trd, 2591712.963, 94
Trd, 2591712.979, 92
Trd, 2591713.229, 101
Trd, 2591715.379, 87
Trd, 2591716.679, 95
Trd, 2591717.179, 94
Trd, 2591717.396, 93
Trd, 2591718.429, 108
Trd, 2591719.263, 101
Trd, 2591719.596, 98
Trd, 2591720.396, 98
Trd, 2591722.296, 102
Trd, 2591722.346, 100
Trd, 2591723.013, 103
Trd, 2591723.179, 101
Trd, 2591723.696, 95
Trd, 2591724.546, 95
Trd, 2591724.696, 102
Trd, 2591726.063, 92
Trd, 2591726.229, 92
Trd, 2591727.096, 88
Trd, 2591728.313, 88
Trd, 2591728.746, 92
Trd, 2591730.563, 99
Trd, 2591730.663, 105
Trd, 2591730.863, 95
Trd, 2591731.729, 87
Trd, 2591733.296, 108
Trd, 2591733.663, 99
Trd, 2591733.896, 95
Trd, 2591733.913, 95
Trd, 2591734.563, 89
Trd, 2591735.229, 95
Trd, 2591738.263, 96
Trd, 2591738.546, 104
Trd, 2591738.796, 105
Trd, 2591738.846, 98
Trd, 2591738.963, 95
Trd, 2591739.463, 93
Trd, 2591740.396, 107
Trd, 2591740.596, 108
Trd, 2591741.096, 98
Trd, 2591741.629, 91
Trd, 2591742.413, 89
Trd, 2591743.629, 92
Trd, 2591744.113, 99
Trd, 2591744.746, 94
Trd, 2591747.063, 99
Trd, 2591748.213, 98
Trd, 2591748.563, 98
Trd, 2591748.746, 97
Trd, 2591750.063, 101
Trd, 2591750.163, 100
Trd, 2591750.663, 102
Trd, 2591750.963, 101
Trd, 2591750.996, 100
Trd, 2591753.063, 99
Trd, 2591753.896, 109
Trd, 2591753.963, 98
Trd, 2591754.796, 97
Trd, 2591755.696, 98
Trd, 2591755.946, 108
Trd, 2591756.046, 97
Trd, 2591756.563, 111
Trd, 2591758.663, 88
Trd, 2591760.079, 90
Trd, 2591761.063, 88
Trd, 2591762.613, 88
Trd, 2591763.279, 88
Trd, 2591764.263, 88
Trd, 2591764.529, 87
Trd, 2591764.546, 88
Trd, 2591764.596, 88
Trd, 2591764.963, 87
Trd, 2591765.163, 92
Trd, 2591765.679, 95
Trd, 2591769.429, 90
Trd, 2591770.779, 101
Trd, 2591771.196, 94
Trd, 2591772.863, 104
Trd, 2591773.829, 92
Trd, 2591774.213, 97
Trd, 2591774.829, 94
Trd, 2591775.879, 97
Trd, 2591776.163, 91
Trd, 2591779.846, 108
Trd, 2591779.996, 106
Trd, 2591780.196, 108
Trd, 2591780.296, 103
Trd, 2591780.363, 101
Trd, 2591780.379, 101
Trd, 2591781.413, 104
Trd, 2591781.746, 105
Trd, 2591782.763, 102
Trd, 2591782.779, 102
Trd, 2591782.896, 103
Trd, 2591784.013, 98
Trd, 2591784.329, 97
Trd, 2591786.696, 103
Trd, 2591788.413, 101
Trd, 2591788.996, 103
Trd, 2591789.146, 102
Trd, 2591789.629, 109
Trd, 2591790.063, 105
Trd, 2591791.363, 104
Trd, 2591791.896, 101
Trd, 2591792.496, 95
Trd, 2591792.563, 99
Trd, 2591794.363, 95
Trd, 2591795.646, 94
Trd, 2591796.813, 97
Trd, 2591796.963, 101
Trd, 2591797.446, 91
Trd, 2591798.613, 85
Trd, 2591799.163, 90
Trd, 2591799.679, 89
Trd, 2591801.129, 99
Trd, 2591801.313, 90
Trd, 2591802.229, 94
Trd, 2591803.079, 94
Trd, 2591803.296, 93
Trd, 2591803.379, 91
Trd, 2591804.496, 99
Trd, 2591806.263, 97
Trd, 2591806.713, 97
Trd, 2591808.146, 98
Trd, 2591808.379, 98
Trd, 2591809.279, 98
Trd, 2591809.763, 99
Trd, 2591810.179, 100
Trd, 2591811.563, 97
Trd, 2591811.813, 101
Trd, 2591813.346, 93
Trd, 2591813.613, 102
Trd, 2591813.879, 92
Trd, 2591814.679, 102
Trd, 2591815.913, 90
Trd, 2591816.513, 96
Trd, 2591818.146, 104
Trd, 2591819.113, 101
Trd, 2591819.129, 100
Trd, 2591819.213, 99
Trd, 2591820.063, 97
Trd, 2591820.663, 107
Trd, 2591821.563, 95
Trd, 2591823.546, 90
Trd, 2591823.896, 88
Trd, 2591825.196, 97
Trd, 2591825.279, 98
Trd, 2591825.463, 101
Trd, 2591826.496, 93
Trd, 2591826.613, 92
Trd, 2591826.763, 92
Trd, 2591826.963, 87
Trd, 2591830.979, 88
Trd, 2591831.013, 91
Trd, 2591832.163, 93
Trd, 2591832.796, 93
Trd, 2591832.829, 90
Trd, 2591834.529, 96
Trd, 2591835.329, 98
Trd, 2591835.363, 97
Trd, 2591835.579, 95
Trd, 2591837.329, 89
Trd, 2591838.163, 102
Trd, 2591838.629, 100
Trd, 2591840.013, 99
Trd, 2591840.063, 105
Trd, 2591840.279, 109
Trd, 2591841.046, 103
Trd, 2591842.496, 100
Trd, 2591843.063, 99
Trd, 2591843.629, 99
Trd, 2591843.796, 98
Trd, 2591843.896, 96
Trd, 2591844.913, 105
Trd, 2591845.546, 98
Trd, 2591846.396, 87
Trd, 2591847.896, 100
Trd, 2591847.913, 92
Trd, 2591848.746, 101
Trd, 2591849.579, 102
Trd, 2591849.846, 93
Trd, 2591850.246, 90
Trd, 2591850.779, 101
Trd, 2591851.579, 96
Trd, 2591852.329, 97
Trd, 2591852.429, 98
Trd, 2591853.696, 97
Trd, 2591855.096, 98
Trd, 2591855.863, 99
Trd, 2591856.546, 99
Trd, 2591856.613, 98
Trd, 2591857.713, 103
Trd, 2591858.313, 98
Trd, 2591858.496, 94
Trd, 2591860.579, 112
Trd, 2591861.029, 101
Trd, 2591861.463, 100
Trd, 2591861.996, 108
Trd, 2591862.229, 97
Trd, 2591864.563, 106
Trd, 2591865.029, 108
Trd, 2591865.096, 105
Trd, 2591865.663, 108
Trd, 2591865.896, 100
Trd, 2591871.429, 91
Trd, 2591871.563, 91
Trd, 2591871.829, 90
Trd, 2591872.046, 92
Trd, 2591872.329, 94
Trd, 2591872.729, 102
Trd, 2591872.913, 107
Trd, 2591873.013, 91
Trd, 2591874.246, 92
Trd, 2591874.396, 90
Trd, 2591875.363, 91
Trd, 2591875.396, 92
Trd, 2591875.729, 90
Trd, 2591875.763, 89
Trd, 2591876.146, 88
Trd, 2591878.846, 102
Trd, 2591878.996, 87
Trd, 2591879.779, 86
Trd, 2591881.696, 103
Trd, 2591881.829, 107
Trd, 2591881.929, 100
Trd, 2591882.179, 115
Trd, 2591882.363, 99
Trd, 2591882.846, 109
Trd, 2591884.096, 107
Trd, 2591885.213, 104
Trd, 2591887.229, 101
Trd, 2591888.979, 96
Trd, 2591889.496, 95
Trd, 2591890.279, 94
Trd, 2591890.663, 100
Trd, 2591891.246, 94
Trd, 2591891.813, 104
Trd, 2591891.879, 92
Trd, 2591892.679, 106
Trd, 2591892.996, 94
Trd, 2591893.446, 100
Trd, 2591893.646, 91
Trd, 2591894.246, 110
Trd, 2591894.446, 114
Trd, 2591894.729, 94
Trd, 2591895.179, 93
Trd, 2591895.429, 93
Trd, 2591895.679, 84
Trd, 2591897.563, 90
Trd, 2591898.213, 87
Trd, 2591899.596, 101
Trd, 2591900.163, 102
Trd, 2591900.496, 107
Trd, 2591901.696, 99
Trd, 2591901.963, 106
Trd, 2591902.463, 100
Trd, 2591902.679, 97
Trd, 2591904.429, 95
Trd, 2591905.246, 106
Trd, 2591906.496, 97
Trd, 2591909.229, 103
Trd, 2591909.579, 101
Trd, 2591910.446, 101
Trd, 2591910.596, 107
Trd, 2591911.129, 101
Trd, 2591911.429, 101
Trd, 2591911.746, 100
Trd, 2591911.829, 98
Trd, 2591912.846, 106
Trd, 2591913.863, 109
Trd, 2591913.929, 108
Trd, 2591914.029, 97
Trd, 2591914.913, 95
Trd, 2591915.063, 91
Trd, 2591915.163, 86
Trd, 2591915.663, 110
Trd, 2591916.246, 117
Trd, 2591917.429, 97
Trd, 2591918.096, 116
Trd, 2591920.196, 107
Trd, 2591920.479, 104
Trd, 2591923.013, 97
Trd, 2591923.163, 102
Trd, 2591923.196, 98
Trd, 2591923.263, 95
Trd, 2591923.979, 105
Trd, 2591925.879, 101
Trd, 2591926.263, 93
Trd, 2591928.079, 99
Trd, 2591929.296, 102
Trd, 2591929.563, 99
Trd, 2591929.896, 97
Trd, 2591929.996, 102
Trd, 2591931.546, 100
Trd, 2591932.163, 98
Trd, 2591932.429, 95
Trd, 2591932.496, 109
Trd, 2591932.946, 93
Trd, 2591933.629, 104
Trd, 2591934.263, 102
Trd, 2591936.213, 101
Trd, 2591937.329, 97
Trd, 2591938.096, 102
Trd, 2591939.863, 107
Trd, 2591940.096, 107
Trd, 2591940.246, 109
Trd, 2591940.413, 108
Trd, 2591941.129, 107
Trd, 2591943.213, 104
Trd, 2591944.129, 108
Trd, 2591944.296, 107
Trd, 2591944.313, 104
Trd, 2591944.779, 102
Trd, 2591944.829, 102
Trd, 2591945.979, 99
Trd, 2591946.196, 96
Trd, 2591946.346, 96
Trd, 2591946.746, 95
Trd, 2591948.529, 96
Trd, 2591949.146, 95
Trd, 2591950.146, 107
Trd, 2591950.779, 108
Trd, 2591950.913, 87
Trd, 2591950.979, 94
Trd, 2591951.196, 93
Trd, 2591952.129, 99
Trd, 2591953.046, 95
Trd, 2591955.029, 96
Trd, 2591955.496, 94
Trd, 2591956.546, 111
Trd, 2591957.113, 88
Trd, 2591957.513, 87
Trd, 2591957.746, 92
Trd, 2591959.413, 90
Trd, 2591960.129, 103
Trd, 2591960.163, 84
Trd, 2591962.779, 100
Trd, 2591963.563, 96
Trd, 2591964.329, 98
Trd, 2591964.413, 96
Trd, 2591964.879, 101
Trd, 2591965.163, 107
Trd, 2591966.996, 96
Trd, 2591967.013, 95
Trd, 2591967.146, 101
Trd, 2591967.913, 95
Trd, 2591969.096, 96
Trd, 2591969.263, 97
Trd, 2591971.263, 94
Trd, 2591972.029, 96
Trd, 2591973.163, 95
Trd, 2591973.813, 97
Trd, 2591975.163, 102
Trd, 2591975.363, 97
Trd, 2591976.113, 101
Trd, 2591976.546, 99
Trd, 2591977.096, 98
Trd, 2591977.146, 97
Trd, 2591977.596, 102
Trd, 2591978.063, 104
Trd, 2591978.579, 95
Trd, 2591978.679, 90
Trd, 2591979.229, 87
Trd, 2591979.846, 87
Trd, 2591980.563, 89
Trd, 2591982.379, 97
Trd, 2591984.729, 98
Trd, 2591985.546, 103
Trd, 2591986.929, 99
Trd, 2591989.396, 99
Trd, 2591989.813, 101
Trd, 2591989.963, 100
Trd, 2591990.446, 107
Trd, 2591990.879, 99
Trd, 2591992.913, 100
Trd, 2591992.979, 95
Trd, 2591993.146, 98
Trd, 2591994.729, 101
Trd, 2591996.213, 97
Trd, 2591996.379, 105
Trd, 2591998.396, 95
Trd, 2591998.613, 105
Trd, 2591999.629, 105
