Trd, 2590679.696, 97
Trd, 2590680.079, 91
Trd, 2590681.413, 92
Trd, 2590681.929, 93
Trd, 2590682.446, 94
Trd, 2590684.729, 102
Trd, 2590685.196, 99
Trd, 2590685.813, 99
Trd, 2590686.079, 98
Trd, 2590686.296, 97
Trd, 2590686.379, 92
Trd, 2590686.746, 105
Trd, 2590686.963, 87
Trd, 2590687.263, 91
Trd, 2590687.313, 111
Trd, 2590689.346, 94
Trd, 2590689.429, 93
Trd, 2590689.963, 93
Trd, 2590690.346, 113
Trd, 2590690.879, 115
Trd, 2590691.196, 87
Trd, 2590691.813, 98
Trd, 2590691.913, 118
Trd, 2590693.079, 90
Trd, 2590693.496, 90
Trd, 2590694.779, 90
Trd, 2590695.513, 90
Trd, 2590695.879, 90
Trd, 2590699.096, 107
Trd, 2590699.496, 116
Trd, 2590699.996, 103
Trd, 2590700.079, 101
Trd, 2590700.579, 100
Trd, 2590701.079, 100
Trd, 2590701.246, 105
Trd, 2590702.979, 94
Trd, 2590703.513, 94
Trd, 2590703.563, 86
Trd, 2590703.746, 85
Trd, 2590705.129, 83
Trd, 2590705.579, 95
Trd, 2590705.846, 78
Trd, 2590706.629, 101
Trd, 2590707.529, 103
Trd, 2590707.613, 88
Trd, 2590707.746, 105
Trd, 2590707.979, 110
Trd, 2590708.496, 112
Trd, 2590708.796, 90
Trd, 2590709.946, 90
Trd, 2590710.113, 104
Trd, 2590710.379, 89
Trd, 2590710.779, 102
Trd, 2590711.663, 83
Trd, 2590713.863, 87
Trd, 2590713.929, 105
Trd, 2590714.063, 106
Trd, 2590714.296, 87
Trd, 2590714.629, 115
Trd, 2590716.263, 108
Trd, 2590717.879, 102
Trd, 2590719.113, 118
Trd, 2590719.746, 110
Trd, 2590719.863, 109
Trd, 2590719.946, 100
Trd, 2590720.946, 97
Trd, 2590720.996, 94
Trd, 2590721.163, 112
Trd, 2590721.346, 88
Trd, 2590721.513, 84
Trd, 2590722.146, 115
Trd, 2590723.563, 90
Trd, 2590723.646, 122
Trd, 2590724.779, 89
Trd, 2590725.779, 86
Trd, 2590725.946, 91
Trd, 2590726.113, 106
Trd, 2590727.596, 87
Trd, 2590727.696, 85
Trd, 2590728.579, 91
Trd, 2590729.379, 122
Trd, 2590729.429, 100
Trd, 2590729.563, 123
Trd, 2590730.046, 117
Trd, 2590731.729, 87
Trd, 2590732.029, 87
Trd, 2590733.229, 98
Trd, 2590733.596, 94
Trd, 2590735.113, 94
Trd, 2590735.496, 105
Trd, 2590735.779, 97
Trd, 2590735.929, 94
Trd, 2590736.146, 94
Trd, 2590737.096, 115
Trd, 2590737.296, 113
Trd, 2590737.679, 121
Trd, 2590738.546, 107
Trd, 2590738.796, 97
Trd, 2590739.113, 106
Trd, 2590739.163, 87
Trd, 2590739.629, 115
Trd, 2590742.079, 80
Trd, 2590742.179, 80
Trd, 2590742.996, 78
Trd, 2590743.446, 84
Trd, 2590743.496, 110
Trd, 2590744.446, 110
Trd, 2590745.513, 104
Trd, 2590746.946, 92
Trd, 2590747.663, 110
Trd, 2590747.763, 109
Trd, 2590747.779, 108
Trd, 2590748.829, 108
Trd, 2590748.846, 78
Trd, 2590749.629, 86
Trd, 2590749.863, 87
Trd, 2590749.996, 78
Trd, 2590750.029, 113
Trd, 2590750.096, 116
Trd, 2590751.663, 92
Trd, 2590752.546, 97
Trd, 2590753.729, 121
Trd, 2590753.996, 97
Trd, 2590754.029, 95
Trd, 2590755.196, 106
Trd, 2590755.746, 110
Trd, 2590756.046, 114
Trd, 2590756.129, 98
Trd, 2590756.213, 94
Trd, 2590757.063, 108
Trd, 2590757.646, 90
Trd, 2590757.713, 90
Trd, 2590757.796, 84
Trd, 2590758.579, 92
Trd, 2590759.096, 87
Trd, 2590759.263, 108
Trd, 2590759.379, 77
Trd, 2590759.779, 77
Trd, 2590761.713, 106
Trd, 2590761.896, 103
Trd, 2590762.479, 118
Trd, 2590764.179, 109
Trd, 2590765.263, 91
Trd, 2590766.579, 99
Trd, 2590766.929, 99
Trd, 2590767.429, 102
Trd, 2590767.813, 111
Trd, 2590768.463, 108
Trd, 2590768.896, 115
Trd, 2590769.513, 97
Trd, 2590769.779, 94
Trd, 2590770.213, 97
Trd, 2590770.813, 113
Trd, 2590771.296, 94
Trd, 2590772.229, 109
Trd, 2590773.529, 93
Trd, 2590774.363, 114
Trd, 2590775.179, 92
Trd, 2590775.279, 91
Trd, 2590775.596, 91
Trd, 2590775.796, 84
Trd, 2590775.879, 79
Trd, 2590776.629, 94
Trd, 2590776.663, 87
Trd, 2590777.679, 105
Trd, 2590778.413, 114
Trd, 2590778.696, 111
Trd, 2590779.129, 94
Trd, 2590779.263, 86
Trd, 2590780.063, 84
Trd, 2590780.113, 81
Trd, 2590780.463, 97
Trd, 2590782.979, 106
Trd, 2590783.163, 92
Trd, 2590783.313, 87
Trd, 2590783.663, 84
Trd, 2590785.846, 87
Trd, 2590787.346, 85
Trd, 2590788.129, 84
Trd, 2590788.279, 105
Trd, 2590788.913, 94
Trd, 2590790.063, 91
Trd, 2590790.146, 89
Trd, 2590790.563, 85
Trd, 2590790.679, 97
Trd, 2590792.179, 109
Trd, 2590792.313, 94
Trd, 2590793.029, 99
Trd, 2590793.579, 94
Trd, 2590794.129, 110
Trd, 2590795.113, 113
Trd, 2590796.429, 103
Trd, 2590796.529, 105
Trd, 2590798.113, 100
Trd, 2590798.413, 97
Trd, 2590798.596, 93
Trd, 2590799.946, 86
Trd, 2590799.979, 86
Trd, 2590800.779, 110
Trd, 2590800.813, 100
Trd, 2590801.796, 94
Trd, 2590802.246, 94
Trd, 2590803.129, 96
Trd, 2590803.396, 96
Trd, 2590804.413, 98
Trd, 2590805.046, 116
Trd, 2590805.663, 104
Trd, 2590805.829, 118
Trd, 2590806.713, 101
Trd, 2590808.246, 106
Trd, 2590808.829, 104
Trd, 2590809.079, 116
Trd, 2590809.846, 112
Trd, 2590810.146, 94
Trd, 2590810.446, 92
Trd, 2590810.879, 100
Trd, 2590811.513, 92
Trd, 2590811.729, 88
Trd, 2590812.213, 90
Trd, 2590812.813, 115
Trd, 2590812.929, 120
Trd, 2590814.479, 115
Trd, 2590814.763, 117
Trd, 2590817.096, 88
Trd, 2590817.396, 89
Trd, 2590818.296, 88
Trd, 2590818.429, 106
Trd, 2590818.496, 86
Trd, 2590819.496, 80
Trd, 2590819.846, 97
Trd, 2590820.363, 87
Trd, 2590821.113, 98
Trd, 2590821.196, 107
Trd, 2590822.996, 87
Trd, 2590824.463, 94
Trd, 2590824.779, 84
Trd, 2590825.263, 84
Trd, 2590825.779, 98
Trd, 2590826.046, 88
Trd, 2590826.763, 83
Trd, 2590829.029, 89
Trd, 2590829.946, 90
Trd, 2590830.046, 89
Trd, 2590830.263, 95
Trd, 2590830.429, 89
Trd, 2590830.846, 87
Trd, 2590831.529, 87
Trd, 2590831.813, 86
Trd, 2590832.046, 110
Trd, 2590832.113, 114
Trd, 2590832.729, 117
Trd, 2590833.879, 89
Trd, 2590834.246, 108
Trd, 2590835.013, 102
Trd, 2590836.163, 86
Trd, 2590837.129, 87
Trd, 2590837.413, 105
Trd, 2590837.779, 87
Trd, 2590838.229, 88
Trd, 2590838.279, 89
Trd, 2590839.229, 88
Trd, 2590839.279, 106
Trd, 2590839.763, 84
Trd, 2590840.129, 112
Trd, 2590840.829, 84
Trd, 2590841.646, 110
Trd, 2590843.629, 80
Trd, 2590843.746, 77
Trd, 2590844.113, 113
Trd, 2590844.263, 115
Trd, 2590845.613, 87
Trd, 2590845.846, 87
Trd, 2590846.263, 86
Trd, 2590846.363, 119
Trd, 2590847.246, 122
Trd, 2590848.163, 87
Trd, 2590848.429, 85
Trd, 2590849.663, 93
Trd, 2590850.629, 94
Trd, 2590851.396, 105
Trd, 2590851.846, 108
Trd, 2590852.279, 94
Trd, 2590853.146, 84
Trd, 2590854.429, 90
Trd, 2590854.979, 112
Trd, 2590855.229, 107
Trd, 2590855.713, 122
Trd, 2590856.113, 115
Trd, 2590856.363, 97
Trd, 2590856.463, 88
Trd, 2590856.713, 83
Trd, 2590857.596, 83
Trd, 2590857.629, 107
Trd, 2590857.996, 117
Trd, 2590858.996, 90
Trd, 2590859.696, 101
Trd, 2590860.479, 89
Trd, 2590860.696, 89
Trd, 2590860.813, 98
Trd, 2590861.629, 99
Trd, 2590861.863, 112
Trd, 2590863.229, 87
Trd, 2590863.529, 87
Trd, 2590864.679, 99
Trd, 2590864.963, 87
Trd, 2590865.063, 84
Trd, 2590865.263, 81
Trd, 2590865.746, 81
Trd, 2590867.129, 97
Trd, 2590868.479, 108
Trd, 2590869.179, 116
Trd, 2590869.246, 89
Trd, 2590869.496, 119
Trd, 2590869.629, 122
Trd, 2590869.963, 104
Trd, 2590871.896, 94
Trd, 2590873.179, 112
Trd, 2590873.746, 95
Trd, 2590874.263, 113
Trd, 2590874.313, 87
Trd, 2590876.596, 87
Trd, 2590877.679, 98
Trd, 2590877.796, 89
Trd, 2590877.879, 108
Trd, 2590878.163, 105
Trd, 2590878.829, 88
Trd, 2590879.929, 89
Trd, 2590880.079, 108
Trd, 2590880.213, 94
Trd, 2590880.646, 90
Trd, 2590881.163, 105
Trd, 2590881.546, 88
Trd, 2590882.413, 91
Trd, 2590883.813, 106
Trd, 2590884.096, 101
Trd, 2590884.179, 100
Trd, 2590884.679, 114
Trd, 2590885.913, 94
Trd, 2590885.963, 87
Trd, 2590886.379, 87
Trd, 2590886.579, 111
Trd, 2590888.013, 110
Trd, 2590888.913, 106
Trd, 2590889.763, 87
Trd, 2590889.796, 112
Trd, 2590890.063, 98
Trd, 2590890.663, 87
Trd, 2590891.246, 89
Trd, 2590891.729, 87
Trd, 2590891.763, 84
Trd, 2590892.429, 86
Trd, 2590893.413, 94
Trd, 2590894.129, 94
Trd, 2590894.179, 115
Trd, 2590894.229, 83
Trd, 2590895.079, 82
Trd, 2590898.046, 82
Trd, 2590898.179, 89
Trd, 2590900.096, 100
Trd, 2590900.213, 107
Trd, 2590900.463, 91
Trd, 2590900.496, 114
Trd, 2590901.263, 89
Trd, 2590901.379, 88
Trd, 2590901.713, 86
Trd, 2590903.213, 104
Trd, 2590904.329, 106
Trd, 2590904.563, 88
Trd, 2590904.629, 89
Trd, 2590904.646, 115
Trd, 2590904.946, 88
Trd, 2590907.079, 113
Trd, 2590907.696, 92
Trd, 2590909.263, 104
Trd, 2590909.429, 116
Trd, 2590909.563, 112
Trd, 2590909.679, 109
Trd, 2590909.729, 117
Trd, 2590910.213, 96
Trd, 2590911.879, 108
Trd, 2590912.979, 105
Trd, 2590914.329, 103
Trd, 2590916.046, 101
Trd, 2590916.279, 100
Trd, 2590917.363, 97
Trd, 2590917.879, 102
Trd, 2590917.929, 107
Trd, 2590917.996, 109
Trd, 2590918.846, 116
Trd, 2590919.029, 108
Trd, 2590919.063, 117
Trd, 2590919.346, 107
Trd, 2590919.463, 100
Trd, 2590919.863, 94
Trd, 2590920.613, 93
Trd, 2590921.096, 87
Trd, 2590921.929, 88
Trd, 2590922.663, 107
Trd, 2590922.879, 91
Trd, 2590923.863, 88
Trd, 2590924.213, 119
Trd, 2590924.279, 87
Trd, 2590924.629, 86
Trd, 2590924.813, 84
Trd, 2590926.429, 110
Trd, 2590926.546, 96
Trd, 2590927.363, 118
Trd, 2590927.379, 94
Trd, 2590927.796, 110
Trd, 2590927.913, 84
Trd, 2590928.313, 113
Trd, 2590928.996, 86
Trd, 2590930.113, 106
Trd, 2590932.313, 109
Trd, 2590932.329, 118
Trd, 2590932.496, 97
Trd, 2590932.996, 126
Trd, 2590934.963, 93
Trd, 2590935.246, 82
Trd, 2590935.746, 81
Trd, 2590935.846, 77
Trd, 2590937.296, 109
Trd, 2590938.013, 90
Trd, 2590938.413, 87
Trd, 2590938.596, 87
Trd, 2590939.596, 97
Trd, 2590939.779, 103
Trd, 2590941.329, 110
Trd, 2590941.846, 112
Trd, 2590942.779, 102
Trd, 2590943.163, 104
Trd, 2590945.163, 106
Trd, 2590945.496, 104
Trd, 2590947.396, 107
Trd, 2590947.929, 100
Trd, 2590947.996, 99
Trd, 2590948.013, 98
Trd, 2590948.596, 97
Trd, 2590949.663, 104
Trd, 2590949.863, 97
Trd, 2590950.113, 104
Trd, 2590950.246, 94
Trd, 2590950.363, 87
Trd, 2590950.613, 84
Trd, 2590950.896, 106
Trd, 2590951.079, 81
Trd, 2590951.096, 111
Trd, 2590951.913, 88
Trd, 2590952.579, 85
Trd, 2590953.029, 115
Trd, 2590953.663, 111
Trd, 2590953.796, 97
Trd, 2590954.063, 86
Trd, 2590954.996, 104
Trd, 2590955.063, 86
Trd, 2590956.846, 86
Trd, 2590958.513, 85
Trd, 2590958.779, 98
Trd, 2590960.296, 91
Trd, 2590960.896, 90
Trd, 2590962.213, 99
Trd, 2590962.513, 103
Trd, 2590962.613, 90
Trd, 2590963.813, 87
Trd, 2590965.646, 106
Trd, 2590965.729, 115
Trd, 2590966.279, 89
Trd, 2590966.429, 88
Trd, 2590967.179, 112
Trd, 2590967.513, 120
Trd, 2590967.929, 102
Trd, 2590968.729, 104
Trd, 2590969.746, 88
Trd, 2590969.963, 88
Trd, 2590970.513, 99
Trd, 2590971.796, 102
Trd, 2590972.546, 92
Trd, 2590973.579, 89
Trd, 2590973.929, 84
Trd, 2590974.179, 82
Trd, 2590974.479, 81
Trd, 2590974.929, 97
Trd, 2590975.663, 107
Trd, 2590976.029, 109
Trd, 2590976.446, 95
Trd, 2590976.463, 111
Trd, 2590977.163, 97
Trd, 2590977.863, 94
Trd, 2590978.729, 101
Trd, 2590978.763, 98
Trd, 2590980.946, 100
Trd, 2590981.096, 86
Trd, 2590982.029, 87
Trd, 2590982.113, 86
Trd, 2590982.346, 86
Trd, 2590983.629, 106
Trd, 2590983.913, 87
Trd, 2590984.363, 107
Trd, 2590984.396, 105
Trd, 2590984.863, 112
Trd, 2590987.963, 94
Trd, 2590988.279, 94
Trd, 2590988.296, 94
Trd, 2590988.429, 106
Trd, 2590988.529, 111
Trd, 2590988.996, 100
Trd, 2590990.696, 96
Trd, 2590991.196, 104
Trd, 2590992.113, 103
Trd, 2590992.213, 102
Trd, 2590992.813, 106
Trd, 2590993.463, 104
Trd, 2590993.863, 97
Trd, 2590995.113, 101
Trd, 2590995.629, 100
Trd, 2590995.896, 89
Trd, 2590996.096, 102
Trd, 2590999.496, 112
Trd, 2590999.596, 84
Trd, 2590999.696, 84
Trd, 2591001.046, 87
Trd, 2591002.213, 88
Trd, 2591003.363, 102
Trd, 2591004.579, 91
Trd, 2591004.713, 92
Trd, 2591005.029, 105
Trd, 2591005.363, 114
Trd, 2591006.429, 92
Trd, 2591006.579, 107
Trd, 2591007.029, 115
Trd, 2591007.113, 87
Trd, 2591007.563, 87
Trd, 2591008.863, 87
Trd, 2591010.429, 105
Trd, 2591010.696, 103
Trd, 2591010.963, 102
Trd, 2591012.629, 92
Trd, 2591012.763, 92
Trd, 2591012.846, 91
Trd, 2591015.313, 103
Trd, 2591015.679, 88
Trd, 2591016.379, 95
Trd, 2591016.413, 103
Trd, 2591017.046, 116
Trd, 2591017.079, 118
Trd, 2591017.396, 97
Trd, 2591018.429, 112
Trd, 2591018.596, 97
Trd, 2591019.313, 104
Trd, 2591020.079, 106
Trd, 2591020.363, 95
Trd, 2591021.213, 108
Trd, 2591022.213, 95
Trd, 2591023.363, 97
Trd, 2591023.396, 94
Trd, 2591023.596, 101
Trd, 2591024.179, 94
Trd, 2591025.229, 99
Trd, 2591025.479, 103
Trd, 2591026.096, 97
Trd, 2591026.296, 96
Trd, 2591026.313, 96
Trd, 2591027.213, 94
Trd, 2591029.313, 88
Trd, 2591029.496, 105
Trd, 2591031.129, 88
Trd, 2591031.363, 105
Trd, 2591032.696, 106
Trd, 2591034.446, 88
Trd, 2591034.463, 88
Trd, 2591034.929, 84
Trd, 2591035.046, 74
Trd, 2591036.163, 117
Trd, 2591036.779, 105
Trd, 2591037.729, 91
Trd, 2591037.896, 98
Trd, 2591038.179, 100
Trd, 2591038.463, 116
Trd, 2591038.513, 88
Trd, 2591039.013, 87
Trd, 2591039.129, 87
Trd, 2591039.463, 118
Trd, 2591040.896, 112
Trd, 2591041.379, 111
Trd, 2591041.596, 125
Trd, 2591041.929, 99
Trd, 2591042.063, 94
Trd, 2591042.763, 107
Trd, 2591043.479, 81
Trd, 2591044.046, 92
Trd, 2591044.946, 81
Trd, 2591045.846, 107
Trd, 2591046.279, 104
Trd, 2591046.996, 103
Trd, 2591047.729, 91
Trd, 2591048.496, 87
Trd, 2591051.096, 89
Trd, 2591051.979, 89
Trd, 2591052.346, 104
Trd, 2591052.379, 88
Trd, 2591052.929, 87
Trd, 2591053.363, 105
Trd, 2591053.479, 112
Trd, 2591055.296, 115
Trd, 2591055.646, 106
Trd, 2591055.796, 101
Trd, 2591056.596, 100
Trd, 2591057.379, 122
Trd, 2591057.779, 97
Trd, 2591057.879, 97
Trd, 2591058.313, 102
Trd, 2591060.646, 90
Trd, 2591061.629, 86
Trd, 2591062.346, 82
Trd, 2591063.929, 95
Trd, 2591064.196, 91
Trd, 2591064.496, 86
Trd, 2591064.663, 91
Trd, 2591065.663, 86
Trd, 2591065.879, 87
Trd, 2591066.879, 102
Trd, 2591067.079, 90
Trd, 2591067.379, 105
Trd, 2591068.013, 84
Trd, 2591068.363, 115
Trd, 2591069.513, 99
Trd, 2591070.246, 87
Trd, 2591070.413, 87
Trd, 2591070.863, 105
Trd, 2591071.346, 106
Trd, 2591072.413, 111
Trd, 2591072.896, 117
Trd, 2591073.296, 87
Trd, 2591073.529, 84
Trd, 2591074.246, 95
Trd, 2591074.346, 105
Trd, 2591075.063, 103
Trd, 2591075.263, 115
Trd, 2591075.879, 88
Trd, 2591076.396, 87
Trd, 2591077.479, 87
Trd, 2591078.796, 86
Trd, 2591079.579, 84
Trd, 2591081.579, 88
Trd, 2591081.596, 84
Trd, 2591082.346, 84
Trd, 2591082.846, 86
Trd, 2591084.346, 98
Trd, 2591084.746, 104
Trd, 2591084.913, 97
Trd, 2591085.096, 90
Trd, 2591085.229, 104
Trd, 2591086.913, 106
Trd, 2591087.146, 103
Trd, 2591088.429, 100
Trd, 2591088.596, 93
Trd, 2591091.329, 88
Trd, 2591091.563, 108
Trd, 2591091.679, 95
Trd, 2591091.996, 100
Trd, 2591092.596, 115
Trd, 2591093.646, 100
Trd, 2591094.379, 92
Trd, 2591094.563, 91
Trd, 2591096.229, 93
Trd, 2591096.896, 103
Trd, 2591096.946, 93
Trd, 2591098.046, 94
Trd, 2591099.279, 93
Trd, 2591099.496, 87
Trd, 2591099.763, 107
Trd, 2591100.329, 114
Trd, 2591100.479, 108
Trd, 2591100.763, 107
Trd, 2591100.913, 88
Trd, 2591100.963, 112
Trd, 2591101.013, 117
Trd, 2591101.413, 88
Trd, 2591103.679, 109
Trd, 2591104.246, 101
Trd, 2591105.113, 101
Trd, 2591105.929, 111
Trd, 2591106.646, 104
Trd, 2591106.779, 103
Trd, 2591107.429, 100
Trd, 2591107.646, 97
Trd, 2591108.463, 94
Trd, 2591108.979, 90
Trd, 2591109.029, 87
Trd, 2591109.729, 90
Trd, 2591110.579, 101
Trd, 2591111.963, 87
Trd, 2591112.779, 92
Trd, 2591113.079, 112
Trd, 2591113.113, 89
Trd, 2591114.229, 108
Trd, 2591114.463, 90
Trd, 2591114.729, 112
Trd, 2591114.946, 98
Trd, 2591115.046, 91
Trd, 2591116.429, 91
Trd, 2591117.513, 90
Trd, 2591118.429, 107
Trd, 2591120.329, 100
Trd, 2591120.563, 112
Trd, 2591121.196, 100
Trd, 2591121.296, 99
Trd, 2591122.179, 109
Trd, 2591122.329, 97
Trd, 2591122.996, 111
Trd, 2591123.146, 87
Trd, 2591123.596, 117
Trd, 2591124.996, 85
Trd, 2591125.046, 85
Trd, 2591125.413, 89
Trd, 2591126.329, 87
Trd, 2591126.346, 111
Trd, 2591127.479, 90
Trd, 2591127.879, 86
Trd, 2591129.396, 87
Trd, 2591130.246, 87
Trd, 2591130.863, 84
Trd, 2591131.363, 84
Trd, 2591131.396, 115
Trd, 2591131.979, 110
Trd, 2591132.813, 84
Trd, 2591133.013, 86
Trd, 2591133.196, 76
Trd, 2591134.946, 75
Trd, 2591135.013, 75
Trd, 2591135.129, 86
Trd, 2591136.246, 90
Trd, 2591136.296, 91
Trd, 2591138.029, 93
Trd, 2591138.146, 86
Trd, 2591138.329, 85
Trd, 2591139.379, 89
Trd, 2591140.563, 87
Trd, 2591140.979, 87
Trd, 2591142.563, 99
Trd, 2591144.129, 95
Trd, 2591144.263, 105
Trd, 2591144.779, 87
Trd, 2591144.879, 107
Trd, 2591145.313, 116
Trd, 2591146.063, 107
Trd, 2591146.679, 114
Trd, 2591147.096, 97
Trd, 2591147.829, 96
Trd, 2591148.113, 99
Trd, 2591148.146, 87
Trd, 2591149.379, 84
Trd, 2591149.696, 89
Trd, 2591150.429, 90
Trd, 2591150.846, 85
Trd, 2591151.413, 102
Trd, 2591151.963, 110
Trd, 2591153.613, 105
Trd, 2591153.646, 93
Trd, 2591154.446, 113
Trd, 2591154.763, 93
Trd, 2591154.779, 93
Trd, 2591155.446, 99
Trd, 2591155.663, 93
Trd, 2591156.029, 108
Trd, 2591156.146, 117
Trd, 2591156.363, 121
Trd, 2591157.079, 88
Trd, 2591157.763, 84
Trd, 2591158.529, 78
Trd, 2591159.046, 91
Trd, 2591159.563, 82
Trd, 2591160.579, 87
Trd, 2591161.163, 100
Trd, 2591161.613, 87
Trd, 2591162.096, 96
Trd, 2591162.896, 114
Trd, 2591163.679, 101
Trd, 2591164.596, 87
Trd, 2591164.963, 87
Trd, 2591165.529, 105
Trd, 2591167.379, 88
Trd, 2591167.746, 92
Trd, 2591167.813, 88
Trd, 2591168.563, 87
Trd, 2591169.213, 89
Trd, 2591169.996, 84
Trd, 2591170.029, 99
Trd, 2591171.279, 113
Trd, 2591172.196, 111
Trd, 2591172.263, 115
Trd, 2591172.396, 85
Trd, 2591173.563, 101
Trd, 2591174.946, 85
Trd, 2591175.013, 85
Trd, 2591175.546, 105
Trd, 2591176.163, 79
Trd, 2591176.696, 76
Trd, 2591177.279, 91
Trd, 2591177.446, 81
Trd, 2591177.629, 86
Trd, 2591178.346, 105
Trd, 2591179.179, 87
Trd, 2591179.479, 114
Trd, 2591179.513, 87
Trd, 2591180.779, 115
Trd, 2591181.413, 114
Trd, 2591181.796, 97
Trd, 2591183.229, 115
Trd, 2591184.046, 94
Trd, 2591184.246, 105
Trd, 2591184.446, 107
Trd, 2591185.696, 102
Trd, 2591186.079, 103
Trd, 2591186.846, 94
Trd, 2591188.613, 94
Trd, 2591189.246, 107
Trd, 2591191.479, 106
Trd, 2591191.863, 108
Trd, 2591192.013, 115
Trd, 2591192.246, 107
Trd, 2591192.329, 104
Trd, 2591192.763, 97
Trd, 2591192.946, 94
Trd, 2591193.246, 107
Trd, 2591193.679, 88
Trd, 2591194.163, 84
Trd, 2591194.263, 87
Trd, 2591194.646, 113
Trd, 2591195.396, 84
Trd, 2591196.013, 84
Trd, 2591196.579, 87
Trd, 2591197.596, 85
Trd, 2591198.113, 93
Trd, 2591198.279, 101
Trd, 2591198.579, 84
Trd, 2591199.863, 105
Trd, 2591200.596, 116
Trd, 2591202.163, 110
Trd, 2591202.529, 108
Trd, 2591203.096, 105
Trd, 2591203.279, 104
Trd, 2591203.546, 97
Trd, 2591204.229, 123
Trd, 2591204.629, 122
Trd, 2591205.213, 112
Trd, 2591206.713, 123
Trd, 2591207.963, 99
Trd, 2591208.996, 106
Trd, 2591209.779, 110
Trd, 2591210.596, 103
Trd, 2591211.296, 100
Trd, 2591211.713, 97
Trd, 2591212.246, 98
Trd, 2591212.429, 89
Trd, 2591212.479, 86
Trd, 2591212.596, 88
Trd, 2591213.896, 106
Trd, 2591214.496, 87
Trd, 2591215.696, 116
Trd, 2591215.896, 120
Trd, 2591217.079, 115
Trd, 2591217.263, 123
Trd, 2591217.463, 110
Trd, 2591217.879, 121
Trd, 2591217.979, 100
Trd, 2591218.996, 116
Trd, 2591219.763, 79
Trd, 2591220.046, 80
Trd, 2591221.613, 78
Trd, 2591221.796, 82
Trd, 2591222.513, 103
Trd, 2591222.546, 76
Trd, 2591223.746, 94
Trd, 2591224.246, 97
Trd, 2591224.679, 89
Trd, 2591225.213, 109
Trd, 2591225.896, 89
Trd, 2591226.979, 102
Trd, 2591227.496, 88
Trd, 2591227.979, 87
Trd, 2591228.713, 112
Trd, 2591228.796, 85
Trd, 2591229.313, 112
Trd, 2591231.163, 101
Trd, 2591231.579, 97
Trd, 2591231.979, 94
Trd, 2591232.113, 89
Trd, 2591232.979, 97
Trd, 2591233.363, 85
Trd, 2591234.696, 103
Trd, 2591235.213, 97
Trd, 2591235.996, 84
Trd, 2591236.229, 87
Trd, 2591236.729, 84
Trd, 2591236.779, 94
Trd, 2591237.613, 107
Trd, 2591239.146, 88
Trd, 2591240.929, 95
Trd, 2591241.813, 106
Trd, 2591242.463, 88
Trd, 2591243.246, 113
Trd, 2591244.313, 89
Trd, 2591245.796, 89
Trd, 2591246.563, 97
Trd, 2591246.829, 108
Trd, 2591246.879, 103
Trd, 2591247.263, 97
Trd, 2591247.796, 97
Trd, 2591248.029, 112
Trd, 2591248.229, 94
Trd, 2591248.279, 86
Trd, 2591249.246, 111
Trd, 2591249.313, 99
Trd, 2591249.946, 84
Trd, 2591250.846, 116
Trd, 2591251.846, 104
Trd, 2591252.479, 105
Trd, 2591253.596, 93
Trd, 2591254.129, 93
Trd, 2591254.713, 93
Trd, 2591254.879, 86
Trd, 2591255.546, 85
Trd, 2591255.629, 107
Trd, 2591256.379, 110
Trd, 2591256.729, 102
Trd, 2591257.929, 77
Trd, 2591258.346, 82
Trd, 2591258.379, 83
Trd, 2591259.213, 107
Trd, 2591259.329, 79
Trd, 2591260.079, 77
Trd, 2591261.246, 112
Trd, 2591261.413, 115
Trd, 2591261.913, 82
Trd, 2591262.696, 102
Trd, 2591263.446, 84
Trd, 2591263.696, 83
Trd, 2591266.763, 100
Trd, 2591266.846, 105
Trd, 2591267.379, 106
Trd, 2591267.446, 112
Trd, 2591268.079, 102
Trd, 2591268.346, 101
Trd, 2591268.746, 100
Trd, 2591270.496, 105
Trd, 2591270.763, 97
Trd, 2591271.246, 94
Trd, 2591271.796, 95
Trd, 2591272.113, 113
Trd, 2591273.529, 101
Trd, 2591274.913, 94
Trd, 2591275.413, 102
Trd, 2591275.563, 94
Trd, 2591275.696, 87
Trd, 2591276.346, 82
Trd, 2591276.696, 87
Trd, 2591277.263, 93
Trd, 2591277.429, 94
Trd, 2591278.779, 90
Trd, 2591279.263, 84
Trd, 2591279.496, 104
Trd, 2591279.729, 91
Trd, 2591280.096, 105
Trd, 2591280.446, 84
Trd, 2591281.929, 87
Trd, 2591282.063, 95
Trd, 2591282.396, 120
Trd, 2591283.029, 119
Trd, 2591283.596, 91
Trd, 2591284.496, 106
Trd, 2591285.679, 99
Trd, 2591287.246, 97
Trd, 2591287.496, 107
Trd, 2591287.879, 97
Trd, 2591288.063, 94
Trd, 2591288.329, 94
Trd, 2591288.646, 87
Trd, 2591289.079, 91
Trd, 2591289.279, 101
Trd, 2591289.863, 100
Trd, 2591291.446, 113
Trd, 2591291.629, 95
Trd, 2591292.429, 111
Trd, 2591293.663, 113
Trd, 2591293.946, 95
Trd, 2591294.446, 95
Trd, 2591295.279, 97
Trd, 2591295.829, 95
Trd, 2591295.929, 101
Trd, 2591296.463, 88
Trd, 2591297.029, 105
Trd, 2591297.063, 108
Trd, 2591298.496, 116
Trd, 2591299.429, 93
Trd, 2591300.013, 92
Trd, 2591300.029, 92
Trd, 2591300.146, 87
Trd, 2591300.246, 106
Trd, 2591301.013, 88
Trd, 2591302.096, 106
Trd, 2591302.879, 88
Trd, 2591305.979, 90
Trd, 2591306.546, 89
Trd, 2591308.096, 106
Trd, 2591308.263, 89
Trd, 2591308.563, 113
Trd, 2591309.713, 110
Trd, 2591310.096, 108
Trd, 2591310.446, 104
Trd, 2591311.146, 103
Trd, 2591311.329, 101
Trd, 2591311.663, 110
Trd, 2591311.763, 111
Trd, 2591311.879, 116
Trd, 2591312.046, 100
Trd, 2591312.063, 97
Trd, 2591312.696, 88
Trd, 2591313.046, 90
Trd, 2591313.963, 105
Trd, 2591315.213, 92
Trd, 2591315.629, 112
Trd, 2591315.946, 86
Trd, 2591316.079, 111
Trd, 2591316.696, 84
Trd, 2591317.079, 113
Trd, 2591318.613, 88
Trd, 2591319.163, 91
Trd, 2591320.029, 87
Trd, 2591320.579, 105
Trd, 2591321.596, 87
Trd, 2591322.296, 87
Trd, 2591322.863, 105
Trd, 2591323.296, 106
Trd, 2591324.313, 97
Trd, 2591324.996, 97
Trd, 2591325.496, 84
Trd, 2591325.746, 77
Trd, 2591325.763, 105
Trd, 2591326.479, 88
Trd, 2591327.679, 86
Trd, 2591328.013, 92
Trd, 2591328.496, 115
Trd, 2591330.596, 99
Trd, 2591332.146, 93
Trd, 2591332.596, 119
Trd, 2591332.996, 122
Trd, 2591333.196, 102
Trd, 2591333.896, 101
Trd, 2591334.079, 100
Trd, 2591334.163, 97
Trd, 2591334.579, 94
Trd, 2591334.996, 87
Trd, 2591335.196, 86
Trd, 2591336.029, 83
Trd, 2591337.029, 97
Trd, 2591337.379, 83
Trd, 2591338.096, 84
Trd, 2591338.579, 85
Trd, 2591339.013, 108
Trd, 2591340.213, 92
Trd, 2591342.329, 99
Trd, 2591342.346, 97
Trd, 2591344.079, 87
Trd, 2591344.979, 88
Trd, 2591345.396, 102
Trd, 2591348.479, 107
Trd, 2591348.696, 109
Trd, 2591348.729, 113
Trd, 2591348.763, 98
Trd, 2591349.379, 98
Trd, 2591349.546, 97
Trd, 2591349.829, 104
Trd, 2591349.896, 109
Trd, 2591350.996, 94
Trd, 2591351.663, 88
Trd, 2591351.679, 110
Trd, 2591354.229, 94
Trd, 2591354.429, 93
Trd, 2591354.996, 112
Trd, 2591355.879, 87
Trd, 2591356.246, 86
Trd, 2591356.596, 84
Trd, 2591357.546, 104
Trd, 2591358.963, 86
Trd, 2591359.096, 86
Trd, 2591359.213, 85
Trd, 2591359.629, 85
Trd, 2591360.913, 89
Trd, 2591361.446, 113
Trd, 2591362.096, 113
Trd, 2591363.296, 94
Trd, 2591363.413, 94
Trd, 2591363.463, 108
Trd, 2591363.496, 115
Trd, 2591363.996, 116
Trd, 2591365.496, 94
Trd, 2591366.113, 94
Trd, 2591367.213, 87
Trd, 2591367.229, 87
Trd, 2591367.263, 106
Trd, 2591367.579, 87
Trd, 2591367.946, 100
Trd, 2591367.996, 84
Trd, 2591368.446, 116
Trd, 2591368.763, 91
Trd, 2591368.779, 112
Trd, 2591370.113, 85
Trd, 2591371.979, 115
Trd, 2591372.896, 100
Trd, 2591372.963, 88
Trd, 2591373.496, 98
Trd, 2591375.263, 86
Trd, 2591375.529, 119
Trd, 2591376.329, 105
Trd, 2591376.679, 87
Trd, 2591377.629, 90
Trd, 2591378.813, 87
Trd, 2591379.046, 104
Trd, 2591379.313, 86
Trd, 2591379.629, 84
Trd, 2591380.713, 111
Trd, 2591380.996, 115
Trd, 2591381.396, 116
Trd, 2591381.579, 77
Trd, 2591383.079, 81
Trd, 2591383.229, 111
Trd, 2591383.429, 79
Trd, 2591384.279, 112
Trd, 2591385.413, 101
Trd, 2591385.779, 109
Trd, 2591387.929, 100
Trd, 2591387.996, 103
Trd, 2591388.029, 99
Trd, 2591388.979, 98
Trd, 2591389.229, 101
Trd, 2591389.596, 98
Trd, 2591390.379, 97
Trd, 2591390.729, 97
Trd, 2591391.779, 94
Trd, 2591392.096, 108
Trd, 2591392.529, 90
Trd, 2591392.996, 88
Trd, 2591393.113, 92
Trd, 2591395.446, 105
Trd, 2591395.796, 88
Trd, 2591396.646, 104
Trd, 2591397.096, 98
Trd, 2591397.479, 101
Trd, 2591398.429, 98
Trd, 2591399.063, 102
Trd, 2591399.296, 97
Trd, 2591399.979, 103
Trd, 2591401.046, 115
Trd, 2591402.846, 102
Trd, 2591403.129, 94
Trd, 2591403.396, 105
Trd, 2591404.279, 112
Trd, 2591404.879, 100
Trd, 2591404.946, 87
Trd, 2591405.379, 87
Trd, 2591405.496, 120
Trd, 2591407.229, 114
Trd, 2591408.529, 97
Trd, 2591410.313, 91
Trd, 2591410.379, 90
Trd, 2591411.129, 88
Trd, 2591412.496, 110
Trd, 2591412.546, 91
Trd, 2591413.213, 88
Trd, 2591413.629, 87
Trd, 2591413.796, 85
Trd, 2591415.396, 100
Trd, 2591415.713, 102
Trd, 2591416.079, 90
Trd, 2591417.429, 88
Trd, 2591417.446, 88
Trd, 2591417.546, 86
Trd, 2591419.029, 86
Trd, 2591419.229, 101
Trd, 2591419.579, 105
Trd, 2591419.696, 86
Trd, 2591420.113, 107
Trd, 2591420.196, 109
Trd, 2591420.496, 84
Trd, 2591421.029, 114
Trd, 2591421.679, 99
Trd, 2591423.396, 80
Trd, 2591423.779, 105
Trd, 2591425.079, 79
Trd, 2591425.679, 78
Trd, 2591425.796, 78
Trd, 2591427.763, 96
Trd, 2591427.896, 109
Trd, 2591429.413, 90
Trd, 2591429.879, 87
Trd, 2591429.946, 100
Trd, 2591430.196, 87
Trd, 2591430.929, 94
Trd, 2591431.946, 90
Trd, 2591432.629, 91
Trd, 2591432.696, 108
Trd, 2591433.113, 89
Trd, 2591433.229, 106
Trd, 2591433.663, 89
Trd, 2591434.863, 124
Trd, 2591435.113, 89
Trd, 2591437.129, 87
Trd, 2591437.863, 113
Trd, 2591439.029, 116
Trd, 2591439.913, 112
Trd, 2591440.763, 111
Trd, 2591440.796, 114
Trd, 2591441.179, 121
Trd, 2591441.379, 110
Trd, 2591441.613, 100
Trd, 2591442.729, 115
Trd, 2591443.813, 104
Trd, 2591443.863, 97
Trd, 2591443.913, 105
Trd, 2591444.229, 103
Trd, 2591444.363, 94
Trd, 2591444.613, 114
Trd, 2591444.696, 92
Trd, 2591445.229, 84
Trd, 2591446.329, 94
Trd, 2591446.996, 109
Trd, 2591447.129, 99
Trd, 2591447.179, 78
Trd, 2591447.496, 76
Trd, 2591447.929, 105
Trd, 2591448.613, 106
Trd, 2591448.746, 89
Trd, 2591450.746, 100
Trd, 2591452.263, 100
Trd, 2591452.363, 109
Trd, 2591453.129, 113
Trd, 2591454.813, 96
Trd, 2591455.996, 104
Trd, 2591456.129, 96
Trd, 2591456.463, 111
Trd, 2591456.846, 95
Trd, 2591458.196, 95
Trd, 2591459.929, 95
Trd, 2591460.379, 96
Trd, 2591460.413, 97
Trd, 2591460.746, 100
Trd, 2591461.513, 95
Trd, 2591462.363, 112
Trd, 2591462.663, 95
Trd, 2591463.079, 113
Trd, 2591463.613, 87
Trd, 2591463.646, 117
Trd, 2591464.279, 104
Trd, 2591464.579, 94
Trd, 2591464.713, 115
Trd, 2591465.229, 119
Trd, 2591465.429, 122
Trd, 2591466.279, 92
Trd, 2591467.863, 86
Trd, 2591468.079, 104
Trd, 2591468.679, 92
Trd, 2591469.129, 89
Trd, 2591469.296, 88
Trd, 2591469.813, 110
Trd, 2591470.313, 76
Trd, 2591472.163, 106
Trd, 2591472.729, 87
Trd, 2591472.929, 107
Trd, 2591473.413, 87
Trd, 2591473.579, 87
Trd, 2591473.996, 95
Trd, 2591475.946, 105
Trd, 2591476.096, 94
Trd, 2591477.346, 93
Trd, 2591478.246, 92
Trd, 2591478.896, 100
Trd, 2591479.179, 114
Trd, 2591479.729, 105
Trd, 2591479.963, 84
Trd, 2591481.496, 100
Trd, 2591481.563, 114
Trd, 2591481.846, 113
Trd, 2591482.146, 116
Trd, 2591483.279, 120
Trd, 2591483.529, 97
Trd, 2591483.613, 106
Trd, 2591484.246, 86
Trd, 2591484.429, 102
Trd, 2591486.413, 105
Trd, 2591486.779, 116
Trd, 2591487.646, 103
Trd, 2591488.379, 102
Trd, 2591488.463, 99
Trd, 2591489.463, 97
Trd, 2591489.696, 87
Trd, 2591490.646, 100
Trd, 2591491.029, 87
Trd, 2591491.063, 85
Trd, 2591491.113, 109
Trd, 2591491.563, 118
Trd, 2591492.179, 99
Trd, 2591493.013, 116
Trd, 2591493.629, 84
Trd, 2591494.396, 77
Trd, 2591494.646, 78
Trd, 2591495.179, 91
Trd, 2591495.796, 106
Trd, 2591495.913, 83
Trd, 2591496.496, 89
Trd, 2591497.213, 115
Trd, 2591498.013, 107
Trd, 2591498.863, 92
Trd, 2591499.963, 112
Trd, 2591499.996, 92
Trd, 2591501.746, 118
Trd, 2591501.913, 94
Trd, 2591502.413, 94
Trd, 2591504.079, 92
Trd, 2591504.113, 96
Trd, 2591505.146, 94
Trd, 2591506.096, 115
Trd, 2591506.463, 94
Trd, 2591507.246, 113
Trd, 2591507.546, 104
Trd, 2591507.946, 94
Trd, 2591508.479, 106
Trd, 2591509.363, 96
Trd, 2591509.729, 121
Trd, 2591510.729, 91
Trd, 2591511.663, 90
Trd, 2591513.596, 100
Trd, 2591514.096, 113
Trd, 2591514.863, 99
Trd, 2591515.129, 96
Trd, 2591515.279, 96
Trd, 2591516.846, 88
Trd, 2591517.463, 87
Trd, 2591518.196, 84
Trd, 2591519.213, 104
Trd, 2591520.496, 98
Trd, 2591520.779, 105
Trd, 2591521.096, 111
Trd, 2591521.896, 106
Trd, 2591521.996, 107
Trd, 2591523.029, 99
Trd, 2591523.046, 97
Trd, 2591524.879, 102
Trd, 2591525.413, 98
Trd, 2591525.779, 94
Trd, 2591526.013, 96
Trd, 2591526.046, 90
Trd, 2591526.329, 87
Trd, 2591527.313, 92
Trd, 2591527.713, 109
Trd, 2591528.863, 96
Trd, 2591529.346, 93
Trd, 2591530.629, 96
Trd, 2591530.646, 93
Trd, 2591532.329, 105
Trd, 2591533.079, 110
Trd, 2591533.113, 113
Trd, 2591533.613, 115
Trd, 2591533.929, 93
Trd, 2591537.296, 117
Trd, 2591537.613, 118
Trd, 2591537.896, 120
Trd, 2591538.029, 105
Trd, 2591538.829, 100
Trd, 2591538.946, 99
Trd, 2591539.063, 115
Trd, 2591539.363, 103
Trd, 2591539.379, 90
Trd, 2591539.446, 87
Trd, 2591540.146, 106
Trd, 2591540.546, 95
Trd, 2591541.396, 113
Trd, 2591541.729, 77
Trd, 2591542.729, 102
Trd, 2591543.663, 113
Trd, 2591543.979, 97
Trd, 2591544.463, 89
Trd, 2591544.913, 98
Trd, 2591544.979, 98
Trd, 2591545.063, 120
Trd, 2591545.579, 108
Trd, 2591545.596, 111
Trd, 2591547.246, 108
Trd, 2591548.246, 116
Trd, 2591548.563, 110
Trd, 2591550.646, 100
Trd, 2591551.763, 100
Trd, 2591552.363, 99
Trd, 2591552.446, 97
Trd, 2591552.879, 94
Trd, 2591553.996, 112
Trd, 2591554.913, 97
Trd, 2591555.629, 94
Trd, 2591555.679, 104
Trd, 2591555.696, 94
Trd, 2591556.063, 101
Trd, 2591556.846, 112
Trd, 2591557.146, 94
Trd, 2591557.979, 105
Trd, 2591558.013, 108
Trd, 2591558.113, 101
Trd, 2591558.713, 94
Trd, 2591560.179, 96
Trd, 2591560.679, 94
Trd, 2591561.446, 89
Trd, 2591562.296, 87
Trd, 2591562.946, 87
Trd, 2591564.463, 90
Trd, 2591564.813, 89
Trd, 2591564.979, 84
Trd, 2591565.213, 79
Trd, 2591565.346, 87
Trd, 2591565.496, 98
Trd, 2591566.579, 86
Trd, 2591567.229, 86
Trd, 2591567.513, 116
Trd, 2591569.513, 105
Trd, 2591571.079, 92
Trd, 2591571.513, 93
Trd, 2591571.846, 90
Trd, 2591571.946, 94
Trd, 2591572.929, 93
Trd, 2591573.046, 90
Trd, 2591573.863, 88
Trd, 2591574.013, 91
Trd, 2591575.813, 105
Trd, 2591576.813, 90
Trd, 2591577.829, 95
Trd, 2591578.196, 117
Trd, 2591578.446, 100
Trd, 2591578.463, 88
Trd, 2591580.529, 88
Trd, 2591580.746, 102
Trd, 2591581.013, 87
Trd, 2591581.496, 87
Trd, 2591582.129, 98
Trd, 2591582.279, 89
Trd, 2591582.379, 87
Trd, 2591582.463, 101
Trd, 2591582.763, 116
Trd, 2591583.713, 87
Trd, 2591585.346, 109
Trd, 2591585.596, 91
Trd, 2591585.896, 90
Trd, 2591586.729, 90
Trd, 2591587.196, 94
Trd, 2591587.413, 100
Trd, 2591588.779, 91
Trd, 2591589.296, 101
Trd, 2591589.729, 90
Trd, 2591590.113, 103
Trd, 2591590.646, 105
Trd, 2591590.896, 86
Trd, 2591592.746, 92
Trd, 2591593.329, 104
Trd, 2591593.729, 91
Trd, 2591593.896, 89
Trd, 2591594.529, 112
Trd, 2591594.746, 103
Trd, 2591594.946, 89
Trd, 2591595.379, 97
Trd, 2591597.713, 94
Trd, 2591597.729, 95
Trd, 2591598.713, 93
Trd, 2591599.663, 92
Trd, 2591599.696, 108
Trd, 2591600.146, 110
Trd, 2591600.946, 92
Trd, 2591601.296, 87
Trd, 2591601.929, 97
Trd, 2591602.363, 102
Trd, 2591605.179, 100
Trd, 2591605.779, 114
Trd, 2591608.629, 102
Trd, 2591608.996, 100
Trd, 2591610.113, 94
Trd, 2591610.513, 94
Trd, 2591611.529, 100
Trd, 2591611.729, 94
Trd, 2591611.929, 113
Trd, 2591612.196, 109
Trd, 2591612.246, 99
Trd, 2591612.646, 94
Trd, 2591612.813, 110
Trd, 2591612.963, 115
Trd, 2591613.279, 91
Trd, 2591614.013, 94
Trd, 2591614.296, 105
Trd, 2591614.596, 92
Trd, 2591615.113, 97
Trd, 2591615.896, 98
Trd, 2591615.963, 92
Trd, 2591616.296, 87
Trd, 2591617.613, 109
Trd, 2591617.696, 97
Trd, 2591617.813, 86
Trd, 2591618.163, 84
Trd, 2591618.213, 76
Trd, 2591619.263, 83
Trd, 2591621.663, 97
Trd, 2591622.413, 105
Trd, 2591622.796, 108
Trd, 2591623.513, 104
Trd, 2591623.596, 113
Trd, 2591623.813, 116
Trd, 2591623.963, 118
Trd, 2591624.813, 116
Trd, 2591626.279, 106
Trd, 2591626.363, 105
Trd, 2591627.346, 112
Trd, 2591627.363, 108
Trd, 2591628.079, 100
Trd, 2591628.146, 109
Trd, 2591628.513, 97
Trd, 2591628.729, 91
Trd, 2591629.546, 97
Trd, 2591629.846, 94
Trd, 2591631.196, 87
Trd, 2591631.663, 103
Trd, 2591632.363, 86
Trd, 2591633.029, 100
Trd, 2591633.613, 109
Trd, 2591634.279, 86
Trd, 2591634.413, 85
Trd, 2591634.646, 84
Trd, 2591635.646, 91
Trd, 2591638.129, 84
Trd, 2591638.379, 78
Trd, 2591638.646, 81
Trd, 2591638.796, 89
Trd, 2591639.079, 107
Trd, 2591639.313, 99
Trd, 2591640.946, 94
Trd, 2591641.163, 95
Trd, 2591641.279, 93
Trd, 2591641.596, 115
Trd, 2591641.713, 118
Trd, 2591643.646, 86
Trd, 2591643.813, 98
Trd, 2591644.529, 108
Trd, 2591645.563, 89
Trd, 2591647.163, 90
Trd, 2591647.829, 99
Trd, 2591647.863, 116
Trd, 2591649.396, 109
Trd, 2591651.246, 113
Trd, 2591651.746, 109
Trd, 2591651.796, 95
Trd, 2591652.079, 95
Trd, 2591652.663, 89
Trd, 2591652.879, 87
Trd, 2591653.163, 84
Trd, 2591653.263, 80
Trd, 2591653.746, 88
Trd, 2591655.413, 104
Trd, 2591655.463, 102
Trd, 2591655.813, 117
Trd, 2591655.829, 118
Trd, 2591656.713, 101
Trd, 2591657.063, 94
Trd, 2591657.996, 90
Trd, 2591658.379, 88
Trd, 2591658.596, 92
Trd, 2591659.329, 82
Trd, 2591660.346, 104
Trd, 2591661.196, 100
Trd, 2591662.213, 102
Trd, 2591662.879, 101
Trd, 2591664.696, 98
Trd, 2591664.796, 98
Trd, 2591665.113, 112
Trd, 2591666.063, 93
Trd, 2591666.363, 90
Trd, 2591666.629, 116
Trd, 2591667.179, 84
Trd, 2591669.113, 102
Trd, 2591669.979, 110
Trd, 2591670.613, 111
Trd, 2591670.629, 116
Trd, 2591670.929, 90
Trd, 2591672.629, 106
Trd, 2591674.046, 105
Trd, 2591674.079, 115
Trd, 2591674.313, 110
Trd, 2591675.579, 101
Trd, 2591675.896, 101
Trd, 2591676.096, 100
Trd, 2591676.246, 115
Trd, 2591676.696, 100
Trd, 2591677.179, 115
Trd, 2591677.646, 94
Trd, 2591678.196, 83
Trd, 2591678.896, 108
Trd, 2591679.179, 91
Trd, 2591681.363, 92
Trd, 2591681.763, 107
Trd, 2591682.046, 92
Trd, 2591683.179, 87
Trd, 2591683.763, 112
Trd, 2591684.463, 103
Trd, 2591685.746, 106
Trd, 2591686.063, 104
Trd, 2591686.213, 102
Trd, 2591686.796, 94
Trd, 2591687.746, 101
Trd, 2591688.313, 106
Trd, 2591688.779, 77
Trd, 2591690.479, 93
Trd, 2591691.096, 90
Trd, 2591692.079, 89
Trd, 2591692.146, 98
Trd, 2591692.896, 108
Trd, 2591693.896, 92
Trd, 2591694.113, 99
Trd, 2591695.513, 115
Trd, 2591696.263, 115
Trd, 2591696.346, 119
Trd, 2591696.379, 118
Trd, 2591698.246, 89
Trd, 2591698.813, 96
Trd, 2591699.479, 102
Trd, 2591700.563, 101
Trd, 2591701.613, 101
Trd, 2591701.646, 107
Trd, 2591701.746, 113
Trd, 2591701.846, 100
Trd, 2591702.313, 91
Trd, 2591702.463, 89
Trd, 2591702.546, 86
Trd, 2591702.613, 107
Trd, 2591703.429, 84
Trd, 2591704.246, 118
Trd, 2591705.063, 80
Trd, 2591706.113, 92
Trd, 2591707.463, 91
Trd, 2591708.696, 94
Trd, 2591709.713, 109
Trd, 2591709.729, 107
Trd, 2591710.529, 108
Trd, 2591711.096, 87
Trd, 2591712.029, 84
Trd, 2591712.496, 98
Trd, 2591713.146, 86
Trd, 2591713.196, 108
Trd, 2591713.796, 86
Trd, 2591713.979, 87
Trd, 2591714.179, 86
Trd, 2591716.663, 102
Trd, 2591717.146, 84
Trd, 2591717.346, 79
Trd, 2591717.496, 85
Trd, 2591717.996, 84
Trd, 2591719.146, 104
Trd, 2591720.496, 84
Trd, 2591720.796, 105
Trd, 2591720.996, 83
Trd, 2591721.679, 79
Trd, 2591722.013, 102
Trd, 2591722.413, 88
Trd, 2591722.829, 110
Trd, 2591722.896, 87
Trd, 2591724.346, 90
Trd, 2591725.146, 113
Trd, 2591725.296, 115
Trd, 2591726.596, 100
Trd, 2591728.079, 102
Trd, 2591728.296, 95
Trd, 2591728.613, 106
Trd, 2591729.446, 96
Trd, 2591730.496, 96
Trd, 2591730.529, 96
Trd, 2591731.279, 97
Trd, 2591731.863, 94
Trd, 2591731.896, 94
Trd, 2591732.329, 90
Trd, 2591732.913, 105
Trd, 2591732.946, 86
Trd, 2591734.396, 105
Trd, 2591734.563, 115
Trd, 2591736.563, 96
Trd, 2591737.063, 87
Trd, 2591737.513, 86
Trd, 2591737.929, 86
Trd, 2591738.113, 97
Trd, 2591739.079, 84
Trd, 2591739.646, 88
Trd, 2591740.429, 106
Trd, 2591742.046, 87
Trd, 2591743.213, 105
Trd, 2591743.363, 107
Trd, 2591743.996, 109
Trd, 2591744.113, 110
Trd, 2591744.796, 112
Trd, 2591744.879, 107
Trd, 2591745.129, 101
Trd, 2591745.213, 118
Trd, 2591745.629, 90
Trd, 2591745.696, 87
Trd, 2591746.613, 84
Trd, 2591746.646, 95
Trd, 2591748.646, 106
Trd, 2591748.996, 88
Trd, 2591749.796, 94
Trd, 2591750.629, 112
Trd, 2591751.163, 112
Trd, 2591751.246, 111
Trd, 2591751.596, 94
Trd, 2591751.729, 118
Trd, 2591752.113, 94
Trd, 2591753.413, 96
Trd, 2591753.846, 112
Trd, 2591753.996, 89
Trd, 2591755.029, 98
Trd, 2591755.213, 93
Trd, 2591757.446, 96
Trd, 2591757.746, 109
Trd, 2591757.796, 117
Trd, 2591757.963, 119
Trd, 2591758.296, 110
Trd, 2591758.746, 97
Trd, 2591760.113, 119
Trd, 2591760.296, 110
Trd, 2591761.096, 94
Trd, 2591761.129, 94
Trd, 2591761.729, 94
Trd, 2591762.213, 90
Trd, 2591763.629, 97
Trd, 2591764.796, 90
Trd, 2591764.863, 89
Trd, 2591765.213, 107
Trd, 2591765.663, 86
Trd, 2591765.929, 84
Trd, 2591767.913, 94
Trd, 2591768.129, 88
Trd, 2591768.429, 84
Trd, 2591770.229, 108
Trd, 2591770.496, 96
Trd, 2591770.879, 98
Trd, 2591770.979, 97
Trd, 2591771.846, 101
Trd, 2591772.429, 112
Trd, 2591773.479, 112
Trd, 2591773.579, 113
Trd, 2591775.079, 100
Trd, 2591776.113, 99
Trd, 2591776.313, 100
Trd, 2591776.829, 97
Trd, 2591777.696, 88
Trd, 2591778.363, 119
Trd, 2591779.863, 110
Trd, 2591780.663, 97
Trd, 2591781.079, 111
Trd, 2591781.679, 85
Trd, 2591781.713, 84
Trd, 2591783.629, 84
Trd, 2591783.879, 103
Trd, 2591784.146, 108
Trd, 2591785.696, 94
Trd, 2591787.046, 98
Trd, 2591787.329, 105
Trd, 2591787.496, 104
Trd, 2591787.729, 94
Trd, 2591788.563, 82
Trd, 2591789.663, 87
Trd, 2591791.013, 89
Trd, 2591791.179, 84
Trd, 2591791.813, 90
Trd, 2591792.813, 105
Trd, 2591793.229, 112
Trd, 2591794.646, 105
Trd, 2591794.696, 104
Trd, 2591794.713, 103
Trd, 2591794.929, 97
Trd, 2591795.263, 94
Trd, 2591795.279, 94
Trd, 2591795.963, 110
Trd, 2591797.046, 92
Trd, 2591797.079, 94
Trd, 2591797.179, 111
Trd, 2591798.296, 109
Trd, 2591798.479, 104
Trd, 2591799.246, 100
Trd, 2591800.096, 99
Trd, 2591800.579, 120
Trd, 2591803.096, 96
Trd, 2591804.729, 103
Trd, 2591804.796, 106
Trd, 2591806.246, 104
Trd, 2591806.546, 94
Trd, 2591806.646, 95
Trd, 2591807.613, 107
Trd, 2591808.163, 109
Trd, 2591808.579, 87
Trd, 2591808.663, 87
Trd, 2591810.163, 95
Trd, 2591810.513, 96
Trd, 2591812.329, 99
Trd, 2591812.363, 96
Trd, 2591813.713, 105
Trd, 2591814.813, 111
Trd, 2591815.029, 107
Trd, 2591815.846, 114
Trd, 2591815.913, 115
Trd, 2591815.929, 96
Trd, 2591816.196, 85
Trd, 2591818.863, 89
Trd, 2591819.379, 88
Trd, 2591819.746, 88
Trd, 2591820.063, 87
Trd, 2591820.296, 112
Trd, 2591821.163, 113
Trd, 2591821.346, 96
Trd, 2591823.113, 93
Trd, 2591824.463, 97
Trd, 2591824.563, 100
Trd, 2591825.179, 97
Trd, 2591825.246, 96
Trd, 2591825.396, 89
Trd, 2591825.646, 100
Trd, 2591825.713, 109
Trd, 2591827.613, 118
Trd, 2591827.913, 89
Trd, 2591828.763, 108
Trd, 2591829.346, 92
Trd, 2591829.629, 89
Trd, 2591830.046, 88
Trd, 2591830.963, 96
Trd, 2591832.379, 93
Trd, 2591832.596, 115
Trd, 2591832.629, 95
Trd, 2591833.363, 105
Trd, 2591833.613, 112
Trd, 2591834.396, 87
Trd, 2591834.779, 91
Trd, 2591835.413, 99
Trd, 2591836.379, 84
Trd, 2591837.446, 118
Trd, 2591837.679, 111
Trd, 2591837.863, 101
Trd, 2591839.763, 105
Trd, 2591840.263, 106
Trd, 2591840.329, 103
Trd, 2591840.546, 113
Trd, 2591841.279, 121
Trd, 2591841.563, 100
Trd, 2591841.696, 97
Trd, 2591842.963, 101
Trd, 2591843.213, 100
Trd, 2591843.296, 94
Trd, 2591845.379, 88
Trd, 2591845.613, 101
Trd, 2591846.496, 109
Trd, 2591846.546, 89
Trd, 2591847.013, 94
Trd, 2591847.646, 116
Trd, 2591847.863, 85
Trd, 2591848.746, 104
Trd, 2591849.529, 87
Trd, 2591850.613, 105
Trd, 2591852.296, 95
Trd, 2591852.313, 99
Trd, 2591852.596, 95
Trd, 2591852.946, 111
Trd, 2591853.013, 91
Trd, 2591853.396, 98
Trd, 2591853.979, 110
Trd, 2591854.496, 88
Trd, 2591854.529, 88
Trd, 2591856.063, 84
Trd, 2591856.346, 104
Trd, 2591856.863, 107
Trd, 2591857.146, 94
Trd, 2591859.079, 91
Trd, 2591859.946, 96
Trd, 2591860.513, 91
Trd, 2591861.079, 87
Trd, 2591861.779, 106
Trd, 2591862.096, 110
Trd, 2591862.296, 103
Trd, 2591862.963, 96
Trd, 2591863.396, 109
Trd, 2591863.979, 114
Trd, 2591865.379, 89
Trd, 2591865.429, 88
Trd, 2591865.913, 103
Trd, 2591866.263, 94
Trd, 2591867.229, 98
Trd, 2591867.429, 114
Trd, 2591867.513, 99
Trd, 2591867.529, 94
Trd, 2591870.646, 106
Trd, 2591871.029, 87
Trd, 2591872.163, 94
Trd, 2591872.313, 94
Trd, 2591873.629, 111
Trd, 2591874.029, 101
Trd, 2591874.979, 107
Trd, 2591875.813, 100
Trd, 2591876.079, 107
Trd, 2591877.129, 113
Trd, 2591877.529, 97
Trd, 2591877.746, 96
Trd, 2591878.146, 125
Trd, 2591878.713, 89
Trd, 2591878.896, 119
Trd, 2591879.746, 87
Trd, 2591879.863, 123
Trd, 2591880.779, 89
Trd, 2591881.779, 96
Trd, 2591881.829, 87
Trd, 2591881.963, 84
Trd, 2591884.113, 82
Trd, 2591884.446, 104
Trd, 2591884.663, 85
Trd, 2591884.963, 119
Trd, 2591885.696, 115
Trd, 2591885.929, 113
Trd, 2591886.346, 94
Trd, 2591887.146, 87
Trd, 2591887.313, 86
Trd, 2591889.563, 85
Trd, 2591890.696, 81
Trd, 2591890.829, 78
Trd, 2591890.946, 85
Trd, 2591892.196, 95
Trd, 2591893.279, 87
Trd, 2591894.179, 105
Trd, 2591894.463, 102
Trd, 2591894.929, 107
Trd, 2591895.079, 115
Trd, 2591895.179, 94
Trd, 2591895.629, 94
Trd, 2591897.213, 107
Trd, 2591898.696, 106
Trd, 2591900.279, 113
Trd, 2591900.329, 100
Trd, 2591900.463, 88
Trd, 2591901.396, 89
Trd, 2591901.679, 97
Trd, 2591901.979, 110
Trd, 2591902.046, 108
Trd, 2591902.246, 97
Trd, 2591902.513, 114
Trd, 2591903.163, 89
Trd, 2591903.279, 85
Trd, 2591905.363, 101
Trd, 2591905.446, 105
Trd, 2591905.829, 106
Trd, 2591906.096, 99
Trd, 2591906.613, 92
Trd, 2591906.913, 86
Trd, 2591907.579, 93
Trd, 2591907.646, 108
Trd, 2591908.446, 93
Trd, 2591909.729, 91
Trd, 2591911.846, 107
Trd, 2591912.379, 99
Trd, 2591913.879, 100
Trd, 2591913.996, 100
Trd, 2591914.063, 97
Trd, 2591914.163, 95
Trd, 2591915.413, 94
Trd, 2591917.329, 99
Trd, 2591917.746, 109
Trd, 2591918.629, 113
Trd, 2591918.679, 99
Trd, 2591920.163, 108
Trd, 2591920.913, 110
Trd, 2591920.946, 114
Trd, 2591921.413, 103
Trd, 2591921.446, 108
Trd, 2591921.896, 101
Trd, 2591922.479, 108
Trd, 2591922.529, 97
Trd, 2591923.679, 94
Trd, 2591923.696, 86
Trd, 2591924.296, 105
Trd, 2591926.696, 80
Trd, 2591926.996, 84
Trd, 2591928.046, 84
Trd, 2591928.113, 83
Trd, 2591928.713, 79
Trd, 2591930.213, 96
Trd, 2591930.796, 88
Trd, 2591931.196, 110
Trd, 2591931.429, 96
Trd, 2591931.713, 110
Trd, 2591931.863, 96
Trd, 2591932.513, 111
Trd, 2591932.863, 112
Trd, 2591933.646, 122
Trd, 2591933.846, 96
Trd, 2591934.196, 101
Trd, 2591934.363, 119
Trd, 2591935.879, 96
Trd, 2591936.779, 98
Trd, 2591936.863, 94
Trd, 2591936.929, 87
Trd, 2591937.529, 90
Trd, 2591939.329, 91
Trd, 2591939.446, 88
Trd, 2591939.729, 94
Trd, 2591939.796, 88
Trd, 2591940.913, 88
Trd, 2591941.546, 93
Trd, 2591942.879, 101
Trd, 2591943.463, 88
Trd, 2591943.696, 106
Trd, 2591945.046, 86
Trd, 2591945.113, 85
Trd, 2591945.263, 84
Trd, 2591945.546, 102
Trd, 2591945.663, 116
Trd, 2591946.263, 85
Trd, 2591946.279, 110
Trd, 2591947.346, 87
Trd, 2591947.879, 79
Trd, 2591948.396, 77
Trd, 2591949.313, 103
Trd, 2591950.463, 102
Trd, 2591950.696, 89
Trd, 2591950.813, 86
Trd, 2591951.163, 84
Trd, 2591951.896, 94
Trd, 2591952.596, 107
Trd, 2591953.313, 96
Trd, 2591954.563, 111
Trd, 2591954.813, 95
Trd, 2591955.029, 114
Trd, 2591956.896, 100
Trd, 2591957.463, 102
Trd, 2591958.296, 103
Trd, 2591959.129, 107
Trd, 2591960.413, 100
Trd, 2591960.763, 97
Trd, 2591961.296, 93
Trd, 2591961.763, 91
Trd, 2591962.413, 102
Trd, 2591962.979, 92
Trd, 2591963.229, 94
Trd, 2591963.496, 85
Trd, 2591965.129, 107
Trd, 2591965.579, 102
Trd, 2591965.879, 100
Trd, 2591967.079, 100
Trd, 2591968.613, 99
Trd, 2591968.729, 116
Trd, 2591968.779, 116
Trd, 2591968.863, 115
Trd, 2591970.063, 114
Trd, 2591971.013, 106
Trd, 2591971.413, 105
Trd, 2591971.829, 99
Trd, 2591971.913, 104
Trd, 2591973.179, 100
Trd, 2591973.296, 97
Trd, 2591974.179, 94
Trd, 2591974.746, 111
Trd, 2591974.963, 112
Trd, 2591975.329, 106
Trd, 2591976.163, 101
Trd, 2591977.213, 88
Trd, 2591977.596, 107
Trd, 2591977.729, 92
Trd, 2591978.879, 84
Trd, 2591980.429, 87
Trd, 2591980.646, 88
Trd, 2591981.146, 88
Trd, 2591981.163, 84
Trd, 2591981.479, 85
Trd, 2591981.796, 107
Trd, 2591982.729, 107
Trd, 2591982.863, 85
Trd, 2591983.163, 115
Trd, 2591983.279, 118
Trd, 2591984.446, 85
Trd, 2591985.763, 109
Trd, 2591988.246, 83
Trd, 2591988.563, 91
Trd, 2591989.063, 92
Trd, 2591989.313, 94
Trd, 2591989.479, 88
Trd, 2591990.113, 88
Trd, 2591990.563, 91
Trd, 2591991.029, 88
Trd, 2591991.829, 107
Trd, 2591992.313, 107
Trd, 2591993.529, 104
Trd, 2591994.146, 90
Trd, 2591994.796, 95
Trd, 2591994.829, 95
Trd, 2591995.413, 102
Trd, 2591995.679, 108
Trd, 2591997.013, 101
Trd, 2591997.296, 98
Trd, 2591997.729, 93
Trd, 2591998.996, 90
