Trd, 2590641.729, 96
Trd, 2590642.796, 90
Trd, 2590644.213, 100
Trd, 2590644.713, 88
Trd, 2590644.846, 111
Trd, 2590645.163, 84
Trd, 2590645.879, 91
Trd, 2590647.279, 103
Trd, 2590647.729, 97
Trd, 2590649.463, 94
Trd, 2590650.663, 77
Trd, 2590650.696, 91
Trd, 2590651.113, 92
Trd, 2590651.129, 95
Trd, 2590651.829, 91
Trd, 2590652.446, 92
Trd, 2590653.079, 107
Trd, 2590653.179, 109
Trd, 2590657.446, 96
Trd, 2590658.146, 98
Trd, 2590658.179, 96
Trd, 2590658.229, 94
Trd, 2590659.063, 93
Trd, 2590659.596, 105
Trd, 2590661.429, 111
Trd, 2590661.796, 101
Trd, 2590661.913, 93
Trd, 2590662.713, 95
Trd, 2590663.046, 88
Trd, 2590663.263, 87
Trd, 2590664.046, 74
Trd, 2590664.763, 102
Trd, 2590665.096, 103
Trd, 2590665.929, 112
Trd, 2590666.429, 103
Trd, 2590666.479, 94
Trd, 2590667.713, 98
Trd, 2590669.079, 95
Trd, 2590669.396, 93
Trd, 2590670.596, 92
Trd, 2590670.963, 85
Trd, 2590671.279, 87
Trd, 2590674.263, 110
Trd, 2590674.429, 112
Trd, 2590674.713, 109
Trd, 2590675.646, 109
Trd, 2590675.713, 96
Trd, 2590675.763, 88
Trd, 2590676.696, 105
Trd, 2590678.463, 109
Trd, 2590678.646, 96
Trd, 2590679.346, 92
Trd, 2590680.096, 84
Trd, 2590681.013, 93
Trd, 2590681.346, 95
Trd, 2590682.113, 113
Trd, 2590682.596, 119
Trd, 2590683.546, 83
Trd, 2590684.729, 86
Trd, 2590685.129, 95
Trd, 2590685.879, 117
Trd, 2590687.729, 105
Trd, 2590687.896, 82
Trd, 2590688.829, 93
Trd, 2590689.013, 106
Trd, 2590690.163, 87
Trd, 2590691.246, 90
Trd, 2590692.579, 94
Trd, 2590692.946, 88
Trd, 2590693.213, 85
Trd, 2590693.479, 105
Trd, 2590695.113, 107
Trd, 2590695.196, 98
Trd, 2590696.046, 92
Trd, 2590696.263, 99
Trd, 2590696.913, 100
Trd, 2590698.429, 96
Trd, 2590699.079, 97
Trd, 2590700.113, 99
Trd, 2590700.829, 101
Trd, 2590702.429, 98
Trd, 2590703.279, 112
Trd, 2590703.946, 111
Trd, 2590705.079, 101
Trd, 2590705.613, 103
Trd, 2590705.729, 109
Trd, 2590706.963, 101
Trd, 2590707.029, 119
Trd, 2590707.896, 101
Trd, 2590708.279, 105
Trd, 2590708.396, 101
Trd, 2590709.113, 117
Trd, 2590709.279, 88
Trd, 2590709.563, 84
Trd, 2590711.163, 111
Trd, 2590711.829, 114
Trd, 2590712.346, 100
Trd, 2590712.546, 97
Trd, 2590713.629, 103
Trd, 2590713.679, 106
Trd, 2590713.946, 75
Trd, 2590714.813, 86
Trd, 2590715.363, 85
Trd, 2590717.029, 106
Trd, 2590717.296, 111
Trd, 2590717.529, 90
Trd, 2590717.613, 88
Trd, 2590719.329, 96
Trd, 2590721.179, 82
Trd, 2590722.163, 93
Trd, 2590722.379, 93
Trd, 2590722.479, 89
Trd, 2590722.879, 102
Trd, 2590723.029, 108
Trd, 2590724.429, 90
Trd, 2590725.229, 86
Trd, 2590725.679, 91
Trd, 2590726.813, 94
Trd, 2590727.263, 93
Trd, 2590729.696, 79
Trd, 2590731.029, 97
Trd, 2590731.179, 99
Trd, 2590734.446, 97
Trd, 2590735.146, 110
Trd, 2590735.296, 91
Trd, 2590737.263, 103
Trd, 2590737.446, 107
Trd, 2590737.663, 105
Trd, 2590738.479, 101
Trd, 2590739.163, 104
Trd, 2590739.313, 99
Trd, 2590739.729, 105
Trd, 2590740.246, 95
Trd, 2590740.346, 86
Trd, 2590740.846, 108
Trd, 2590741.063, 88
Trd, 2590741.613, 88
Trd, 2590741.729, 105
Trd, 2590743.996, 112
Trd, 2590744.263, 97
Trd, 2590745.996, 110
Trd, 2590746.179, 116
Trd, 2590746.546, 95
Trd, 2590746.879, 96
Trd, 2590748.813, 103
Trd, 2590749.079, 101
Trd, 2590749.813, 94
Trd, 2590751.029, 90
Trd, 2590752.246, 96
Trd, 2590754.496, 85
Trd, 2590755.296, 108
Trd, 2590755.696, 82
Trd, 2590755.846, 88
Trd, 2590756.713, 91
Trd, 2590757.696, 105
Trd, 2590757.813, 95
Trd, 2590758.813, 88
Trd, 2590759.213, 89
Trd, 2590759.713, 91
Trd, 2590760.029, 94
Trd, 2590760.063, 106
Trd, 2590760.213, 89
Trd, 2590760.279, 112
Trd, 2590760.529, 87
Trd, 2590761.346, 100
Trd, 2590762.246, 92
Trd, 2590762.563, 82
Trd, 2590763.363, 82
Trd, 2590764.363, 110
Trd, 2590765.029, 101
Trd, 2590765.496, 96
Trd, 2590766.596, 112
Trd, 2590767.879, 115
Trd, 2590768.679, 98
Trd, 2590769.279, 100
Trd, 2590769.463, 93
Trd, 2590769.496, 92
Trd, 2590770.796, 88
Trd, 2590771.346, 96
Trd, 2590771.996, 97
Trd, 2590773.246, 91
Trd, 2590775.196, 110
Trd, 2590775.279, 103
Trd, 2590775.846, 101
Trd, 2590776.696, 107
Trd, 2590778.129, 106
Trd, 2590778.713, 107
Trd, 2590779.029, 107
Trd, 2590779.213, 110
Trd, 2590779.446, 101
Trd, 2590781.196, 100
Trd, 2590781.646, 100
Trd, 2590782.446, 88
Trd, 2590782.463, 87
Trd, 2590782.596, 110
Trd, 2590783.229, 86
Trd, 2590784.396, 106
Trd, 2590784.646, 111
Trd, 2590785.696, 112
Trd, 2590786.629, 114
Trd, 2590786.729, 104
Trd, 2590787.546, 113
Trd, 2590787.679, 104
Trd, 2590788.379, 109
Trd, 2590789.396, 101
Trd, 2590789.879, 88
Trd, 2590791.813, 104
Trd, 2590792.429, 94
Trd, 2590792.846, 92
Trd, 2590793.863, 71
Trd, 2590794.446, 97
Trd, 2590795.729, 94
Trd, 2590795.779, 87
Trd, 2590796.379, 110
Trd, 2590796.463, 85
Trd, 2590796.813, 112
Trd, 2590797.446, 115
Trd, 2590798.379, 108
Trd, 2590798.796, 107
Trd, 2590800.279, 111
Trd, 2590800.746, 112
Trd, 2590802.146, 97
Trd, 2590802.929, 90
Trd, 2590802.946, 88
Trd, 2590803.463, 84
Trd, 2590804.779, 82
Trd, 2590805.479, 94
Trd, 2590805.713, 112
Trd, 2590807.879, 97
Trd, 2590808.379, 97
Trd, 2590809.213, 97
Trd, 2590809.396, 105
Trd, 2590810.879, 106
Trd, 2590811.013, 106
Trd, 2590811.063, 98
Trd, 2590814.279, 99
Trd, 2590814.329, 105
Trd, 2590814.496, 108
Trd, 2590814.663, 106
Trd, 2590816.063, 90
Trd, 2590816.829, 87
Trd, 2590819.479, 95
Trd, 2590820.829, 104
Trd, 2590821.013, 97
Trd, 2590821.346, 97
Trd, 2590821.596, 94
Trd, 2590821.613, 115
Trd, 2590824.046, 115
Trd, 2590824.146, 117
Trd, 2590824.946, 118
Trd, 2590825.763, 117
Trd, 2590826.296, 115
Trd, 2590826.496, 117
Trd, 2590826.746, 108
Trd, 2590827.413, 101
Trd, 2590828.279, 86
Trd, 2590828.779, 109
Trd, 2590828.963, 104
Trd, 2590829.163, 104
Trd, 2590829.263, 92
Trd, 2590830.713, 95
Trd, 2590831.396, 106
Trd, 2590831.929, 107
Trd, 2590833.729, 113
Trd, 2590834.529, 102
Trd, 2590835.663, 100
Trd, 2590836.096, 104
Trd, 2590836.929, 102
Trd, 2590837.363, 100
Trd, 2590837.813, 103
Trd, 2590838.329, 106
Trd, 2590839.063, 96
Trd, 2590839.263, 96
Trd, 2590839.513, 94
Trd, 2590840.763, 116
Trd, 2590841.596, 89
Trd, 2590841.763, 89
Trd, 2590842.046, 86
Trd, 2590843.679, 85
Trd, 2590844.113, 88
Trd, 2590845.429, 105
Trd, 2590845.946, 100
Trd, 2590846.879, 96
Trd, 2590847.129, 96
Trd, 2590847.946, 92
Trd, 2590849.946, 88
Trd, 2590850.413, 105
Trd, 2590850.879, 98
Trd, 2590853.463, 88
Trd, 2590853.779, 91
Trd, 2590853.879, 111
Trd, 2590854.496, 78
Trd, 2590854.863, 77
Trd, 2590857.479, 91
Trd, 2590857.496, 91
Trd, 2590858.446, 105
Trd, 2590858.829, 110
Trd, 2590859.513, 96
Trd, 2590859.713, 105
Trd, 2590860.013, 112
Trd, 2590860.146, 112
Trd, 2590860.813, 111
Trd, 2590861.463, 95
Trd, 2590862.129, 86
Trd, 2590862.463, 104
Trd, 2590862.629, 82
Trd, 2590862.846, 80
Trd, 2590864.896, 86
Trd, 2590865.129, 87
Trd, 2590865.896, 103
Trd, 2590865.913, 90
Trd, 2590866.096, 89
Trd, 2590866.679, 105
Trd, 2590868.813, 105
Trd, 2590868.946, 91
Trd, 2590870.796, 101
Trd, 2590870.879, 92
Trd, 2590872.413, 110
Trd, 2590873.563, 109
Trd, 2590874.763, 97
Trd, 2590875.479, 99
Trd, 2590875.696, 109
Trd, 2590875.929, 97
Trd, 2590876.529, 100
Trd, 2590877.613, 88
Trd, 2590877.763, 93
Trd, 2590879.529, 97
Trd, 2590880.946, 106
Trd, 2590881.329, 99
Trd, 2590881.863, 92
Trd, 2590882.829, 89
Trd, 2590882.963, 85
Trd, 2590883.663, 102
Trd, 2590883.929, 94
Trd, 2590884.029, 91
Trd, 2590884.079, 101
Trd, 2590884.463, 113
Trd, 2590885.496, 92
Trd, 2590886.113, 94
Trd, 2590888.296, 83
Trd, 2590888.679, 87
Trd, 2590888.896, 105
Trd, 2590889.546, 89
Trd, 2590889.979, 101
Trd, 2590892.496, 92
Trd, 2590893.029, 108
Trd, 2590893.763, 95
Trd, 2590893.879, 92
Trd, 2590894.013, 90
Trd, 2590895.663, 100
Trd, 2590896.279, 93
Trd, 2590896.363, 90
Trd, 2590896.413, 88
Trd, 2590897.413, 105
Trd, 2590898.779, 106
Trd, 2590899.979, 100
Trd, 2590900.229, 107
Trd, 2590900.846, 116
Trd, 2590902.113, 112
Trd, 2590904.513, 108
Trd, 2590904.813, 117
Trd, 2590905.079, 99
Trd, 2590905.929, 98
Trd, 2590908.396, 88
Trd, 2590908.863, 109
Trd, 2590909.296, 95
Trd, 2590909.529, 94
Trd, 2590909.779, 92
Trd, 2590909.829, 90
Trd, 2590909.963, 86
Trd, 2590910.679, 91
Trd, 2590912.546, 96
Trd, 2590913.213, 105
Trd, 2590913.913, 104
Trd, 2590914.063, 97
Trd, 2590916.863, 101
Trd, 2590917.413, 112
Trd, 2590917.463, 101
Trd, 2590917.479, 101
Trd, 2590918.479, 91
Trd, 2590918.813, 86
Trd, 2590919.729, 87
Trd, 2590920.329, 86
Trd, 2590920.396, 84
Trd, 2590921.196, 97
Trd, 2590921.529, 90
Trd, 2590922.563, 89
Trd, 2590924.296, 107
Trd, 2590925.146, 104
Trd, 2590925.329, 103
Trd, 2590925.513, 110
Trd, 2590925.796, 110
Trd, 2590925.979, 103
Trd, 2590926.113, 111
Trd, 2590927.413, 109
Trd, 2590927.613, 101
Trd, 2590928.229, 91
Trd, 2590928.529, 81
Trd, 2590930.046, 94
Trd, 2590931.329, 114
Trd, 2590931.629, 103
Trd, 2590933.113, 103
Trd, 2590934.496, 109
Trd, 2590934.929, 115
Trd, 2590935.596, 85
Trd, 2590936.729, 108
Trd, 2590937.563, 101
Trd, 2590938.346, 94
Trd, 2590940.246, 92
Trd, 2590940.546, 81
Trd, 2590940.913, 82
Trd, 2590942.079, 85
Trd, 2590942.163, 84
Trd, 2590943.763, 85
Trd, 2590943.896, 88
Trd, 2590944.129, 97
Trd, 2590944.713, 88
Trd, 2590944.729, 85
Trd, 2590945.046, 77
Trd, 2590947.246, 105
Trd, 2590948.363, 101
Trd, 2590950.479, 98
Trd, 2590950.679, 99
Trd, 2590950.913, 98
Trd, 2590950.946, 105
Trd, 2590951.213, 99
Trd, 2590952.746, 106
Trd, 2590953.196, 106
Trd, 2590953.496, 101
Trd, 2590954.213, 96
Trd, 2590955.779, 92
Trd, 2590957.263, 110
Trd, 2590957.979, 103
Trd, 2590958.629, 89
Trd, 2590958.813, 101
Trd, 2590958.879, 87
Trd, 2590959.846, 102
Trd, 2590962.046, 103
Trd, 2590962.296, 99
Trd, 2590962.713, 105
Trd, 2590963.179, 94
Trd, 2590963.763, 109
Trd, 2590965.463, 93
Trd, 2590966.146, 88
Trd, 2590966.379, 103
Trd, 2590966.829, 82
Trd, 2590967.879, 83
Trd, 2590968.596, 101
Trd, 2590969.979, 105
Trd, 2590970.179, 111
Trd, 2590970.446, 100
Trd, 2590970.596, 87
Trd, 2590970.646, 112
Trd, 2590971.663, 96
Trd, 2590972.663, 90
Trd, 2590974.046, 98
Trd, 2590975.313, 94
Trd, 2590975.496, 104
Trd, 2590975.796, 108
Trd, 2590977.163, 112
Trd, 2590977.313, 108
Trd, 2590978.563, 98
Trd, 2590979.346, 98
Trd, 2590979.713, 90
Trd, 2590980.796, 106
Trd, 2590981.079, 110
Trd, 2590981.363, 91
Trd, 2590981.913, 96
Trd, 2590982.696, 92
Trd, 2590982.829, 116
Trd, 2590983.796, 88
Trd, 2590984.146, 82
Trd, 2590984.596, 86
Trd, 2590985.329, 88
Trd, 2590986.646, 100
Trd, 2590986.713, 105
Trd, 2590987.829, 112
Trd, 2590991.296, 103
Trd, 2590991.329, 96
Trd, 2590991.779, 105
Trd, 2590991.796, 98
Trd, 2590991.896, 96
Trd, 2590992.263, 95
Trd, 2590992.629, 103
Trd, 2590994.296, 96
Trd, 2590994.463, 87
Trd, 2590996.046, 93
Trd, 2590998.013, 84
Trd, 2591000.563, 103
Trd, 2591000.679, 101
Trd, 2591000.863, 92
Trd, 2591001.979, 88
Trd, 2591002.579, 89
Trd, 2591004.546, 101
Trd, 2591004.679, 100
Trd, 2591005.879, 99
Trd, 2591005.946, 98
Trd, 2591006.046, 92
Trd, 2591006.679, 105
Trd, 2591007.863, 107
Trd, 2591008.579, 113
Trd, 2591008.963, 100
Trd, 2591009.029, 92
Trd, 2591009.246, 91
Trd, 2591010.663, 94
Trd, 2591010.963, 87
Trd, 2591011.296, 94
Trd, 2591012.396, 94
Trd, 2591013.063, 99
Trd, 2591015.146, 104
Trd, 2591015.763, 105
Trd, 2591016.913, 103
Trd, 2591017.579, 106
Trd, 2591017.629, 101
Trd, 2591017.746, 88
Trd, 2591018.013, 102
Trd, 2591018.329, 81
Trd, 2591019.696, 98
Trd, 2591020.746, 90
Trd, 2591020.829, 93
Trd, 2591023.163, 85
Trd, 2591023.663, 94
Trd, 2591023.696, 105
Trd, 2591024.313, 87
Trd, 2591024.963, 110
Trd, 2591025.946, 84
Trd, 2591026.163, 82
Trd, 2591026.229, 94
Trd, 2591027.163, 85
Trd, 2591027.763, 117
Trd, 2591028.029, 89
Trd, 2591028.263, 86
Trd, 2591028.563, 89
Trd, 2591029.396, 91
Trd, 2591029.929, 87
Trd, 2591031.096, 101
Trd, 2591031.696, 100
Trd, 2591031.796, 100
Trd, 2591033.029, 106
Trd, 2591033.963, 90
Trd, 2591034.963, 108
Trd, 2591035.096, 93
Trd, 2591035.579, 94
Trd, 2591036.196, 102
Trd, 2591037.363, 91
Trd, 2591039.163, 105
Trd, 2591039.363, 104
Trd, 2591039.813, 106
Trd, 2591041.613, 95
Trd, 2591042.346, 111
Trd, 2591042.846, 95
Trd, 2591043.213, 106
Trd, 2591043.396, 112
Trd, 2591044.613, 88
Trd, 2591046.763, 114
Trd, 2591047.513, 101
Trd, 2591047.613, 100
Trd, 2591048.129, 97
Trd, 2591048.613, 96
Trd, 2591049.779, 98
Trd, 2591050.063, 112
Trd, 2591050.329, 86
Trd, 2591050.363, 85
Trd, 2591051.196, 113
Trd, 2591051.229, 79
Trd, 2591052.979, 98
Trd, 2591053.379, 98
Trd, 2591055.029, 87
Trd, 2591056.696, 86
Trd, 2591056.796, 84
Trd, 2591058.296, 81
Trd, 2591058.763, 94
Trd, 2591059.646, 84
Trd, 2591059.846, 81
Trd, 2591060.696, 87
Trd, 2591061.629, 94
Trd, 2591063.129, 100
Trd, 2591063.196, 88
Trd, 2591064.079, 107
Trd, 2591064.229, 93
Trd, 2591064.479, 84
Trd, 2591064.696, 104
Trd, 2591065.063, 83
Trd, 2591066.296, 104
Trd, 2591067.879, 94
Trd, 2591068.863, 91
Trd, 2591070.263, 94
Trd, 2591071.646, 94
Trd, 2591072.229, 106
Trd, 2591072.979, 108
Trd, 2591073.229, 112
Trd, 2591073.863, 108
Trd, 2591074.279, 88
Trd, 2591076.579, 81
Trd, 2591076.663, 109
Trd, 2591077.913, 108
Trd, 2591078.646, 104
Trd, 2591078.829, 101
Trd, 2591079.596, 97
Trd, 2591080.229, 110
Trd, 2591080.246, 88
Trd, 2591081.046, 109
Trd, 2591081.279, 96
Trd, 2591081.296, 73
Trd, 2591081.729, 93
Trd, 2591082.313, 119
Trd, 2591083.579, 113
Trd, 2591083.996, 113
Trd, 2591084.129, 104
Trd, 2591084.346, 80
Trd, 2591084.529, 108
Trd, 2591086.829, 92
Trd, 2591088.879, 105
Trd, 2591089.546, 103
Trd, 2591089.879, 102
Trd, 2591090.079, 84
Trd, 2591090.746, 94
Trd, 2591091.079, 115
Trd, 2591091.596, 104
Trd, 2591092.796, 84
Trd, 2591093.779, 90
Trd, 2591093.979, 95
Trd, 2591095.096, 103
Trd, 2591096.379, 97
Trd, 2591096.963, 87
Trd, 2591098.846, 94
Trd, 2591098.996, 108
Trd, 2591099.463, 87
Trd, 2591100.063, 87
Trd, 2591100.429, 112
Trd, 2591101.129, 89
Trd, 2591101.713, 96
Trd, 2591102.363, 91
Trd, 2591102.896, 90
Trd, 2591103.146, 106
Trd, 2591103.179, 89
Trd, 2591103.463, 94
Trd, 2591103.596, 111
Trd, 2591104.296, 73
Trd, 2591106.779, 88
Trd, 2591108.163, 103
Trd, 2591109.079, 111
Trd, 2591109.929, 110
Trd, 2591110.513, 110
Trd, 2591110.713, 101
Trd, 2591112.279, 93
Trd, 2591112.379, 105
Trd, 2591112.563, 91
Trd, 2591112.663, 89
Trd, 2591112.979, 96
Trd, 2591114.446, 87
Trd, 2591115.463, 106
Trd, 2591115.513, 86
Trd, 2591115.663, 88
Trd, 2591116.379, 100
Trd, 2591116.596, 95
Trd, 2591117.813, 112
Trd, 2591118.313, 111
Trd, 2591119.779, 110
Trd, 2591120.096, 101
Trd, 2591120.246, 105
Trd, 2591122.296, 106
Trd, 2591122.796, 81
Trd, 2591123.313, 79
Trd, 2591124.796, 87
Trd, 2591125.813, 102
Trd, 2591126.946, 101
Trd, 2591128.563, 111
Trd, 2591129.096, 108
Trd, 2591129.396, 101
Trd, 2591129.779, 97
Trd, 2591130.313, 97
Trd, 2591130.713, 88
Trd, 2591131.096, 94
Trd, 2591133.863, 99
Trd, 2591134.346, 98
Trd, 2591135.396, 94
Trd, 2591135.946, 105
Trd, 2591136.213, 102
Trd, 2591137.479, 99
Trd, 2591137.529, 98
Trd, 2591137.763, 89
Trd, 2591139.146, 87
Trd, 2591140.046, 89
Trd, 2591140.146, 98
Trd, 2591140.879, 105
Trd, 2591141.963, 106
Trd, 2591142.263, 93
Trd, 2591143.596, 88
Trd, 2591144.213, 111
Trd, 2591144.463, 117
Trd, 2591144.829, 87
Trd, 2591144.946, 91
Trd, 2591146.496, 103
Trd, 2591146.563, 101
Trd, 2591146.763, 107
Trd, 2591147.196, 106
Trd, 2591148.446, 101
Trd, 2591151.179, 92
Trd, 2591152.196, 94
Trd, 2591152.446, 83
Trd, 2591152.796, 87
Trd, 2591153.279, 77
Trd, 2591153.613, 82
Trd, 2591155.163, 89
Trd, 2591156.546, 110
Trd, 2591156.679, 112
Trd, 2591156.763, 88
Trd, 2591156.896, 116
Trd, 2591158.229, 110
Trd, 2591159.029, 98
Trd, 2591160.346, 89
Trd, 2591161.296, 87
Trd, 2591162.429, 82
Trd, 2591162.729, 87
Trd, 2591163.096, 91
Trd, 2591164.613, 96
Trd, 2591165.079, 98
Trd, 2591167.279, 93
Trd, 2591168.663, 109
Trd, 2591169.296, 111
Trd, 2591169.663, 102
Trd, 2591170.479, 90
Trd, 2591171.029, 102
Trd, 2591171.446, 107
Trd, 2591173.129, 95
Trd, 2591173.546, 97
Trd, 2591173.979, 106
Trd, 2591174.213, 97
Trd, 2591175.596, 91
Trd, 2591176.129, 105
Trd, 2591178.279, 94
Trd, 2591179.363, 88
Trd, 2591180.646, 89
Trd, 2591180.746, 90
Trd, 2591180.963, 109
Trd, 2591181.029, 107
Trd, 2591182.146, 93
Trd, 2591182.629, 94
Trd, 2591183.013, 110
Trd, 2591183.229, 89
Trd, 2591184.329, 93
Trd, 2591186.479, 95
Trd, 2591187.896, 101
Trd, 2591188.013, 92
Trd, 2591188.663, 113
Trd, 2591188.779, 84
Trd, 2591189.046, 86
Trd, 2591189.396, 79
Trd, 2591190.829, 99
Trd, 2591191.129, 80
Trd, 2591191.279, 73
Trd, 2591191.329, 113
Trd, 2591191.346, 72
Trd, 2591193.379, 93
Trd, 2591193.429, 102
Trd, 2591193.596, 114
Trd, 2591195.013, 95
Trd, 2591195.396, 99
Trd, 2591195.429, 98
Trd, 2591195.879, 95
Trd, 2591198.329, 99
Trd, 2591199.163, 101
Trd, 2591199.696, 100
Trd, 2591199.846, 97
Trd, 2591199.863, 97
Trd, 2591199.929, 105
Trd, 2591201.629, 94
Trd, 2591202.863, 93
Trd, 2591204.079, 92
Trd, 2591204.713, 95
Trd, 2591205.163, 107
Trd, 2591207.263, 108
Trd, 2591208.029, 116
Trd, 2591208.213, 108
Trd, 2591208.579, 110
Trd, 2591208.963, 109
Trd, 2591210.296, 88
Trd, 2591210.363, 81
Trd, 2591211.579, 93
Trd, 2591211.796, 96
Trd, 2591211.929, 107
Trd, 2591213.846, 109
Trd, 2591214.679, 121
Trd, 2591214.846, 101
Trd, 2591216.446, 118
Trd, 2591216.729, 119
Trd, 2591218.363, 106
Trd, 2591218.796, 106
Trd, 2591219.213, 94
Trd, 2591219.296, 88
Trd, 2591220.663, 79
Trd, 2591220.679, 89
Trd, 2591221.579, 109
Trd, 2591222.279, 94
Trd, 2591223.163, 83
Trd, 2591224.113, 90
Trd, 2591224.579, 84
Trd, 2591224.629, 113
Trd, 2591226.046, 114
Trd, 2591226.596, 115
Trd, 2591226.829, 96
Trd, 2591226.913, 96
Trd, 2591228.013, 94
Trd, 2591228.929, 86
Trd, 2591229.379, 91
Trd, 2591229.796, 108
Trd, 2591230.163, 105
Trd, 2591230.663, 104
Trd, 2591231.479, 101
Trd, 2591232.246, 91
Trd, 2591232.696, 83
Trd, 2591233.513, 83
Trd, 2591233.879, 94
Trd, 2591235.046, 98
Trd, 2591235.229, 94
Trd, 2591237.513, 105
Trd, 2591237.863, 97
Trd, 2591237.896, 88
Trd, 2591239.229, 91
Trd, 2591239.379, 104
Trd, 2591240.429, 96
Trd, 2591241.379, 103
Trd, 2591241.396, 103
Trd, 2591243.313, 97
Trd, 2591245.229, 89
Trd, 2591245.613, 90
Trd, 2591246.796, 92
Trd, 2591246.813, 97
Trd, 2591248.163, 94
Trd, 2591248.779, 98
Trd, 2591248.829, 96
Trd, 2591249.546, 95
Trd, 2591249.729, 98
Trd, 2591250.496, 108
Trd, 2591250.713, 95
Trd, 2591252.213, 97
Trd, 2591253.513, 92
Trd, 2591253.646, 91
Trd, 2591254.729, 111
Trd, 2591254.996, 95
Trd, 2591255.096, 91
Trd, 2591256.013, 88
Trd, 2591256.196, 87
Trd, 2591257.046, 101
Trd, 2591258.296, 97
Trd, 2591258.963, 87
Trd, 2591259.179, 110
Trd, 2591260.129, 113
Trd, 2591260.796, 105
Trd, 2591261.346, 99
Trd, 2591262.246, 105
Trd, 2591263.596, 82
Trd, 2591267.313, 89
Trd, 2591267.679, 91
Trd, 2591268.846, 107
Trd, 2591269.146, 107
Trd, 2591269.596, 109
Trd, 2591269.996, 102
Trd, 2591270.013, 101
Trd, 2591270.413, 90
Trd, 2591270.663, 109
Trd, 2591270.763, 88
Trd, 2591273.796, 106
Trd, 2591274.196, 94
Trd, 2591275.029, 106
Trd, 2591275.096, 95
Trd, 2591275.963, 104
Trd, 2591276.313, 96
Trd, 2591276.763, 102
Trd, 2591276.979, 101
Trd, 2591277.446, 88
Trd, 2591278.996, 87
Trd, 2591279.996, 104
Trd, 2591281.679, 108
Trd, 2591283.096, 94
Trd, 2591283.229, 93
Trd, 2591283.646, 92
Trd, 2591286.179, 99
Trd, 2591286.396, 110
Trd, 2591287.829, 110
Trd, 2591287.913, 108
Trd, 2591288.079, 112
Trd, 2591288.979, 98
Trd, 2591289.313, 115
Trd, 2591289.563, 86
Trd, 2591290.613, 99
Trd, 2591291.846, 100
Trd, 2591292.813, 107
Trd, 2591292.979, 107
Trd, 2591293.163, 106
Trd, 2591293.913, 103
Trd, 2591294.763, 87
Trd, 2591295.979, 95
Trd, 2591296.463, 89
Trd, 2591296.729, 98
Trd, 2591297.363, 107
Trd, 2591298.179, 101
Trd, 2591298.213, 109
Trd, 2591298.929, 86
Trd, 2591300.779, 90
Trd, 2591300.846, 95
Trd, 2591301.846, 111
Trd, 2591302.696, 98
Trd, 2591303.213, 93
Trd, 2591304.513, 81
Trd, 2591305.463, 84
Trd, 2591306.179, 87
Trd, 2591306.263, 105
Trd, 2591306.629, 95
Trd, 2591308.896, 98
Trd, 2591309.446, 100
Trd, 2591309.596, 112
Trd, 2591310.679, 110
Trd, 2591311.046, 95
Trd, 2591311.563, 90
Trd, 2591313.029, 89
Trd, 2591313.663, 89
Trd, 2591313.729, 100
Trd, 2591313.879, 113
Trd, 2591314.396, 89
Trd, 2591316.313, 85
Trd, 2591316.796, 94
Trd, 2591316.929, 96
Trd, 2591317.163, 83
Trd, 2591317.429, 106
Trd, 2591318.913, 82
Trd, 2591320.746, 81
Trd, 2591321.796, 88
Trd, 2591321.996, 84
Trd, 2591322.463, 90
Trd, 2591322.663, 89
Trd, 2591323.313, 100
Trd, 2591324.163, 88
Trd, 2591324.796, 105
Trd, 2591327.713, 99
Trd, 2591327.813, 97
Trd, 2591329.013, 98
Trd, 2591330.013, 91
Trd, 2591330.696, 100
Trd, 2591331.829, 105
Trd, 2591331.996, 97
Trd, 2591332.163, 100
Trd, 2591333.363, 98
Trd, 2591334.346, 102
Trd, 2591335.213, 100
Trd, 2591335.479, 98
Trd, 2591335.846, 94
Trd, 2591336.413, 104
Trd, 2591336.746, 102
Trd, 2591337.646, 110
Trd, 2591337.879, 93
Trd, 2591339.713, 85
Trd, 2591339.796, 112
Trd, 2591342.646, 101
Trd, 2591343.096, 102
Trd, 2591343.663, 91
Trd, 2591343.829, 115
Trd, 2591346.063, 90
Trd, 2591346.646, 114
Trd, 2591347.413, 88
Trd, 2591348.313, 83
Trd, 2591348.613, 90
Trd, 2591349.196, 94
Trd, 2591349.729, 105
Trd, 2591350.063, 99
Trd, 2591350.429, 94
Trd, 2591350.896, 88
Trd, 2591352.413, 93
Trd, 2591354.113, 107
Trd, 2591354.396, 101
Trd, 2591354.446, 94
Trd, 2591354.613, 112
Trd, 2591354.863, 95
Trd, 2591356.929, 95
Trd, 2591356.979, 105
Trd, 2591357.896, 87
Trd, 2591357.929, 114
Trd, 2591359.213, 87
Trd, 2591359.413, 83
Trd, 2591360.879, 95
Trd, 2591361.146, 94
Trd, 2591361.379, 88
Trd, 2591361.596, 87
Trd, 2591361.613, 85
Trd, 2591362.163, 82
Trd, 2591362.329, 99
Trd, 2591364.296, 99
Trd, 2591366.613, 100
Trd, 2591367.663, 98
Trd, 2591367.896, 105
Trd, 2591368.746, 98
Trd, 2591369.096, 98
Trd, 2591369.529, 86
Trd, 2591370.179, 93
Trd, 2591370.429, 104
Trd, 2591370.696, 109
Trd, 2591371.313, 118
Trd, 2591371.663, 103
Trd, 2591371.896, 94
Trd, 2591372.279, 88
Trd, 2591373.529, 110
Trd, 2591374.279, 80
Trd, 2591374.463, 107
Trd, 2591374.563, 77
Trd, 2591375.379, 76
Trd, 2591376.079, 99
Trd, 2591377.613, 109
Trd, 2591378.946, 101
Trd, 2591379.429, 98
Trd, 2591379.963, 98
Trd, 2591380.596, 97
Trd, 2591380.763, 93
Trd, 2591380.929, 84
Trd, 2591380.979, 73
Trd, 2591383.379, 84
Trd, 2591383.463, 101
Trd, 2591384.913, 95
Trd, 2591386.796, 91
Trd, 2591386.846, 88
Trd, 2591387.713, 100
Trd, 2591389.696, 96
Trd, 2591389.963, 96
Trd, 2591390.096, 103
Trd, 2591390.163, 105
Trd, 2591390.663, 96
Trd, 2591390.963, 95
Trd, 2591392.663, 89
Trd, 2591392.679, 88
Trd, 2591392.829, 87
Trd, 2591393.596, 88
Trd, 2591393.829, 94
Trd, 2591394.013, 96
Trd, 2591395.379, 90
Trd, 2591396.563, 84
Trd, 2591397.279, 101
Trd, 2591397.896, 92
Trd, 2591398.346, 105
Trd, 2591399.879, 113
Trd, 2591400.813, 117
Trd, 2591400.829, 118
Trd, 2591401.013, 98
Trd, 2591401.979, 99
Trd, 2591402.979, 97
Trd, 2591403.279, 111
Trd, 2591403.679, 97
Trd, 2591403.929, 108
Trd, 2591405.079, 91
Trd, 2591405.379, 102
Trd, 2591405.729, 89
Trd, 2591405.996, 91
Trd, 2591407.479, 105
Trd, 2591407.863, 89
Trd, 2591408.696, 91
Trd, 2591410.929, 93
Trd, 2591411.029, 94
Trd, 2591411.096, 93
Trd, 2591411.346, 111
Trd, 2591411.563, 88
Trd, 2591411.929, 86
Trd, 2591413.363, 91
Trd, 2591414.779, 99
Trd, 2591415.029, 99
Trd, 2591415.179, 106
Trd, 2591417.663, 111
Trd, 2591417.796, 112
Trd, 2591418.763, 107
Trd, 2591419.046, 104
Trd, 2591419.413, 95
Trd, 2591419.463, 91
Trd, 2591420.129, 92
Trd, 2591421.579, 99
Trd, 2591424.296, 98
Trd, 2591424.563, 100
Trd, 2591424.663, 97
Trd, 2591425.546, 105
Trd, 2591425.913, 114
Trd, 2591427.196, 94
Trd, 2591427.279, 89
Trd, 2591427.379, 99
Trd, 2591428.263, 95
Trd, 2591428.679, 104
Trd, 2591430.763, 113
Trd, 2591431.313, 107
Trd, 2591431.346, 105
Trd, 2591432.163, 88
Trd, 2591432.179, 96
Trd, 2591432.496, 88
Trd, 2591433.279, 81
Trd, 2591433.313, 108
Trd, 2591433.463, 80
Trd, 2591433.946, 84
Trd, 2591434.246, 93
Trd, 2591434.379, 72
Trd, 2591437.613, 90
Trd, 2591438.713, 96
Trd, 2591439.763, 108
Trd, 2591440.229, 86
Trd, 2591441.196, 110
Trd, 2591441.429, 108
Trd, 2591443.096, 104
Trd, 2591444.796, 91
Trd, 2591445.496, 88
Trd, 2591445.763, 98
Trd, 2591446.646, 113
Trd, 2591447.763, 107
Trd, 2591448.313, 108
Trd, 2591449.096, 112
Trd, 2591449.229, 113
Trd, 2591450.113, 117
Trd, 2591451.046, 107
Trd, 2591451.163, 101
Trd, 2591451.246, 94
Trd, 2591451.446, 118
Trd, 2591452.429, 89
Trd, 2591453.796, 95
Trd, 2591455.446, 93
Trd, 2591456.129, 90
Trd, 2591456.796, 97
Trd, 2591458.746, 99
Trd, 2591458.829, 98
Trd, 2591459.463, 98
Trd, 2591459.563, 104
Trd, 2591460.096, 105
Trd, 2591462.163, 89
Trd, 2591462.263, 87
Trd, 2591462.413, 84
Trd, 2591462.713, 84
Trd, 2591463.229, 95
Trd, 2591463.963, 98
Trd, 2591464.379, 87
Trd, 2591465.929, 109
Trd, 2591466.629, 107
Trd, 2591467.613, 115
Trd, 2591468.113, 101
Trd, 2591468.413, 101
Trd, 2591468.863, 83
Trd, 2591470.229, 91
Trd, 2591470.796, 92
Trd, 2591471.663, 112
Trd, 2591471.813, 92
Trd, 2591471.946, 113
Trd, 2591472.129, 84
Trd, 2591472.363, 85
Trd, 2591472.929, 72
Trd, 2591473.413, 84
Trd, 2591475.279, 88
Trd, 2591477.813, 96
Trd, 2591477.979, 96
Trd, 2591478.046, 103
Trd, 2591479.613, 105
Trd, 2591480.079, 95
Trd, 2591480.329, 94
Trd, 2591481.313, 113
Trd, 2591482.463, 111
Trd, 2591482.579, 110
Trd, 2591482.596, 115
Trd, 2591483.913, 115
Trd, 2591484.196, 103
Trd, 2591484.863, 101
Trd, 2591485.263, 85
Trd, 2591486.463, 94
Trd, 2591486.846, 100
Trd, 2591487.563, 90
Trd, 2591487.813, 85
Trd, 2591491.579, 112
Trd, 2591491.779, 113
Trd, 2591492.046, 111
Trd, 2591492.113, 111
Trd, 2591492.229, 108
Trd, 2591492.646, 102
Trd, 2591492.979, 88
Trd, 2591493.246, 86
Trd, 2591493.963, 92
Trd, 2591494.063, 105
Trd, 2591494.746, 112
Trd, 2591495.463, 99
Trd, 2591495.546, 119
Trd, 2591496.546, 97
Trd, 2591496.713, 92
Trd, 2591497.163, 84
Trd, 2591498.963, 106
Trd, 2591499.563, 104
Trd, 2591499.863, 103
Trd, 2591500.696, 106
Trd, 2591502.813, 109
Trd, 2591503.029, 118
Trd, 2591503.346, 109
Trd, 2591503.413, 96
Trd, 2591505.679, 94
Trd, 2591506.963, 101
Trd, 2591508.179, 86
Trd, 2591508.596, 82
Trd, 2591509.596, 88
Trd, 2591510.196, 82
Trd, 2591510.213, 81
Trd, 2591511.313, 92
Trd, 2591512.629, 97
Trd, 2591512.863, 105
Trd, 2591513.929, 102
Trd, 2591514.396, 94
Trd, 2591514.513, 94
Trd, 2591514.529, 93
Trd, 2591514.746, 92
Trd, 2591515.563, 107
Trd, 2591515.946, 112
Trd, 2591516.963, 95
Trd, 2591517.929, 107
Trd, 2591519.463, 92
Trd, 2591519.646, 94
Trd, 2591521.646, 90
Trd, 2591522.463, 86
Trd, 2591524.496, 98
Trd, 2591524.979, 98
Trd, 2591525.929, 103
Trd, 2591527.146, 81
Trd, 2591527.979, 83
Trd, 2591528.313, 97
Trd, 2591530.196, 101
Trd, 2591530.479, 93
Trd, 2591531.729, 107
Trd, 2591531.796, 105
Trd, 2591533.146, 103
Trd, 2591533.179, 102
Trd, 2591533.963, 108
Trd, 2591533.979, 109
Trd, 2591534.463, 102
Trd, 2591534.979, 101
Trd, 2591535.029, 96
Trd, 2591535.479, 100
Trd, 2591535.679, 88
Trd, 2591538.063, 95
Trd, 2591538.663, 100
Trd, 2591538.813, 102
Trd, 2591539.479, 101
Trd, 2591540.029, 105
Trd, 2591540.296, 118
Trd, 2591541.963, 109
Trd, 2591542.679, 101
Trd, 2591543.196, 98
Trd, 2591543.596, 96
Trd, 2591543.646, 88
Trd, 2591545.029, 84
Trd, 2591546.713, 86
Trd, 2591546.779, 106
Trd, 2591548.163, 84
Trd, 2591548.296, 84
Trd, 2591548.863, 82
Trd, 2591549.196, 85
Trd, 2591549.613, 100
Trd, 2591551.679, 95
Trd, 2591551.946, 98
Trd, 2591552.279, 105
Trd, 2591554.413, 101
Trd, 2591555.629, 112
Trd, 2591555.829, 104
Trd, 2591556.613, 113
Trd, 2591556.629, 106
Trd, 2591557.046, 107
Trd, 2591557.613, 105
Trd, 2591558.846, 101
Trd, 2591559.479, 122
Trd, 2591559.513, 117
Trd, 2591559.546, 97
Trd, 2591561.196, 94
Trd, 2591561.579, 101
Trd, 2591562.713, 99
Trd, 2591563.046, 105
Trd, 2591563.579, 99
Trd, 2591564.579, 98
Trd, 2591565.413, 86
Trd, 2591565.646, 91
Trd, 2591565.763, 100
Trd, 2591565.963, 108
Trd, 2591568.863, 101
Trd, 2591570.363, 99
Trd, 2591570.429, 97
Trd, 2591572.063, 87
Trd, 2591572.779, 101
Trd, 2591573.113, 85
Trd, 2591573.596, 85
Trd, 2591574.646, 103
Trd, 2591574.763, 88
Trd, 2591577.263, 94
Trd, 2591577.979, 88
Trd, 2591579.163, 91
Trd, 2591579.546, 105
Trd, 2591579.596, 91
Trd, 2591580.946, 101
Trd, 2591581.029, 104
Trd, 2591581.713, 85
Trd, 2591581.946, 105
Trd, 2591582.963, 105
Trd, 2591585.879, 99
Trd, 2591585.979, 105
Trd, 2591586.179, 114
Trd, 2591586.513, 100
Trd, 2591587.363, 105
Trd, 2591588.279, 101
Trd, 2591588.446, 96
Trd, 2591589.379, 93
Trd, 2591589.396, 88
Trd, 2591590.513, 105
Trd, 2591591.113, 110
Trd, 2591591.746, 96
Trd, 2591591.946, 96
Trd, 2591592.646, 108
Trd, 2591593.096, 95
Trd, 2591597.263, 94
Trd, 2591598.113, 94
Trd, 2591599.079, 95
Trd, 2591599.546, 94
Trd, 2591599.596, 97
Trd, 2591600.146, 90
Trd, 2591601.829, 105
Trd, 2591602.013, 92
Trd, 2591602.496, 109
Trd, 2591602.696, 108
Trd, 2591604.096, 100
Trd, 2591604.163, 98
Trd, 2591605.013, 96
Trd, 2591606.046, 104
Trd, 2591606.463, 89
Trd, 2591606.629, 112
Trd, 2591608.146, 101
Trd, 2591608.713, 115
Trd, 2591608.896, 98
Trd, 2591609.779, 89
Trd, 2591609.946, 88
Trd, 2591611.379, 94
Trd, 2591611.879, 101
Trd, 2591612.646, 93
Trd, 2591612.913, 119
Trd, 2591612.929, 92
Trd, 2591613.063, 82
Trd, 2591613.696, 82
Trd, 2591614.913, 93
Trd, 2591615.363, 83
Trd, 2591616.946, 106
Trd, 2591618.513, 92
Trd, 2591618.846, 89
Trd, 2591619.913, 92
Trd, 2591620.246, 101
Trd, 2591620.329, 102
Trd, 2591621.713, 98
Trd, 2591622.129, 105
Trd, 2591622.146, 111
Trd, 2591623.579, 110
Trd, 2591623.796, 103
Trd, 2591627.063, 99
Trd, 2591628.213, 94
Trd, 2591628.246, 108
Trd, 2591628.613, 95
Trd, 2591629.179, 92
Trd, 2591629.829, 107
Trd, 2591629.929, 107
Trd, 2591630.246, 107
Trd, 2591630.779, 101
Trd, 2591631.413, 90
Trd, 2591631.663, 86
Trd, 2591632.329, 79
Trd, 2591632.879, 79
Trd, 2591633.579, 91
Trd, 2591634.279, 102
Trd, 2591634.396, 101
Trd, 2591634.929, 81
Trd, 2591635.296, 87
Trd, 2591635.496, 86
Trd, 2591636.379, 110
Trd, 2591637.429, 92
Trd, 2591638.263, 96
Trd, 2591639.063, 101
Trd, 2591639.413, 110
Trd, 2591639.579, 113
Trd, 2591639.746, 99
Trd, 2591639.929, 96
Trd, 2591640.046, 115
Trd, 2591640.413, 97
Trd, 2591642.146, 83
Trd, 2591644.496, 89
Trd, 2591645.263, 103
Trd, 2591645.446, 99
Trd, 2591646.246, 98
Trd, 2591647.513, 116
Trd, 2591648.429, 112
Trd, 2591648.546, 92
Trd, 2591648.779, 89
Trd, 2591649.729, 104
Trd, 2591649.779, 97
Trd, 2591651.763, 88
Trd, 2591652.229, 105
Trd, 2591655.796, 96
Trd, 2591656.529, 110
Trd, 2591656.729, 111
Trd, 2591657.263, 113
Trd, 2591658.313, 100
Trd, 2591658.929, 108
Trd, 2591659.129, 102
Trd, 2591659.229, 97
Trd, 2591659.346, 90
Trd, 2591659.779, 111
Trd, 2591660.579, 109
Trd, 2591660.646, 114
Trd, 2591662.113, 72
Trd, 2591664.313, 82
Trd, 2591664.713, 81
Trd, 2591664.979, 87
Trd, 2591665.779, 77
Trd, 2591666.146, 93
Trd, 2591666.813, 81
Trd, 2591668.379, 96
Trd, 2591670.429, 94
Trd, 2591671.763, 105
Trd, 2591672.096, 95
Trd, 2591673.446, 108
Trd, 2591674.163, 97
Trd, 2591674.813, 97
Trd, 2591674.863, 96
Trd, 2591675.229, 111
Trd, 2591675.679, 96
Trd, 2591677.613, 86
Trd, 2591678.129, 84
Trd, 2591678.463, 115
Trd, 2591679.329, 81
Trd, 2591680.029, 104
Trd, 2591680.379, 103
Trd, 2591680.613, 102
Trd, 2591681.279, 104
Trd, 2591682.146, 110
Trd, 2591683.446, 100
Trd, 2591683.979, 117
Trd, 2591684.046, 104
Trd, 2591687.046, 95
Trd, 2591687.763, 117
Trd, 2591688.846, 94
Trd, 2591689.563, 119
Trd, 2591689.863, 116
Trd, 2591690.246, 115
Trd, 2591690.463, 119
Trd, 2591691.696, 105
Trd, 2591691.713, 91
Trd, 2591691.746, 89
Trd, 2591693.713, 99
Trd, 2591693.763, 105
Trd, 2591693.913, 98
Trd, 2591694.063, 106
Trd, 2591694.363, 98
Trd, 2591694.579, 98
Trd, 2591696.013, 97
Trd, 2591696.096, 94
Trd, 2591696.346, 86
Trd, 2591696.596, 85
Trd, 2591697.213, 101
Trd, 2591698.629, 108
Trd, 2591698.696, 110
Trd, 2591699.579, 95
Trd, 2591700.379, 90
Trd, 2591701.396, 91
Trd, 2591701.946, 86
Trd, 2591702.179, 85
Trd, 2591702.479, 82
Trd, 2591704.146, 100
Trd, 2591704.296, 104
Trd, 2591704.763, 80
Trd, 2591705.046, 109
Trd, 2591706.013, 93
Trd, 2591706.579, 78
Trd, 2591707.779, 79
Trd, 2591707.813, 108
Trd, 2591708.446, 92
Trd, 2591708.513, 84
Trd, 2591708.779, 93
Trd, 2591710.196, 116
Trd, 2591710.646, 111
Trd, 2591711.729, 98
Trd, 2591711.796, 92
Trd, 2591712.046, 84
Trd, 2591713.396, 92
Trd, 2591714.096, 95
Trd, 2591716.063, 103
Trd, 2591716.963, 83
Trd, 2591717.396, 83
Trd, 2591718.296, 101
Trd, 2591718.479, 101
Trd, 2591718.996, 104
Trd, 2591719.113, 111
Trd, 2591719.729, 93
Trd, 2591720.196, 94
Trd, 2591720.896, 94
Trd, 2591721.296, 77
Trd, 2591723.929, 90
Trd, 2591725.013, 96
Trd, 2591725.729, 105
Trd, 2591725.879, 105
Trd, 2591726.979, 104
Trd, 2591727.896, 113
Trd, 2591728.063, 112
Trd, 2591728.496, 98
Trd, 2591728.779, 90
Trd, 2591729.163, 99
Trd, 2591729.646, 97
Trd, 2591730.163, 109
Trd, 2591730.329, 83
Trd, 2591732.096, 85
Trd, 2591732.929, 89
Trd, 2591734.446, 91
Trd, 2591734.713, 92
Trd, 2591735.629, 91
Trd, 2591736.196, 100
Trd, 2591737.046, 109
Trd, 2591737.113, 100
Trd, 2591737.263, 109
Trd, 2591738.029, 100
Trd, 2591738.446, 115
Trd, 2591740.429, 86
Trd, 2591740.913, 103
Trd, 2591742.429, 93
Trd, 2591742.546, 99
Trd, 2591742.763, 105
Trd, 2591743.096, 91
Trd, 2591743.529, 112
Trd, 2591745.296, 84
Trd, 2591745.846, 84
Trd, 2591746.763, 90
Trd, 2591747.663, 89
Trd, 2591748.379, 95
Trd, 2591748.646, 87
Trd, 2591749.279, 102
Trd, 2591749.879, 119
Trd, 2591750.246, 97
Trd, 2591751.146, 115
Trd, 2591751.429, 111
Trd, 2591751.446, 101
Trd, 2591752.796, 83
Trd, 2591753.463, 88
Trd, 2591754.413, 83
Trd, 2591756.663, 88
Trd, 2591756.796, 85
Trd, 2591757.146, 108
Trd, 2591757.713, 98
Trd, 2591758.113, 103
Trd, 2591758.396, 88
Trd, 2591758.796, 87
Trd, 2591759.629, 109
Trd, 2591760.146, 109
Trd, 2591760.313, 92
Trd, 2591760.879, 120
Trd, 2591761.163, 87
Trd, 2591762.163, 115
Trd, 2591765.113, 88
Trd, 2591766.013, 97
Trd, 2591766.163, 103
Trd, 2591766.246, 80
Trd, 2591767.279, 94
Trd, 2591768.013, 84
Trd, 2591769.096, 86
Trd, 2591769.713, 80
Trd, 2591771.096, 114
Trd, 2591771.279, 102
Trd, 2591773.713, 102
Trd, 2591773.946, 97
Trd, 2591774.396, 97
Trd, 2591775.679, 110
Trd, 2591776.029, 109
Trd, 2591776.413, 111
Trd, 2591777.113, 108
Trd, 2591777.463, 106
Trd, 2591777.496, 96
Trd, 2591779.679, 96
Trd, 2591780.146, 95
Trd, 2591780.446, 109
Trd, 2591780.613, 95
Trd, 2591780.729, 88
Trd, 2591783.579, 90
Trd, 2591783.613, 93
Trd, 2591783.729, 96
Trd, 2591784.329, 88
Trd, 2591785.629, 94
Trd, 2591786.446, 101
Trd, 2591786.529, 105
Trd, 2591790.763, 106
Trd, 2591791.063, 105
Trd, 2591791.729, 105
Trd, 2591791.979, 110
Trd, 2591792.779, 101
Trd, 2591792.863, 115
Trd, 2591793.463, 101
Trd, 2591794.229, 96
Trd, 2591794.296, 92
Trd, 2591794.846, 109
Trd, 2591795.713, 101
Trd, 2591796.979, 109
Trd, 2591797.763, 109
Trd, 2591797.779, 108
Trd, 2591798.179, 95
Trd, 2591798.579, 99
Trd, 2591799.329, 89
Trd, 2591800.013, 93
Trd, 2591800.929, 99
Trd, 2591801.346, 88
Trd, 2591803.513, 91
Trd, 2591805.313, 94
Trd, 2591805.596, 105
Trd, 2591805.729, 86
Trd, 2591805.929, 94
Trd, 2591805.946, 78
Trd, 2591807.396, 92
Trd, 2591807.713, 87
Trd, 2591809.529, 90
Trd, 2591810.079, 113
Trd, 2591811.363, 107
Trd, 2591812.346, 102
Trd, 2591812.396, 101
Trd, 2591812.846, 112
Trd, 2591813.413, 117
Trd, 2591813.929, 95
Trd, 2591814.246, 91
Trd, 2591814.363, 90
Trd, 2591814.513, 99
Trd, 2591814.963, 85
Trd, 2591815.796, 91
Trd, 2591818.396, 111
Trd, 2591818.646, 103
Trd, 2591818.946, 103
Trd, 2591819.113, 110
Trd, 2591819.546, 103
Trd, 2591820.029, 101
Trd, 2591821.263, 96
Trd, 2591822.163, 90
Trd, 2591822.813, 98
Trd, 2591824.396, 105
Trd, 2591824.463, 84
Trd, 2591827.079, 106
Trd, 2591827.396, 82
Trd, 2591828.879, 101
Trd, 2591829.413, 96
Trd, 2591829.863, 103
Trd, 2591830.596, 96
Trd, 2591831.079, 109
Trd, 2591831.263, 96
Trd, 2591831.729, 91
Trd, 2591831.996, 89
Trd, 2591832.663, 108
Trd, 2591833.296, 109
Trd, 2591833.429, 103
Trd, 2591834.579, 114
Trd, 2591835.246, 87
Trd, 2591836.663, 93
Trd, 2591836.929, 81
Trd, 2591837.013, 81
Trd, 2591837.746, 94
Trd, 2591838.229, 84
Trd, 2591838.929, 92
Trd, 2591841.779, 101
Trd, 2591842.529, 97
Trd, 2591843.196, 99
Trd, 2591843.379, 102
Trd, 2591843.596, 98
Trd, 2591843.663, 101
Trd, 2591843.696, 95
Trd, 2591844.129, 108
Trd, 2591844.496, 89
Trd, 2591845.863, 86
Trd, 2591846.479, 94
Trd, 2591846.879, 87
Trd, 2591848.546, 102
Trd, 2591848.879, 115
Trd, 2591849.863, 115
Trd, 2591850.346, 99
Trd, 2591850.363, 112
Trd, 2591850.996, 113
Trd, 2591852.863, 112
Trd, 2591853.779, 107
Trd, 2591854.363, 108
Trd, 2591854.613, 108
Trd, 2591854.796, 88
Trd, 2591855.896, 92
Trd, 2591857.763, 111
Trd, 2591859.663, 115
Trd, 2591860.629, 108
Trd, 2591861.179, 111
Trd, 2591861.313, 101
Trd, 2591862.096, 109
Trd, 2591863.113, 108
Trd, 2591863.129, 96
Trd, 2591863.213, 95
Trd, 2591863.779, 92
Trd, 2591864.963, 92
Trd, 2591865.829, 101
Trd, 2591867.229, 104
Trd, 2591867.396, 99
Trd, 2591868.479, 88
Trd, 2591868.896, 100
Trd, 2591870.346, 91
Trd, 2591870.396, 102
Trd, 2591871.429, 83
Trd, 2591872.196, 106
Trd, 2591872.296, 89
Trd, 2591873.396, 90
Trd, 2591873.413, 94
Trd, 2591874.063, 89
Trd, 2591874.946, 107
Trd, 2591875.046, 86
Trd, 2591875.613, 94
Trd, 2591875.746, 87
Trd, 2591876.896, 83
Trd, 2591877.896, 94
Trd, 2591878.829, 97
Trd, 2591880.929, 101
Trd, 2591881.613, 105
Trd, 2591882.679, 101
Trd, 2591883.146, 105
Trd, 2591883.329, 102
Trd, 2591883.496, 106
Trd, 2591884.913, 101
Trd, 2591886.179, 112
Trd, 2591887.096, 119
Trd, 2591887.113, 115
Trd, 2591887.796, 113
Trd, 2591887.879, 113
Trd, 2591888.029, 125
Trd, 2591888.629, 101
Trd, 2591888.713, 88
Trd, 2591889.646, 95
Trd, 2591890.496, 90
Trd, 2591890.913, 95
Trd, 2591890.929, 94
Trd, 2591891.713, 111
Trd, 2591894.596, 81
Trd, 2591895.096, 86
Trd, 2591895.463, 83
Trd, 2591896.763, 89
Trd, 2591896.879, 96
Trd, 2591897.029, 96
Trd, 2591897.246, 96
Trd, 2591897.279, 87
Trd, 2591899.163, 105
Trd, 2591899.446, 113
Trd, 2591901.179, 97
Trd, 2591901.529, 90
Trd, 2591902.146, 102
Trd, 2591903.163, 93
Trd, 2591903.629, 106
Trd, 2591904.629, 113
Trd, 2591904.763, 110
Trd, 2591905.963, 101
Trd, 2591908.096, 95
Trd, 2591908.346, 88
Trd, 2591908.629, 113
Trd, 2591909.479, 86
Trd, 2591910.263, 100
Trd, 2591911.763, 98
Trd, 2591912.179, 98
Trd, 2591912.279, 105
Trd, 2591913.213, 94
Trd, 2591913.346, 93
Trd, 2591913.996, 108
Trd, 2591914.063, 109
Trd, 2591914.846, 98
Trd, 2591917.813, 96
Trd, 2591918.013, 88
Trd, 2591918.063, 105
Trd, 2591918.863, 102
Trd, 2591919.563, 101
Trd, 2591920.163, 98
Trd, 2591920.613, 103
Trd, 2591920.896, 112
Trd, 2591921.746, 109
Trd, 2591922.563, 109
Trd, 2591922.713, 106
Trd, 2591922.763, 84
Trd, 2591922.996, 100
Trd, 2591923.146, 83
Trd, 2591923.763, 112
Trd, 2591925.763, 115
Trd, 2591927.163, 89
Trd, 2591927.229, 87
Trd, 2591927.679, 85
Trd, 2591928.113, 97
Trd, 2591929.063, 105
Trd, 2591930.046, 83
Trd, 2591930.829, 89
Trd, 2591931.096, 92
Trd, 2591931.963, 84
Trd, 2591932.496, 84
Trd, 2591933.613, 96
Trd, 2591933.696, 79
Trd, 2591934.729, 78
Trd, 2591935.063, 91
Trd, 2591937.129, 105
Trd, 2591937.396, 85
Trd, 2591937.796, 88
Trd, 2591938.296, 84
Trd, 2591938.746, 107
Trd, 2591939.013, 113
Trd, 2591939.663, 102
Trd, 2591940.296, 98
Trd, 2591941.896, 98
Trd, 2591942.396, 90
Trd, 2591942.496, 101
Trd, 2591942.746, 102
Trd, 2591942.829, 89
Trd, 2591945.363, 93
Trd, 2591946.346, 91
Trd, 2591946.779, 94
Trd, 2591947.513, 92
Trd, 2591948.629, 105
Trd, 2591948.813, 109
Trd, 2591948.879, 93
Trd, 2591949.563, 88
Trd, 2591949.863, 81
Trd, 2591951.213, 81
Trd, 2591952.013, 75
Trd, 2591952.846, 101
Trd, 2591955.696, 112
Trd, 2591955.963, 111
Trd, 2591957.163, 97
Trd, 2591957.963, 96
Trd, 2591958.279, 88
Trd, 2591958.579, 78
Trd, 2591959.763, 85
Trd, 2591960.813, 90
Trd, 2591961.013, 93
Trd, 2591961.446, 105
Trd, 2591961.579, 105
Trd, 2591962.146, 82
Trd, 2591962.929, 85
Trd, 2591963.196, 94
Trd, 2591963.329, 86
Trd, 2591964.829, 117
Trd, 2591966.346, 106
Trd, 2591966.413, 106
Trd, 2591966.513, 105
Trd, 2591968.513, 100
Trd, 2591969.196, 112
Trd, 2591969.279, 98
Trd, 2591969.979, 102
Trd, 2591970.413, 88
Trd, 2591970.579, 109
Trd, 2591970.929, 111
Trd, 2591971.279, 97
Trd, 2591972.379, 87
Trd, 2591972.779, 93
Trd, 2591973.229, 84
Trd, 2591974.329, 100
Trd, 2591974.996, 100
Trd, 2591975.496, 95
Trd, 2591976.596, 95
Trd, 2591977.313, 84
Trd, 2591977.413, 83
Trd, 2591977.479, 106
Trd, 2591978.046, 104
Trd, 2591978.713, 106
Trd, 2591979.929, 99
Trd, 2591980.196, 99
Trd, 2591980.546, 109
Trd, 2591982.679, 110
Trd, 2591983.679, 112
Trd, 2591984.163, 106
Trd, 2591984.479, 103
Trd, 2591985.529, 111
Trd, 2591986.113, 117
Trd, 2591986.496, 101
Trd, 2591987.163, 88
Trd, 2591987.363, 87
Trd, 2591987.596, 87
Trd, 2591988.163, 95
Trd, 2591989.479, 84
Trd, 2591990.296, 101
Trd, 2591991.796, 110
Trd, 2591992.346, 87
Trd, 2591992.963, 91
Trd, 2591993.979, 97
Trd, 2591997.329, 92
Trd, 2591997.529, 92
Trd, 2591997.946, 97
Trd, 2591998.213, 99
Trd, 2591999.379, 95
Trd, 2591999.813, 88
