Trd, 2590663.313, 106
Trd, 2590664.546, 108
Trd, 2590664.579, 107
Trd, 2590665.563, 107
Trd, 2590665.796, 117
Trd, 2590665.829, 106
Trd, 2590665.846, 117
Trd, 2590667.313, 111
Trd, 2590667.863, 105
Trd, 2590667.996, 98
Trd, 2590669.013, 98
Trd, 2590669.446, 111
Trd, 2590669.513, 96
Trd, 2590669.646, 113
Trd, 2590670.929, 114
Trd, 2590671.013, 78
Trd, 2590671.713, 102
Trd, 2590672.246, 87
Trd, 2590672.346, 83
Trd, 2590675.496, 103
Trd, 2590676.496, 99
Trd, 2590676.863, 104
Trd, 2590677.113, 101
Trd, 2590677.179, 98
Trd, 2590678.263, 100
Trd, 2590678.763, 102
Trd, 2590679.513, 101
Trd, 2590679.563, 104
Trd, 2590679.829, 99
Trd, 2590681.229, 112
Trd, 2590682.113, 109
Trd, 2590682.696, 108
Trd, 2590683.213, 96
Trd, 2590683.813, 99
Trd, 2590683.946, 101
Trd, 2590685.496, 114
Trd, 2590686.446, 123
Trd, 2590687.096, 104
Trd, 2590687.163, 113
Trd, 2590688.913, 113
Trd, 2590690.296, 108
Trd, 2590690.446, 112
Trd, 2590690.463, 104
Trd, 2590690.529, 101
Trd, 2590690.796, 98
Trd, 2590690.913, 83
Trd, 2590691.246, 89
Trd, 2590691.946, 85
Trd, 2590692.196, 109
Trd, 2590692.546, 114
Trd, 2590694.113, 81
Trd, 2590695.496, 88
Trd, 2590696.296, 88
Trd, 2590696.346, 89
Trd, 2590696.363, 109
Trd, 2590698.713, 105
Trd, 2590699.263, 115
Trd, 2590699.646, 106
Trd, 2590700.229, 105
Trd, 2590700.263, 110
Trd, 2590700.679, 98
Trd, 2590701.396, 106
Trd, 2590701.896, 100
Trd, 2590702.113, 99
Trd, 2590702.196, 123
Trd, 2590704.163, 99
Trd, 2590706.046, 99
Trd, 2590706.646, 109
Trd, 2590707.913, 100
Trd, 2590708.796, 106
Trd, 2590709.046, 108
Trd, 2590709.063, 98
Trd, 2590710.479, 97
Trd, 2590710.496, 99
Trd, 2590710.563, 100
Trd, 2590710.713, 107
Trd, 2590712.563, 90
Trd, 2590712.779, 93
Trd, 2590713.213, 88
Trd, 2590714.063, 101
Trd, 2590714.513, 113
Trd, 2590715.429, 89
Trd, 2590715.696, 115
Trd, 2590715.713, 89
Trd, 2590715.829, 116
Trd, 2590717.813, 115
Trd, 2590718.163, 98
Trd, 2590719.779, 104
Trd, 2590720.446, 105
Trd, 2590720.663, 104
Trd, 2590721.163, 108
Trd, 2590721.763, 109
Trd, 2590721.946, 97
Trd, 2590722.279, 115
Trd, 2590722.529, 97
Trd, 2590723.663, 120
Trd, 2590724.579, 113
Trd, 2590726.513, 95
Trd, 2590727.029, 97
Trd, 2590727.429, 96
Trd, 2590728.396, 95
Trd, 2590729.313, 101
Trd, 2590730.146, 105
Trd, 2590730.513, 109
Trd, 2590730.596, 98
Trd, 2590730.863, 112
Trd, 2590731.029, 114
Trd, 2590731.546, 123
Trd, 2590732.229, 103
Trd, 2590732.363, 110
Trd, 2590732.496, 101
Trd, 2590733.663, 101
Trd, 2590734.146, 99
Trd, 2590734.446, 102
Trd, 2590734.829, 104
Trd, 2590735.863, 85
Trd, 2590738.729, 86
Trd, 2590739.563, 99
Trd, 2590739.863, 100
Trd, 2590740.329, 104
Trd, 2590740.546, 92
Trd, 2590741.046, 98
Trd, 2590742.946, 103
Trd, 2590743.179, 111
Trd, 2590743.663, 103
Trd, 2590744.196, 111
Trd, 2590744.479, 104
Trd, 2590745.463, 103
Trd, 2590746.113, 98
Trd, 2590746.163, 98
Trd, 2590746.563, 87
Trd, 2590746.879, 102
Trd, 2590747.646, 119
Trd, 2590747.663, 82
Trd, 2590749.829, 88
Trd, 2590750.179, 85
Trd, 2590750.829, 82
Trd, 2590751.963, 77
Trd, 2590752.246, 92
Trd, 2590752.946, 94
Trd, 2590753.563, 95
Trd, 2590754.296, 96
Trd, 2590755.246, 90
Trd, 2590755.496, 87
Trd, 2590756.279, 87
Trd, 2590757.463, 93
Trd, 2590757.929, 92
Trd, 2590758.446, 94
Trd, 2590758.813, 108
Trd, 2590759.846, 106
Trd, 2590759.863, 105
Trd, 2590760.629, 113
Trd, 2590760.646, 98
Trd, 2590761.913, 99
Trd, 2590762.146, 115
Trd, 2590762.729, 100
Trd, 2590763.629, 111
Trd, 2590764.229, 98
Trd, 2590764.496, 85
Trd, 2590765.013, 100
Trd, 2590766.313, 87
Trd, 2590767.613, 98
Trd, 2590767.863, 86
Trd, 2590768.013, 116
Trd, 2590768.596, 86
Trd, 2590768.979, 108
Trd, 2590769.079, 114
Trd, 2590769.913, 108
Trd, 2590771.246, 109
Trd, 2590771.529, 104
Trd, 2590772.646, 105
Trd, 2590773.429, 106
Trd, 2590774.813, 112
Trd, 2590775.679, 112
Trd, 2590776.913, 113
Trd, 2590777.396, 112
Trd, 2590777.529, 112
Trd, 2590777.546, 105
Trd, 2590779.596, 108
Trd, 2590779.646, 110
Trd, 2590779.879, 115
Trd, 2590780.429, 101
Trd, 2590780.496, 110
Trd, 2590780.729, 98
Trd, 2590781.063, 96
Trd, 2590781.329, 84
Trd, 2590781.529, 81
Trd, 2590781.996, 80
Trd, 2590783.313, 104
Trd, 2590784.429, 87
Trd, 2590785.496, 87
Trd, 2590786.446, 89
Trd, 2590786.779, 89
Trd, 2590787.346, 90
Trd, 2590787.679, 91
Trd, 2590788.413, 99
Trd, 2590788.713, 98
Trd, 2590789.279, 90
Trd, 2590790.229, 98
Trd, 2590790.296, 99
Trd, 2590791.546, 115
Trd, 2590791.746, 99
Trd, 2590792.329, 98
Trd, 2590794.313, 102
Trd, 2590794.463, 103
Trd, 2590795.079, 91
Trd, 2590795.979, 113
Trd, 2590797.513, 104
Trd, 2590797.746, 102
Trd, 2590798.096, 99
Trd, 2590798.296, 98
Trd, 2590798.879, 98
Trd, 2590799.829, 95
Trd, 2590800.163, 115
Trd, 2590800.313, 91
Trd, 2590801.963, 93
Trd, 2590802.679, 97
Trd, 2590803.313, 84
Trd, 2590804.213, 85
Trd, 2590805.363, 84
Trd, 2590805.696, 99
Trd, 2590805.729, 103
Trd, 2590806.729, 85
Trd, 2590807.396, 98
Trd, 2590808.713, 112
Trd, 2590809.296, 115
Trd, 2590810.546, 115
Trd, 2590810.579, 117
Trd, 2590810.613, 98
Trd, 2590810.913, 87
Trd, 2590813.363, 98
Trd, 2590814.546, 89
Trd, 2590814.996, 103
Trd, 2590815.579, 121
Trd, 2590815.829, 98
Trd, 2590815.946, 92
Trd, 2590816.846, 108
Trd, 2590817.679, 109
Trd, 2590817.763, 105
Trd, 2590817.863, 103
Trd, 2590818.429, 94
Trd, 2590819.996, 106
Trd, 2590820.763, 93
Trd, 2590821.196, 105
Trd, 2590821.629, 101
Trd, 2590821.946, 103
Trd, 2590822.363, 94
Trd, 2590824.796, 111
Trd, 2590826.263, 110
Trd, 2590827.296, 107
Trd, 2590827.613, 116
Trd, 2590827.879, 107
Trd, 2590828.229, 103
Trd, 2590829.013, 102
Trd, 2590829.046, 119
Trd, 2590829.063, 98
Trd, 2590829.729, 81
Trd, 2590830.529, 82
Trd, 2590830.963, 84
Trd, 2590832.496, 90
Trd, 2590832.663, 81
Trd, 2590833.213, 83
Trd, 2590833.479, 91
Trd, 2590833.913, 107
Trd, 2590834.463, 115
Trd, 2590834.696, 108
Trd, 2590834.779, 110
Trd, 2590836.196, 106
Trd, 2590836.296, 105
Trd, 2590836.696, 116
Trd, 2590837.063, 108
Trd, 2590837.563, 98
Trd, 2590838.396, 123
Trd, 2590838.579, 125
Trd, 2590839.329, 79
Trd, 2590839.829, 108
Trd, 2590840.563, 109
Trd, 2590840.796, 113
Trd, 2590841.229, 95
Trd, 2590841.546, 94
Trd, 2590842.413, 98
Trd, 2590843.613, 90
Trd, 2590846.529, 86
Trd, 2590847.079, 79
Trd, 2590848.529, 92
Trd, 2590849.396, 90
Trd, 2590850.013, 102
Trd, 2590850.596, 101
Trd, 2590850.946, 109
Trd, 2590851.246, 108
Trd, 2590852.563, 110
Trd, 2590853.163, 110
Trd, 2590854.263, 109
Trd, 2590854.763, 116
Trd, 2590854.929, 108
Trd, 2590855.513, 107
Trd, 2590855.846, 118
Trd, 2590856.479, 109
Trd, 2590856.563, 106
Trd, 2590857.013, 105
Trd, 2590858.163, 105
Trd, 2590859.279, 111
Trd, 2590860.129, 105
Trd, 2590860.946, 105
Trd, 2590861.629, 98
Trd, 2590862.813, 96
Trd, 2590862.963, 96
Trd, 2590863.479, 84
Trd, 2590864.279, 99
Trd, 2590864.796, 101
Trd, 2590865.246, 117
Trd, 2590866.063, 92
Trd, 2590866.313, 107
Trd, 2590866.713, 92
Trd, 2590866.896, 91
Trd, 2590866.929, 109
Trd, 2590867.913, 98
Trd, 2590868.596, 91
Trd, 2590871.396, 95
Trd, 2590871.529, 101
Trd, 2590871.846, 91
Trd, 2590872.779, 118
Trd, 2590874.096, 111
Trd, 2590874.179, 105
Trd, 2590874.913, 108
Trd, 2590876.463, 98
Trd, 2590878.463, 114
Trd, 2590879.146, 114
Trd, 2590879.313, 110
Trd, 2590879.779, 108
Trd, 2590879.813, 121
Trd, 2590880.746, 112
Trd, 2590880.763, 114
Trd, 2590881.563, 115
Trd, 2590881.646, 112
Trd, 2590881.796, 108
Trd, 2590881.979, 115
Trd, 2590882.479, 116
Trd, 2590883.679, 99
Trd, 2590886.229, 110
Trd, 2590886.546, 106
Trd, 2590886.579, 114
Trd, 2590886.679, 105
Trd, 2590887.163, 102
Trd, 2590887.396, 105
Trd, 2590888.729, 98
Trd, 2590888.896, 98
Trd, 2590889.079, 99
Trd, 2590889.713, 93
Trd, 2590890.613, 106
Trd, 2590890.796, 101
Trd, 2590892.696, 90
Trd, 2590892.929, 106
Trd, 2590894.546, 102
Trd, 2590895.896, 89
Trd, 2590897.763, 91
Trd, 2590897.846, 91
Trd, 2590898.146, 100
Trd, 2590898.346, 92
Trd, 2590898.779, 105
Trd, 2590899.146, 94
Trd, 2590899.363, 92
Trd, 2590900.113, 104
Trd, 2590900.279, 112
Trd, 2590900.596, 91
Trd, 2590901.429, 91
Trd, 2590901.896, 112
Trd, 2590902.629, 105
Trd, 2590903.463, 122
Trd, 2590904.346, 109
Trd, 2590907.046, 96
Trd, 2590908.313, 95
Trd, 2590908.363, 85
Trd, 2590908.746, 84
Trd, 2590909.213, 94
Trd, 2590909.579, 100
Trd, 2590910.229, 115
Trd, 2590910.563, 102
Trd, 2590911.596, 110
Trd, 2590912.346, 112
Trd, 2590913.263, 107
Trd, 2590913.829, 111
Trd, 2590914.879, 119
Trd, 2590915.896, 120
Trd, 2590916.413, 110
Trd, 2590916.529, 108
Trd, 2590916.996, 98
Trd, 2590917.663, 99
Trd, 2590918.229, 111
Trd, 2590918.996, 112
Trd, 2590919.463, 102
Trd, 2590920.079, 117
Trd, 2590920.196, 100
Trd, 2590920.496, 99
Trd, 2590922.396, 106
Trd, 2590922.546, 105
Trd, 2590923.079, 107
Trd, 2590923.579, 98
Trd, 2590924.213, 108
Trd, 2590924.596, 92
Trd, 2590924.779, 110
Trd, 2590925.329, 84
Trd, 2590926.429, 88
Trd, 2590927.196, 115
Trd, 2590927.346, 117
Trd, 2590928.029, 116
Trd, 2590929.196, 107
Trd, 2590931.063, 108
Trd, 2590932.446, 109
Trd, 2590932.563, 116
Trd, 2590932.913, 91
Trd, 2590935.546, 109
Trd, 2590935.946, 111
Trd, 2590936.163, 114
Trd, 2590936.196, 109
Trd, 2590936.263, 108
Trd, 2590937.429, 105
Trd, 2590938.263, 104
Trd, 2590939.496, 98
Trd, 2590939.529, 103
Trd, 2590939.629, 98
Trd, 2590939.946, 96
Trd, 2590941.013, 92
Trd, 2590941.146, 110
Trd, 2590941.363, 115
Trd, 2590941.729, 118
Trd, 2590942.546, 105
Trd, 2590942.996, 104
Trd, 2590943.196, 112
Trd, 2590943.229, 111
Trd, 2590945.079, 99
Trd, 2590945.563, 108
Trd, 2590945.796, 93
Trd, 2590946.779, 107
Trd, 2590946.979, 108
Trd, 2590949.296, 98
Trd, 2590950.429, 84
Trd, 2590950.713, 83
Trd, 2590951.613, 108
Trd, 2590954.163, 99
Trd, 2590954.579, 100
Trd, 2590954.929, 97
Trd, 2590955.596, 100
Trd, 2590955.679, 96
Trd, 2590956.113, 112
Trd, 2590956.229, 115
Trd, 2590957.529, 101
Trd, 2590958.179, 107
Trd, 2590958.596, 117
Trd, 2590959.196, 97
Trd, 2590959.463, 97
Trd, 2590959.746, 94
Trd, 2590960.163, 89
Trd, 2590960.913, 115
Trd, 2590961.229, 105
Trd, 2590962.246, 119
Trd, 2590962.579, 111
Trd, 2590963.213, 124
Trd, 2590964.146, 100
Trd, 2590965.263, 84
Trd, 2590965.429, 98
Trd, 2590965.446, 77
Trd, 2590966.996, 89
Trd, 2590967.779, 90
Trd, 2590968.629, 87
Trd, 2590968.929, 91
Trd, 2590968.963, 100
Trd, 2590969.396, 89
Trd, 2590969.629, 118
Trd, 2590969.663, 88
Trd, 2590970.313, 87
Trd, 2590970.496, 85
Trd, 2590971.996, 89
Trd, 2590972.629, 114
Trd, 2590974.896, 114
Trd, 2590977.329, 99
Trd, 2590978.113, 103
Trd, 2590978.263, 105
Trd, 2590978.396, 98
Trd, 2590978.463, 98
Trd, 2590979.246, 92
Trd, 2590979.679, 94
Trd, 2590979.796, 95
Trd, 2590980.396, 100
Trd, 2590981.163, 100
Trd, 2590984.229, 107
Trd, 2590984.346, 94
Trd, 2590984.663, 90
Trd, 2590986.363, 97
Trd, 2590986.813, 104
Trd, 2590987.563, 91
Trd, 2590987.846, 105
Trd, 2590988.496, 90
Trd, 2590989.296, 91
Trd, 2590990.313, 110
Trd, 2590990.363, 111
Trd, 2590990.963, 92
Trd, 2590992.263, 121
Trd, 2590992.279, 116
Trd, 2590992.929, 115
Trd, 2590993.646, 117
Trd, 2590993.679, 116
Trd, 2590993.846, 107
Trd, 2590994.213, 98
Trd, 2590994.396, 123
Trd, 2590994.463, 98
Trd, 2590994.496, 90
Trd, 2590995.146, 86
Trd, 2590996.263, 105
Trd, 2590997.879, 118
Trd, 2591000.113, 109
Trd, 2591000.463, 107
Trd, 2591000.846, 106
Trd, 2591001.196, 98
Trd, 2591001.879, 103
Trd, 2591003.413, 99
Trd, 2591003.546, 98
Trd, 2591004.263, 104
Trd, 2591005.829, 91
Trd, 2591007.313, 96
Trd, 2591007.363, 94
Trd, 2591007.846, 92
Trd, 2591008.096, 104
Trd, 2591008.929, 88
Trd, 2591009.746, 81
Trd, 2591010.363, 98
Trd, 2591011.446, 97
Trd, 2591011.979, 107
Trd, 2591012.346, 83
Trd, 2591012.829, 85
Trd, 2591013.729, 85
Trd, 2591014.096, 113
Trd, 2591015.179, 92
Trd, 2591015.296, 114
Trd, 2591015.763, 115
Trd, 2591016.963, 107
Trd, 2591017.729, 113
Trd, 2591018.346, 108
Trd, 2591018.396, 105
Trd, 2591018.696, 116
Trd, 2591019.846, 115
Trd, 2591020.663, 115
Trd, 2591021.179, 108
Trd, 2591022.246, 113
Trd, 2591022.679, 109
Trd, 2591023.929, 110
Trd, 2591024.113, 109
Trd, 2591024.413, 112
Trd, 2591024.513, 108
Trd, 2591025.196, 106
Trd, 2591026.796, 120
Trd, 2591027.229, 118
Trd, 2591028.713, 105
Trd, 2591029.363, 96
Trd, 2591031.046, 100
Trd, 2591031.696, 91
Trd, 2591031.913, 104
Trd, 2591032.246, 89
Trd, 2591033.129, 103
Trd, 2591033.196, 105
Trd, 2591033.596, 109
Trd, 2591034.713, 108
Trd, 2591035.996, 93
Trd, 2591037.079, 94
Trd, 2591037.463, 93
Trd, 2591037.963, 96
Trd, 2591038.129, 98
Trd, 2591038.246, 112
Trd, 2591038.729, 117
Trd, 2591039.079, 117
Trd, 2591040.196, 106
Trd, 2591040.496, 113
Trd, 2591040.546, 105
Trd, 2591041.096, 86
Trd, 2591042.129, 104
Trd, 2591042.413, 112
Trd, 2591043.513, 98
Trd, 2591043.813, 116
Trd, 2591044.529, 113
Trd, 2591045.163, 100
Trd, 2591046.896, 98
Trd, 2591047.029, 96
Trd, 2591047.746, 98
Trd, 2591048.079, 90
Trd, 2591048.379, 101
Trd, 2591048.596, 89
Trd, 2591050.346, 88
Trd, 2591052.929, 105
Trd, 2591055.079, 95
Trd, 2591056.446, 95
Trd, 2591056.546, 97
Trd, 2591056.796, 100
Trd, 2591057.396, 112
Trd, 2591058.613, 96
Trd, 2591058.729, 95
Trd, 2591059.046, 93
Trd, 2591059.229, 92
Trd, 2591060.079, 89
Trd, 2591060.879, 93
Trd, 2591061.029, 90
Trd, 2591061.229, 93
Trd, 2591062.496, 100
Trd, 2591063.829, 100
Trd, 2591064.429, 101
Trd, 2591065.296, 112
Trd, 2591065.796, 97
Trd, 2591066.146, 96
Trd, 2591067.979, 95
Trd, 2591068.246, 94
Trd, 2591068.396, 93
Trd, 2591068.779, 93
Trd, 2591069.229, 93
Trd, 2591069.696, 93
Trd, 2591070.563, 100
Trd, 2591071.163, 99
Trd, 2591072.729, 120
Trd, 2591073.263, 83
Trd, 2591074.296, 86
Trd, 2591074.813, 118
Trd, 2591075.446, 115
Trd, 2591075.813, 122
Trd, 2591075.879, 111
Trd, 2591077.046, 113
Trd, 2591077.396, 105
Trd, 2591078.496, 100
Trd, 2591078.846, 97
Trd, 2591079.379, 97
Trd, 2591080.796, 91
Trd, 2591081.013, 91
Trd, 2591081.096, 90
Trd, 2591082.496, 91
Trd, 2591083.146, 91
Trd, 2591083.846, 98
Trd, 2591085.346, 94
Trd, 2591085.379, 103
Trd, 2591085.546, 107
Trd, 2591086.029, 97
Trd, 2591086.163, 94
Trd, 2591086.763, 97
Trd, 2591086.829, 108
Trd, 2591087.813, 116
Trd, 2591091.479, 108
Trd, 2591091.763, 108
Trd, 2591092.046, 111
Trd, 2591092.113, 107
Trd, 2591092.446, 114
Trd, 2591092.779, 114
Trd, 2591093.746, 125
Trd, 2591094.363, 107
Trd, 2591094.579, 105
Trd, 2591096.063, 119
Trd, 2591096.496, 115
Trd, 2591096.979, 108
Trd, 2591097.546, 120
Trd, 2591098.196, 104
Trd, 2591098.563, 110
Trd, 2591098.946, 105
Trd, 2591099.746, 114
Trd, 2591100.046, 111
Trd, 2591100.579, 101
Trd, 2591101.963, 96
Trd, 2591102.296, 90
Trd, 2591103.296, 105
Trd, 2591104.746, 104
Trd, 2591105.063, 105
Trd, 2591105.096, 101
Trd, 2591105.946, 100
Trd, 2591106.263, 99
Trd, 2591107.196, 117
Trd, 2591107.429, 113
Trd, 2591107.529, 101
Trd, 2591108.496, 109
Trd, 2591109.746, 102
Trd, 2591109.946, 114
Trd, 2591110.646, 98
Trd, 2591111.829, 109
Trd, 2591111.996, 115
Trd, 2591113.113, 81
Trd, 2591115.063, 107
Trd, 2591115.079, 114
Trd, 2591116.213, 85
Trd, 2591116.979, 91
Trd, 2591116.996, 97
Trd, 2591117.579, 89
Trd, 2591117.829, 89
Trd, 2591119.179, 89
Trd, 2591119.379, 90
Trd, 2591120.163, 90
Trd, 2591120.679, 102
Trd, 2591120.979, 95
Trd, 2591121.963, 106
Trd, 2591122.613, 105
Trd, 2591123.463, 112
Trd, 2591123.763, 107
Trd, 2591124.446, 112
Trd, 2591124.646, 118
Trd, 2591124.729, 106
Trd, 2591124.913, 98
Trd, 2591125.029, 119
Trd, 2591125.596, 122
Trd, 2591125.763, 128
Trd, 2591126.846, 115
Trd, 2591127.263, 114
Trd, 2591127.413, 81
Trd, 2591128.596, 91
Trd, 2591128.896, 85
Trd, 2591131.379, 85
Trd, 2591133.179, 95
Trd, 2591133.329, 101
Trd, 2591134.496, 86
Trd, 2591134.713, 100
Trd, 2591135.563, 100
Trd, 2591136.213, 94
Trd, 2591136.646, 102
Trd, 2591137.729, 91
Trd, 2591137.979, 86
Trd, 2591138.229, 88
Trd, 2591139.863, 100
Trd, 2591140.979, 108
Trd, 2591141.496, 110
Trd, 2591142.913, 107
Trd, 2591143.229, 115
Trd, 2591143.363, 116
Trd, 2591144.029, 117
Trd, 2591144.463, 114
Trd, 2591146.096, 111
Trd, 2591146.396, 110
Trd, 2591146.846, 116
Trd, 2591147.013, 115
Trd, 2591147.046, 108
Trd, 2591148.246, 104
Trd, 2591148.779, 98
Trd, 2591149.963, 110
Trd, 2591150.063, 114
Trd, 2591151.146, 106
Trd, 2591151.563, 89
Trd, 2591151.896, 82
Trd, 2591151.946, 103
Trd, 2591153.013, 119
Trd, 2591153.346, 117
Trd, 2591154.346, 112
Trd, 2591155.396, 112
Trd, 2591155.496, 115
Trd, 2591156.046, 105
Trd, 2591156.213, 117
Trd, 2591158.246, 113
Trd, 2591158.729, 109
Trd, 2591158.746, 108
Trd, 2591159.213, 114
Trd, 2591160.163, 103
Trd, 2591161.629, 103
Trd, 2591161.963, 98
Trd, 2591162.729, 96
Trd, 2591163.263, 100
Trd, 2591163.646, 101
Trd, 2591163.846, 92
Trd, 2591164.879, 111
Trd, 2591165.129, 104
Trd, 2591165.629, 84
Trd, 2591166.463, 94
Trd, 2591166.863, 114
Trd, 2591167.879, 113
Trd, 2591169.646, 113
Trd, 2591169.663, 115
Trd, 2591169.846, 102
Trd, 2591171.179, 101
Trd, 2591171.596, 108
Trd, 2591172.246, 98
Trd, 2591172.313, 121
Trd, 2591172.729, 97
Trd, 2591173.313, 96
Trd, 2591174.079, 93
Trd, 2591174.329, 115
Trd, 2591174.613, 101
Trd, 2591175.563, 115
Trd, 2591176.346, 100
Trd, 2591177.329, 101
Trd, 2591177.913, 101
Trd, 2591178.596, 99
Trd, 2591178.729, 98
Trd, 2591179.446, 101
Trd, 2591181.046, 105
Trd, 2591181.663, 104
Trd, 2591182.029, 99
Trd, 2591182.713, 111
Trd, 2591183.696, 105
Trd, 2591184.779, 106
Trd, 2591185.646, 112
Trd, 2591186.613, 106
Trd, 2591186.863, 105
Trd, 2591187.963, 107
Trd, 2591188.329, 105
Trd, 2591188.996, 98
Trd, 2591190.163, 99
Trd, 2591190.196, 101
Trd, 2591190.563, 89
Trd, 2591190.979, 84
Trd, 2591191.529, 95
Trd, 2591191.813, 108
Trd, 2591191.863, 88
Trd, 2591192.513, 88
Trd, 2591194.563, 98
Trd, 2591194.796, 88
Trd, 2591195.579, 87
Trd, 2591195.613, 89
Trd, 2591195.846, 98
Trd, 2591196.346, 83
Trd, 2591196.896, 96
Trd, 2591197.646, 87
Trd, 2591198.413, 94
Trd, 2591200.996, 81
Trd, 2591202.996, 88
Trd, 2591203.863, 85
Trd, 2591204.513, 88
Trd, 2591204.829, 94
Trd, 2591206.746, 99
Trd, 2591206.796, 91
Trd, 2591207.329, 90
Trd, 2591207.496, 98
Trd, 2591207.713, 88
Trd, 2591207.979, 88
Trd, 2591208.446, 87
Trd, 2591208.796, 88
Trd, 2591209.546, 91
Trd, 2591210.779, 85
Trd, 2591211.263, 100
Trd, 2591211.713, 85
Trd, 2591211.879, 103
Trd, 2591212.913, 112
Trd, 2591214.413, 105
Trd, 2591214.446, 99
Trd, 2591216.063, 93
Trd, 2591216.113, 91
Trd, 2591216.913, 104
Trd, 2591217.613, 93
Trd, 2591218.196, 93
Trd, 2591218.413, 94
Trd, 2591218.813, 91
Trd, 2591219.879, 104
Trd, 2591221.479, 98
Trd, 2591222.529, 98
Trd, 2591223.063, 98
Trd, 2591223.713, 99
Trd, 2591223.779, 98
Trd, 2591224.413, 112
Trd, 2591224.496, 97
Trd, 2591224.979, 98
Trd, 2591225.013, 109
Trd, 2591225.229, 95
Trd, 2591226.746, 110
Trd, 2591229.463, 85
Trd, 2591230.479, 93
Trd, 2591230.796, 97
Trd, 2591231.179, 98
Trd, 2591232.996, 92
Trd, 2591234.096, 90
Trd, 2591234.263, 111
Trd, 2591234.629, 114
Trd, 2591234.679, 118
Trd, 2591234.696, 120
Trd, 2591235.363, 118
Trd, 2591235.746, 120
Trd, 2591237.363, 102
Trd, 2591237.446, 98
Trd, 2591237.746, 115
Trd, 2591237.813, 95
Trd, 2591238.163, 83
Trd, 2591238.879, 98
Trd, 2591239.646, 82
Trd, 2591240.096, 83
Trd, 2591241.363, 86
Trd, 2591241.746, 82
Trd, 2591243.413, 83
Trd, 2591243.546, 84
Trd, 2591245.029, 97
Trd, 2591245.146, 79
Trd, 2591246.729, 82
Trd, 2591247.096, 85
Trd, 2591247.813, 96
Trd, 2591248.196, 94
Trd, 2591248.329, 98
Trd, 2591250.846, 98
Trd, 2591251.329, 101
Trd, 2591251.446, 96
Trd, 2591251.729, 109
Trd, 2591252.429, 89
Trd, 2591253.579, 106
Trd, 2591253.729, 80
Trd, 2591253.813, 81
Trd, 2591255.063, 84
Trd, 2591256.679, 85
Trd, 2591256.846, 88
Trd, 2591257.296, 104
Trd, 2591257.679, 80
Trd, 2591258.663, 84
Trd, 2591260.113, 86
Trd, 2591261.046, 98
Trd, 2591261.463, 89
Trd, 2591261.613, 99
Trd, 2591262.096, 108
Trd, 2591262.429, 90
Trd, 2591263.063, 87
Trd, 2591264.096, 102
Trd, 2591264.179, 97
Trd, 2591265.479, 112
Trd, 2591266.813, 105
Trd, 2591267.846, 113
Trd, 2591269.479, 118
Trd, 2591269.763, 116
Trd, 2591269.913, 115
Trd, 2591270.463, 102
Trd, 2591271.596, 112
Trd, 2591272.613, 112
Trd, 2591273.096, 102
Trd, 2591273.179, 103
Trd, 2591273.696, 102
Trd, 2591273.763, 119
Trd, 2591273.963, 98
Trd, 2591274.713, 98
Trd, 2591275.463, 114
Trd, 2591276.529, 100
Trd, 2591277.296, 89
Trd, 2591277.763, 91
Trd, 2591278.729, 85
Trd, 2591279.646, 89
Trd, 2591279.846, 91
Trd, 2591280.329, 82
Trd, 2591280.779, 81
Trd, 2591280.979, 78
Trd, 2591281.296, 81
Trd, 2591281.479, 100
Trd, 2591282.046, 90
Trd, 2591282.829, 74
Trd, 2591283.729, 75
Trd, 2591284.763, 108
Trd, 2591285.396, 115
Trd, 2591285.513, 105
Trd, 2591286.179, 104
Trd, 2591287.179, 94
Trd, 2591288.429, 106
Trd, 2591288.446, 93
Trd, 2591290.429, 94
Trd, 2591291.663, 92
Trd, 2591291.996, 108
Trd, 2591293.513, 101
Trd, 2591294.113, 100
Trd, 2591294.313, 109
Trd, 2591295.029, 99
Trd, 2591295.213, 107
Trd, 2591295.679, 117
Trd, 2591297.313, 99
Trd, 2591297.479, 115
Trd, 2591297.546, 98
Trd, 2591297.663, 121
Trd, 2591298.029, 112
Trd, 2591299.946, 114
Trd, 2591300.163, 88
Trd, 2591300.646, 97
Trd, 2591300.863, 86
Trd, 2591301.179, 105
Trd, 2591301.513, 112
Trd, 2591301.746, 113
Trd, 2591302.413, 115
Trd, 2591303.096, 89
Trd, 2591303.296, 125
Trd, 2591303.363, 134
Trd, 2591304.946, 89
Trd, 2591305.179, 113
Trd, 2591306.079, 126
Trd, 2591306.213, 91
Trd, 2591307.663, 94
Trd, 2591308.513, 91
Trd, 2591309.446, 94
Trd, 2591310.546, 97
Trd, 2591310.746, 98
Trd, 2591311.079, 107
Trd, 2591312.063, 111
Trd, 2591312.429, 105
Trd, 2591312.913, 115
Trd, 2591312.996, 104
Trd, 2591314.329, 109
Trd, 2591315.213, 109
Trd, 2591315.696, 110
Trd, 2591315.979, 100
Trd, 2591316.179, 93
Trd, 2591316.813, 116
Trd, 2591317.379, 123
Trd, 2591317.896, 106
Trd, 2591318.096, 105
Trd, 2591318.363, 93
Trd, 2591319.229, 92
Trd, 2591319.879, 109
Trd, 2591321.779, 93
Trd, 2591322.979, 96
Trd, 2591323.363, 88
Trd, 2591323.396, 79
Trd, 2591323.729, 104
Trd, 2591324.013, 81
Trd, 2591324.296, 101
Trd, 2591324.379, 114
Trd, 2591324.629, 110
Trd, 2591327.713, 95
Trd, 2591328.829, 104
Trd, 2591329.096, 98
Trd, 2591330.963, 102
Trd, 2591331.679, 104
Trd, 2591332.463, 103
Trd, 2591332.779, 103
Trd, 2591333.229, 104
Trd, 2591333.713, 105
Trd, 2591333.779, 103
Trd, 2591334.029, 98
Trd, 2591334.163, 110
Trd, 2591335.313, 110
Trd, 2591335.596, 122
Trd, 2591335.846, 115
Trd, 2591336.996, 97
Trd, 2591337.479, 86
Trd, 2591337.513, 85
Trd, 2591337.946, 99
Trd, 2591339.313, 101
Trd, 2591340.563, 91
Trd, 2591341.013, 100
Trd, 2591342.496, 91
Trd, 2591343.263, 92
Trd, 2591343.296, 115
Trd, 2591343.429, 88
Trd, 2591343.846, 106
Trd, 2591344.279, 116
Trd, 2591344.563, 105
Trd, 2591346.146, 118
Trd, 2591346.329, 117
Trd, 2591347.429, 115
Trd, 2591348.363, 112
Trd, 2591348.379, 124
Trd, 2591348.613, 103
Trd, 2591350.863, 112
Trd, 2591351.063, 108
Trd, 2591352.129, 98
Trd, 2591352.146, 99
Trd, 2591353.396, 104
Trd, 2591354.546, 99
Trd, 2591354.813, 108
Trd, 2591355.963, 108
Trd, 2591357.346, 101
Trd, 2591357.713, 98
Trd, 2591357.746, 109
Trd, 2591358.629, 96
Trd, 2591358.863, 111
Trd, 2591360.196, 85
Trd, 2591361.196, 85
Trd, 2591362.113, 95
Trd, 2591363.246, 95
Trd, 2591363.379, 94
Trd, 2591364.213, 96
Trd, 2591364.479, 96
Trd, 2591364.696, 94
Trd, 2591364.946, 97
Trd, 2591365.746, 100
Trd, 2591365.796, 111
Trd, 2591367.463, 96
Trd, 2591367.813, 83
Trd, 2591368.929, 84
Trd, 2591368.946, 83
Trd, 2591369.263, 85
Trd, 2591369.329, 84
Trd, 2591370.013, 83
Trd, 2591370.379, 98
Trd, 2591372.213, 90
Trd, 2591373.663, 91
Trd, 2591373.729, 89
Trd, 2591374.279, 115
Trd, 2591375.496, 101
Trd, 2591377.529, 103
Trd, 2591377.629, 101
Trd, 2591378.079, 120
Trd, 2591378.229, 101
Trd, 2591378.246, 122
Trd, 2591379.063, 115
Trd, 2591379.696, 109
Trd, 2591380.779, 105
Trd, 2591382.296, 104
Trd, 2591382.379, 111
Trd, 2591383.029, 98
Trd, 2591383.779, 104
Trd, 2591383.813, 98
Trd, 2591384.146, 114
Trd, 2591384.513, 114
Trd, 2591385.413, 109
Trd, 2591385.729, 108
Trd, 2591386.196, 90
Trd, 2591386.446, 116
Trd, 2591387.496, 101
Trd, 2591388.429, 99
Trd, 2591389.063, 115
Trd, 2591390.279, 103
Trd, 2591390.313, 93
Trd, 2591392.196, 95
Trd, 2591392.596, 107
Trd, 2591393.379, 95
Trd, 2591394.213, 97
Trd, 2591394.779, 106
Trd, 2591394.813, 98
Trd, 2591394.929, 113
Trd, 2591398.713, 107
Trd, 2591398.979, 103
Trd, 2591399.246, 109
Trd, 2591399.779, 103
Trd, 2591400.613, 120
Trd, 2591401.063, 107
Trd, 2591401.196, 105
Trd, 2591401.346, 98
Trd, 2591401.579, 109
Trd, 2591402.329, 102
Trd, 2591402.663, 115
Trd, 2591403.946, 100
Trd, 2591404.196, 99
Trd, 2591404.329, 107
Trd, 2591404.363, 113
Trd, 2591405.446, 93
Trd, 2591405.546, 92
Trd, 2591405.896, 89
Trd, 2591406.879, 100
Trd, 2591407.596, 115
Trd, 2591407.796, 97
Trd, 2591408.913, 101
Trd, 2591409.563, 84
Trd, 2591412.329, 101
Trd, 2591412.629, 101
Trd, 2591413.429, 100
Trd, 2591413.696, 99
Trd, 2591414.046, 98
Trd, 2591414.579, 95
Trd, 2591415.113, 96
Trd, 2591415.896, 98
Trd, 2591416.663, 80
Trd, 2591417.229, 81
Trd, 2591417.529, 109
Trd, 2591418.013, 92
Trd, 2591419.279, 104
Trd, 2591420.546, 104
Trd, 2591421.913, 98
Trd, 2591422.179, 93
Trd, 2591422.646, 96
Trd, 2591422.813, 92
Trd, 2591423.446, 96
Trd, 2591423.529, 91
Trd, 2591423.779, 122
Trd, 2591425.996, 115
Trd, 2591426.129, 109
Trd, 2591426.246, 108
Trd, 2591426.529, 108
Trd, 2591427.096, 103
Trd, 2591428.196, 113
Trd, 2591428.263, 102
Trd, 2591430.529, 111
Trd, 2591432.146, 105
Trd, 2591433.546, 106
Trd, 2591433.813, 98
Trd, 2591434.996, 98
Trd, 2591436.229, 99
Trd, 2591436.829, 98
Trd, 2591437.196, 98
Trd, 2591437.396, 100
Trd, 2591437.596, 104
Trd, 2591438.413, 97
Trd, 2591439.413, 95
Trd, 2591439.896, 101
Trd, 2591439.946, 96
Trd, 2591440.796, 99
Trd, 2591441.446, 98
Trd, 2591441.513, 96
Trd, 2591442.113, 113
Trd, 2591443.263, 115
Trd, 2591443.779, 114
Trd, 2591444.196, 106
Trd, 2591444.679, 115
Trd, 2591445.279, 115
Trd, 2591445.696, 104
Trd, 2591445.846, 113
Trd, 2591447.229, 105
Trd, 2591447.529, 100
Trd, 2591447.913, 98
Trd, 2591449.213, 93
Trd, 2591450.513, 83
Trd, 2591451.546, 93
Trd, 2591452.663, 79
Trd, 2591454.713, 103
Trd, 2591455.963, 106
Trd, 2591456.079, 107
Trd, 2591456.263, 106
Trd, 2591456.279, 105
Trd, 2591456.329, 98
Trd, 2591456.929, 109
Trd, 2591457.096, 107
Trd, 2591459.813, 103
Trd, 2591461.029, 107
Trd, 2591461.096, 102
Trd, 2591461.129, 109
Trd, 2591461.896, 101
Trd, 2591462.613, 116
Trd, 2591464.363, 118
Trd, 2591466.746, 102
Trd, 2591466.796, 104
Trd, 2591468.546, 101
Trd, 2591469.079, 99
Trd, 2591469.396, 100
Trd, 2591469.746, 98
Trd, 2591470.013, 96
Trd, 2591470.146, 101
Trd, 2591470.979, 99
Trd, 2591471.813, 94
Trd, 2591472.129, 81
Trd, 2591472.429, 84
Trd, 2591473.346, 78
Trd, 2591474.163, 91
Trd, 2591474.896, 86
Trd, 2591476.213, 90
Trd, 2591476.729, 93
Trd, 2591477.446, 89
Trd, 2591477.646, 116
Trd, 2591479.846, 111
Trd, 2591480.229, 103
Trd, 2591480.696, 84
Trd, 2591482.063, 97
Trd, 2591483.029, 97
Trd, 2591483.313, 99
Trd, 2591483.746, 98
Trd, 2591484.346, 97
Trd, 2591484.363, 108
Trd, 2591485.646, 101
Trd, 2591486.129, 115
Trd, 2591487.763, 115
Trd, 2591488.163, 108
Trd, 2591489.113, 108
Trd, 2591489.196, 107
Trd, 2591489.379, 105
Trd, 2591489.879, 88
Trd, 2591490.129, 93
Trd, 2591490.246, 94
Trd, 2591491.013, 102
Trd, 2591492.229, 91
Trd, 2591492.246, 95
Trd, 2591492.629, 85
Trd, 2591492.746, 96
Trd, 2591493.763, 98
Trd, 2591498.029, 104
Trd, 2591498.146, 93
Trd, 2591498.346, 93
Trd, 2591498.696, 92
Trd, 2591501.879, 95
Trd, 2591502.263, 94
Trd, 2591502.763, 95
Trd, 2591502.879, 95
Trd, 2591503.129, 93
Trd, 2591503.279, 96
Trd, 2591503.579, 97
Trd, 2591503.679, 89
Trd, 2591503.913, 84
Trd, 2591504.079, 82
Trd, 2591504.413, 101
Trd, 2591505.479, 92
Trd, 2591505.579, 113
Trd, 2591506.946, 86
Trd, 2591507.679, 88
Trd, 2591508.146, 96
Trd, 2591509.063, 87
Trd, 2591509.229, 94
Trd, 2591509.796, 96
Trd, 2591509.963, 97
Trd, 2591510.496, 86
Trd, 2591511.646, 100
Trd, 2591512.679, 87
Trd, 2591513.046, 109
Trd, 2591513.663, 98
Trd, 2591514.696, 91
Trd, 2591514.813, 107
Trd, 2591515.546, 116
Trd, 2591517.263, 103
Trd, 2591517.346, 96
Trd, 2591517.596, 114
Trd, 2591517.629, 95
Trd, 2591520.263, 98
Trd, 2591520.413, 100
Trd, 2591523.229, 105
Trd, 2591523.346, 92
Trd, 2591523.896, 83
Trd, 2591525.996, 108
Trd, 2591526.546, 115
Trd, 2591527.063, 106
Trd, 2591527.179, 104
Trd, 2591527.329, 103
Trd, 2591527.663, 98
Trd, 2591529.946, 97
Trd, 2591530.779, 96
Trd, 2591532.229, 94
Trd, 2591532.579, 96
Trd, 2591533.129, 102
Trd, 2591533.396, 95
Trd, 2591533.496, 96
Trd, 2591533.913, 97
Trd, 2591535.229, 98
Trd, 2591535.313, 97
Trd, 2591535.763, 96
Trd, 2591535.879, 99
Trd, 2591537.829, 105
Trd, 2591537.929, 98
Trd, 2591538.529, 95
Trd, 2591538.746, 108
Trd, 2591539.546, 92
Trd, 2591541.029, 112
Trd, 2591541.129, 91
Trd, 2591542.163, 110
Trd, 2591542.846, 112
Trd, 2591544.063, 110
Trd, 2591544.413, 112
Trd, 2591544.496, 94
Trd, 2591544.546, 92
Trd, 2591545.196, 108
Trd, 2591545.279, 83
Trd, 2591548.029, 107
Trd, 2591548.829, 107
Trd, 2591549.163, 105
Trd, 2591550.046, 104
Trd, 2591550.646, 102
Trd, 2591551.096, 100
Trd, 2591552.213, 103
Trd, 2591553.146, 98
Trd, 2591554.329, 96
Trd, 2591555.329, 81
Trd, 2591555.746, 82
Trd, 2591557.679, 95
Trd, 2591557.879, 106
Trd, 2591558.563, 116
Trd, 2591559.779, 115
Trd, 2591559.863, 114
Trd, 2591560.513, 111
Trd, 2591561.363, 108
Trd, 2591561.679, 105
Trd, 2591562.146, 111
Trd, 2591563.313, 108
Trd, 2591563.896, 103
Trd, 2591564.179, 109
Trd, 2591565.096, 118
Trd, 2591566.746, 118
Trd, 2591566.829, 102
Trd, 2591567.279, 111
Trd, 2591567.413, 108
Trd, 2591567.596, 101
Trd, 2591567.763, 98
Trd, 2591567.996, 118
Trd, 2591568.296, 118
Trd, 2591569.679, 100
Trd, 2591570.129, 98
Trd, 2591572.763, 103
Trd, 2591573.346, 102
Trd, 2591574.863, 84
Trd, 2591575.463, 87
Trd, 2591575.913, 96
Trd, 2591576.629, 102
Trd, 2591576.863, 103
Trd, 2591577.146, 119
Trd, 2591578.196, 102
Trd, 2591578.696, 98
Trd, 2591579.079, 98
Trd, 2591579.679, 97
Trd, 2591580.546, 114
Trd, 2591580.579, 115
Trd, 2591581.646, 112
Trd, 2591581.846, 105
Trd, 2591581.929, 98
Trd, 2591582.763, 112
Trd, 2591583.396, 95
Trd, 2591583.513, 115
Trd, 2591583.663, 122
Trd, 2591585.079, 115
Trd, 2591585.196, 112
Trd, 2591585.929, 105
Trd, 2591588.196, 98
Trd, 2591589.446, 99
Trd, 2591589.913, 100
Trd, 2591589.979, 110
Trd, 2591590.763, 98
Trd, 2591592.746, 98
Trd, 2591592.979, 97
Trd, 2591593.279, 104
Trd, 2591593.596, 105
Trd, 2591594.846, 98
Trd, 2591595.379, 92
Trd, 2591596.013, 83
Trd, 2591596.029, 81
Trd, 2591596.296, 86
Trd, 2591596.796, 87
Trd, 2591597.163, 107
Trd, 2591597.396, 83
Trd, 2591598.596, 101
Trd, 2591598.779, 104
Trd, 2591600.579, 97
Trd, 2591601.646, 112
Trd, 2591602.013, 89
Trd, 2591603.679, 105
Trd, 2591603.846, 104
Trd, 2591604.463, 108
Trd, 2591605.079, 109
Trd, 2591605.579, 115
Trd, 2591606.013, 108
Trd, 2591606.529, 110
Trd, 2591607.979, 106
Trd, 2591607.996, 105
Trd, 2591608.279, 101
Trd, 2591610.163, 107
Trd, 2591610.546, 111
Trd, 2591612.179, 111
Trd, 2591612.313, 116
Trd, 2591612.879, 110
Trd, 2591614.096, 113
Trd, 2591616.013, 109
Trd, 2591616.346, 108
Trd, 2591617.579, 102
Trd, 2591617.696, 110
Trd, 2591617.946, 98
Trd, 2591619.363, 106
Trd, 2591619.596, 97
Trd, 2591620.346, 93
Trd, 2591620.429, 106
Trd, 2591620.513, 109
Trd, 2591621.079, 85
Trd, 2591621.979, 85
Trd, 2591622.013, 84
Trd, 2591622.663, 97
Trd, 2591623.079, 94
Trd, 2591623.763, 100
Trd, 2591624.146, 81
Trd, 2591624.379, 106
Trd, 2591624.629, 98
Trd, 2591624.996, 111
Trd, 2591626.163, 91
Trd, 2591626.479, 108
Trd, 2591627.029, 105
Trd, 2591627.496, 91
Trd, 2591628.113, 116
Trd, 2591629.929, 109
Trd, 2591630.296, 114
Trd, 2591630.779, 118
Trd, 2591631.146, 108
Trd, 2591631.346, 106
Trd, 2591631.546, 102
Trd, 2591631.646, 98
Trd, 2591633.313, 93
Trd, 2591634.963, 95
Trd, 2591636.029, 94
Trd, 2591637.029, 107
Trd, 2591637.163, 106
Trd, 2591637.729, 108
Trd, 2591638.296, 98
Trd, 2591638.896, 100
Trd, 2591639.246, 101
Trd, 2591639.429, 86
Trd, 2591640.379, 107
Trd, 2591640.713, 98
Trd, 2591640.863, 97
Trd, 2591641.829, 104
Trd, 2591642.313, 110
Trd, 2591643.763, 104
Trd, 2591643.946, 115
Trd, 2591644.613, 115
Trd, 2591644.696, 95
Trd, 2591645.229, 115
Trd, 2591645.913, 116
Trd, 2591646.763, 112
Trd, 2591647.963, 115
Trd, 2591648.663, 111
Trd, 2591649.963, 103
Trd, 2591650.513, 98
Trd, 2591651.013, 98
Trd, 2591651.046, 81
Trd, 2591651.196, 105
Trd, 2591652.179, 113
Trd, 2591652.496, 95
Trd, 2591653.079, 96
Trd, 2591654.213, 111
Trd, 2591654.913, 107
Trd, 2591654.963, 111
Trd, 2591655.779, 106
Trd, 2591656.146, 112
Trd, 2591656.446, 125
Trd, 2591657.496, 105
Trd, 2591658.163, 98
Trd, 2591659.696, 100
Trd, 2591660.279, 101
Trd, 2591660.479, 96
Trd, 2591660.963, 106
Trd, 2591661.229, 90
Trd, 2591661.279, 87
Trd, 2591662.663, 84
Trd, 2591662.679, 87
Trd, 2591664.029, 115
Trd, 2591664.829, 105
Trd, 2591665.746, 90
Trd, 2591665.796, 87
Trd, 2591667.063, 86
Trd, 2591667.263, 79
Trd, 2591667.363, 91
Trd, 2591669.013, 86
Trd, 2591669.613, 87
Trd, 2591669.729, 87
Trd, 2591669.763, 91
Trd, 2591670.579, 91
Trd, 2591670.996, 104
Trd, 2591671.296, 114
Trd, 2591672.029, 103
Trd, 2591674.129, 87
Trd, 2591674.546, 89
Trd, 2591675.046, 86
Trd, 2591675.213, 92
Trd, 2591677.079, 86
Trd, 2591677.663, 97
Trd, 2591677.946, 86
Trd, 2591678.929, 98
Trd, 2591679.896, 105
Trd, 2591680.429, 108
Trd, 2591681.513, 107
Trd, 2591681.863, 105
Trd, 2591682.996, 98
Trd, 2591686.063, 104
Trd, 2591686.196, 95
Trd, 2591686.779, 103
Trd, 2591686.963, 95
Trd, 2591687.596, 101
Trd, 2591687.729, 95
Trd, 2591688.996, 99
Trd, 2591689.196, 101
Trd, 2591689.529, 112
Trd, 2591689.713, 99
Trd, 2591690.229, 96
Trd, 2591692.096, 90
Trd, 2591692.263, 116
Trd, 2591692.363, 89
Trd, 2591692.596, 85
Trd, 2591693.679, 114
Trd, 2591694.046, 82
Trd, 2591694.146, 81
Trd, 2591695.513, 95
Trd, 2591696.996, 107
Trd, 2591697.196, 88
Trd, 2591697.296, 87
Trd, 2591697.646, 110
Trd, 2591699.429, 104
Trd, 2591699.463, 112
Trd, 2591699.813, 124
Trd, 2591701.429, 111
Trd, 2591701.879, 119
Trd, 2591701.963, 108
Trd, 2591702.046, 104
Trd, 2591702.079, 82
Trd, 2591702.346, 113
Trd, 2591704.779, 102
Trd, 2591704.829, 101
Trd, 2591705.896, 99
Trd, 2591706.029, 101
Trd, 2591706.746, 100
Trd, 2591707.313, 100
Trd, 2591707.346, 103
Trd, 2591707.929, 98
Trd, 2591708.046, 118
Trd, 2591708.513, 109
Trd, 2591708.996, 115
Trd, 2591709.063, 87
Trd, 2591709.229, 99
Trd, 2591709.263, 81
Trd, 2591711.179, 93
Trd, 2591712.479, 94
Trd, 2591712.979, 95
Trd, 2591714.813, 101
Trd, 2591714.979, 103
Trd, 2591717.029, 111
Trd, 2591717.213, 113
Trd, 2591717.279, 105
Trd, 2591717.896, 115
Trd, 2591718.696, 117
Trd, 2591720.096, 123
Trd, 2591721.179, 99
Trd, 2591721.863, 97
Trd, 2591722.213, 96
Trd, 2591722.579, 95
Trd, 2591722.763, 90
Trd, 2591722.796, 89
Trd, 2591723.479, 85
Trd, 2591725.246, 95
Trd, 2591725.879, 97
Trd, 2591726.179, 97
Trd, 2591726.546, 100
Trd, 2591727.863, 97
Trd, 2591727.946, 100
Trd, 2591728.729, 97
Trd, 2591728.813, 109
Trd, 2591729.329, 83
Trd, 2591730.546, 111
Trd, 2591733.229, 106
Trd, 2591733.513, 107
Trd, 2591733.679, 105
Trd, 2591733.696, 110
Trd, 2591734.713, 103
Trd, 2591736.079, 108
Trd, 2591736.363, 84
Trd, 2591736.979, 100
Trd, 2591737.413, 88
Trd, 2591738.046, 89
Trd, 2591739.163, 101
Trd, 2591740.063, 102
Trd, 2591741.096, 107
Trd, 2591741.129, 106
Trd, 2591741.813, 106
Trd, 2591741.963, 107
Trd, 2591742.196, 108
Trd, 2591742.946, 118
Trd, 2591744.013, 110
Trd, 2591744.829, 108
Trd, 2591745.329, 108
Trd, 2591747.163, 103
Trd, 2591748.246, 101
Trd, 2591749.363, 114
Trd, 2591749.963, 114
Trd, 2591750.413, 118
Trd, 2591750.846, 109
Trd, 2591751.263, 108
Trd, 2591751.779, 96
Trd, 2591752.679, 93
Trd, 2591753.013, 90
Trd, 2591753.429, 93
Trd, 2591753.796, 84
Trd, 2591755.646, 87
Trd, 2591756.196, 83
Trd, 2591756.329, 98
Trd, 2591757.113, 105
Trd, 2591758.079, 91
Trd, 2591759.296, 85
Trd, 2591760.179, 102
Trd, 2591760.996, 94
Trd, 2591761.479, 98
Trd, 2591762.629, 104
Trd, 2591762.663, 98
Trd, 2591763.196, 103
Trd, 2591763.513, 107
Trd, 2591764.163, 106
Trd, 2591764.763, 105
Trd, 2591764.879, 104
Trd, 2591766.579, 101
Trd, 2591766.629, 100
Trd, 2591767.863, 103
Trd, 2591767.963, 112
Trd, 2591768.196, 92
Trd, 2591769.363, 114
Trd, 2591770.429, 112
Trd, 2591771.413, 114
Trd, 2591771.746, 115
Trd, 2591772.463, 115
Trd, 2591773.046, 114
Trd, 2591773.663, 111
Trd, 2591773.729, 119
Trd, 2591773.929, 105
Trd, 2591774.179, 98
Trd, 2591774.596, 98
Trd, 2591775.713, 103
Trd, 2591776.396, 97
Trd, 2591776.746, 103
Trd, 2591778.079, 117
Trd, 2591778.596, 103
Trd, 2591779.013, 86
Trd, 2591779.796, 89
Trd, 2591780.796, 100
Trd, 2591780.829, 101
Trd, 2591782.113, 108
Trd, 2591782.729, 109
Trd, 2591783.529, 120
Trd, 2591784.063, 105
Trd, 2591784.646, 115
Trd, 2591784.996, 106
Trd, 2591785.279, 118
Trd, 2591785.479, 104
Trd, 2591785.796, 116
Trd, 2591786.629, 127
Trd, 2591787.096, 105
Trd, 2591787.663, 97
Trd, 2591787.763, 96
Trd, 2591788.013, 81
Trd, 2591788.029, 103
Trd, 2591788.563, 79
Trd, 2591788.729, 77
Trd, 2591789.396, 113
Trd, 2591790.029, 98
Trd, 2591790.463, 113
Trd, 2591791.279, 114
Trd, 2591792.763, 115
Trd, 2591793.629, 113
Trd, 2591794.363, 112
Trd, 2591795.579, 112
Trd, 2591796.129, 108
Trd, 2591796.313, 102
Trd, 2591797.529, 106
Trd, 2591798.096, 108
Trd, 2591798.613, 109
Trd, 2591800.396, 103
Trd, 2591800.629, 97
Trd, 2591800.763, 105
Trd, 2591800.946, 96
Trd, 2591801.029, 107
Trd, 2591801.396, 95
Trd, 2591802.029, 108
Trd, 2591802.763, 95
Trd, 2591804.813, 106
Trd, 2591805.313, 114
Trd, 2591805.413, 107
Trd, 2591806.213, 98
Trd, 2591806.846, 115
Trd, 2591806.863, 105
Trd, 2591806.979, 93
Trd, 2591807.446, 114
Trd, 2591807.746, 115
Trd, 2591808.229, 91
Trd, 2591808.296, 88
Trd, 2591809.546, 112
Trd, 2591811.646, 102
Trd, 2591811.979, 115
Trd, 2591811.996, 79
Trd, 2591813.596, 112
Trd, 2591813.629, 81
Trd, 2591814.079, 108
Trd, 2591815.463, 91
Trd, 2591816.196, 94
Trd, 2591816.613, 94
Trd, 2591816.879, 91
Trd, 2591817.146, 95
Trd, 2591817.429, 90
Trd, 2591817.446, 116
Trd, 2591819.463, 97
Trd, 2591821.029, 108
Trd, 2591821.063, 109
Trd, 2591821.763, 109
Trd, 2591822.579, 103
Trd, 2591823.729, 100
Trd, 2591824.746, 99
Trd, 2591824.879, 99
Trd, 2591825.513, 98
Trd, 2591826.546, 105
Trd, 2591827.529, 98
Trd, 2591827.979, 93
Trd, 2591829.196, 109
Trd, 2591829.663, 105
Trd, 2591830.146, 92
Trd, 2591830.679, 102
Trd, 2591830.879, 79
Trd, 2591830.946, 105
Trd, 2591831.279, 78
Trd, 2591831.896, 104
Trd, 2591833.829, 107
Trd, 2591834.079, 99
Trd, 2591834.529, 98
Trd, 2591835.163, 94
Trd, 2591835.379, 95
Trd, 2591836.496, 98
Trd, 2591836.746, 92
Trd, 2591837.363, 92
Trd, 2591837.713, 92
Trd, 2591839.313, 86
Trd, 2591840.296, 94
Trd, 2591841.346, 95
Trd, 2591841.829, 98
Trd, 2591842.213, 104
Trd, 2591843.263, 111
Trd, 2591843.613, 108
Trd, 2591845.463, 113
Trd, 2591846.096, 112
Trd, 2591846.113, 110
Trd, 2591846.246, 113
Trd, 2591846.763, 109
Trd, 2591846.896, 108
Trd, 2591847.363, 105
Trd, 2591847.763, 116
Trd, 2591849.513, 114
Trd, 2591850.696, 105
Trd, 2591851.029, 103
Trd, 2591851.363, 106
Trd, 2591851.546, 98
Trd, 2591851.629, 109
Trd, 2591852.713, 99
Trd, 2591853.063, 98
Trd, 2591854.946, 109
Trd, 2591856.863, 102
Trd, 2591857.846, 99
Trd, 2591859.113, 102
Trd, 2591859.796, 98
Trd, 2591860.529, 111
Trd, 2591860.613, 107
Trd, 2591861.013, 105
Trd, 2591861.029, 98
Trd, 2591861.913, 111
Trd, 2591862.013, 103
Trd, 2591863.246, 92
Trd, 2591863.529, 106
Trd, 2591864.313, 89
Trd, 2591864.579, 115
Trd, 2591864.963, 115
Trd, 2591865.746, 112
Trd, 2591865.763, 111
Trd, 2591866.413, 119
Trd, 2591866.463, 115
Trd, 2591867.763, 109
Trd, 2591868.279, 108
Trd, 2591868.913, 105
Trd, 2591870.213, 98
Trd, 2591870.679, 94
Trd, 2591870.946, 86
Trd, 2591871.129, 81
Trd, 2591871.813, 92
Trd, 2591874.029, 111
Trd, 2591874.346, 93
Trd, 2591875.179, 111
Trd, 2591875.463, 107
Trd, 2591876.229, 122
Trd, 2591877.179, 86
Trd, 2591877.529, 74
Trd, 2591877.613, 115
Trd, 2591878.229, 115
Trd, 2591879.329, 109
Trd, 2591879.663, 98
Trd, 2591881.213, 92
Trd, 2591881.979, 108
Trd, 2591883.579, 93
Trd, 2591883.913, 104
Trd, 2591886.696, 98
Trd, 2591887.063, 98
Trd, 2591887.596, 97
Trd, 2591887.846, 98
Trd, 2591887.963, 95
Trd, 2591888.013, 84
Trd, 2591888.179, 83
Trd, 2591889.396, 95
Trd, 2591890.229, 97
Trd, 2591890.279, 98
Trd, 2591891.163, 96
Trd, 2591891.196, 97
Trd, 2591891.379, 105
Trd, 2591892.046, 112
Trd, 2591893.196, 111
Trd, 2591894.329, 98
Trd, 2591895.429, 105
Trd, 2591896.513, 115
Trd, 2591896.529, 99
Trd, 2591897.613, 99
Trd, 2591897.779, 113
Trd, 2591898.129, 98
Trd, 2591898.363, 101
Trd, 2591898.513, 98
Trd, 2591899.646, 88
Trd, 2591900.096, 89
Trd, 2591901.896, 122
Trd, 2591902.229, 98
Trd, 2591902.446, 114
Trd, 2591902.813, 106
Trd, 2591903.146, 110
Trd, 2591904.213, 107
Trd, 2591904.613, 106
Trd, 2591905.313, 105
Trd, 2591905.429, 98
Trd, 2591905.929, 97
Trd, 2591906.129, 89
Trd, 2591907.129, 99
Trd, 2591910.163, 97
Trd, 2591910.513, 96
Trd, 2591911.096, 87
Trd, 2591911.296, 101
Trd, 2591911.329, 113
Trd, 2591911.763, 119
Trd, 2591912.596, 112
Trd, 2591913.896, 103
Trd, 2591915.579, 98
Trd, 2591915.696, 96
Trd, 2591915.829, 102
Trd, 2591915.913, 115
Trd, 2591916.479, 96
Trd, 2591918.196, 97
Trd, 2591918.446, 105
Trd, 2591919.563, 111
Trd, 2591919.879, 83
Trd, 2591920.513, 83
Trd, 2591921.529, 87
Trd, 2591922.163, 91
Trd, 2591922.763, 109
Trd, 2591923.146, 90
Trd, 2591924.263, 91
Trd, 2591924.313, 96
Trd, 2591924.379, 98
Trd, 2591924.746, 91
Trd, 2591924.846, 92
Trd, 2591928.013, 98
Trd, 2591928.663, 95
Trd, 2591928.896, 108
Trd, 2591929.963, 106
Trd, 2591930.513, 106
Trd, 2591931.029, 115
Trd, 2591931.446, 106
Trd, 2591931.596, 105
Trd, 2591931.663, 98
Trd, 2591932.346, 116
Trd, 2591933.163, 98
Trd, 2591933.863, 118
Trd, 2591934.746, 87
Trd, 2591934.896, 114
Trd, 2591935.313, 119
Trd, 2591936.046, 119
Trd, 2591936.596, 115
Trd, 2591937.279, 112
Trd, 2591937.763, 114
Trd, 2591938.129, 108
Trd, 2591939.046, 105
Trd, 2591940.629, 122
Trd, 2591941.579, 114
Trd, 2591941.596, 113
Trd, 2591941.613, 98
Trd, 2591942.246, 98
Trd, 2591943.263, 110
Trd, 2591944.429, 103
Trd, 2591945.363, 85
Trd, 2591946.196, 81
Trd, 2591946.763, 87
Trd, 2591947.129, 89
Trd, 2591947.146, 85
Trd, 2591947.396, 92
Trd, 2591947.579, 97
Trd, 2591948.246, 89
Trd, 2591949.329, 106
Trd, 2591950.096, 115
Trd, 2591950.179, 117
Trd, 2591950.979, 105
Trd, 2591951.763, 94
Trd, 2591953.629, 102
Trd, 2591954.513, 89
Trd, 2591954.696, 103
Trd, 2591954.796, 88
Trd, 2591955.146, 89
Trd, 2591955.696, 90
Trd, 2591958.163, 93
Trd, 2591958.529, 89
Trd, 2591959.063, 98
Trd, 2591959.163, 87
Trd, 2591959.746, 98
Trd, 2591961.396, 81
Trd, 2591961.596, 90
Trd, 2591962.296, 91
Trd, 2591962.479, 91
Trd, 2591963.096, 100
Trd, 2591963.646, 105
Trd, 2591964.029, 101
Trd, 2591964.729, 106
Trd, 2591966.296, 108
Trd, 2591968.663, 114
Trd, 2591968.913, 114
Trd, 2591969.296, 113
Trd, 2591969.479, 105
Trd, 2591970.363, 113
Trd, 2591970.696, 114
Trd, 2591971.679, 99
Trd, 2591971.779, 98
Trd, 2591972.129, 102
Trd, 2591972.346, 113
Trd, 2591972.713, 90
Trd, 2591972.913, 111
Trd, 2591973.763, 83
Trd, 2591974.313, 90
Trd, 2591974.329, 90
Trd, 2591974.779, 109
Trd, 2591975.329, 116
Trd, 2591975.563, 94
Trd, 2591976.463, 109
Trd, 2591977.829, 101
Trd, 2591979.429, 109
Trd, 2591980.579, 101
Trd, 2591981.879, 102
Trd, 2591982.179, 103
Trd, 2591982.496, 100
Trd, 2591983.246, 98
Trd, 2591983.279, 106
Trd, 2591984.713, 105
Trd, 2591984.913, 108
Trd, 2591985.129, 98
Trd, 2591986.313, 98
Trd, 2591986.929, 93
Trd, 2591988.079, 103
Trd, 2591988.479, 114
Trd, 2591990.046, 110
Trd, 2591990.146, 115
Trd, 2591990.196, 116
Trd, 2591990.563, 108
Trd, 2591991.296, 105
Trd, 2591992.063, 116
Trd, 2591992.596, 118
Trd, 2591993.579, 95
Trd, 2591993.929, 95
Trd, 2591995.013, 95
Trd, 2591996.213, 114
Trd, 2591996.246, 115
Trd, 2591997.963, 106
Trd, 2591998.679, 105
Trd, 2591998.829, 105
Trd, 2591999.546, 103
