Trd, 2590645.063, 105
Trd, 2590646.213, 111
Trd, 2590646.663, 104
Trd, 2590647.846, 98
Trd, 2590647.996, 93
Trd, 2590648.513, 100
Trd, 2590648.896, 110
Trd, 2590648.963, 108
Trd, 2590648.979, 90
Trd, 2590649.613, 87
Trd, 2590649.863, 93
Trd, 2590649.879, 87
Trd, 2590650.246, 94
Trd, 2590652.363, 87
Trd, 2590652.863, 88
Trd, 2590652.896, 85
Trd, 2590655.213, 87
Trd, 2590656.313, 97
Trd, 2590657.279, 108
Trd, 2590657.379, 113
Trd, 2590657.613, 118
Trd, 2590657.796, 98
Trd, 2590658.129, 92
Trd, 2590659.646, 97
Trd, 2590659.929, 98
Trd, 2590660.896, 91
Trd, 2590661.529, 90
Trd, 2590661.646, 99
Trd, 2590662.546, 99
Trd, 2590663.179, 87
Trd, 2590665.479, 95
Trd, 2590666.529, 95
Trd, 2590667.279, 91
Trd, 2590667.813, 103
Trd, 2590668.529, 85
Trd, 2590668.696, 103
Trd, 2590669.379, 108
Trd, 2590669.946, 93
Trd, 2590670.263, 107
Trd, 2590670.496, 122
Trd, 2590672.796, 97
Trd, 2590672.996, 99
Trd, 2590673.796, 110
Trd, 2590674.146, 91
Trd, 2590674.496, 89
Trd, 2590674.996, 98
Trd, 2590675.379, 101
Trd, 2590675.863, 105
Trd, 2590676.413, 93
Trd, 2590677.579, 104
Trd, 2590678.463, 108
Trd, 2590678.479, 111
Trd, 2590679.346, 100
Trd, 2590680.779, 93
Trd, 2590682.396, 101
Trd, 2590682.646, 94
Trd, 2590683.079, 111
Trd, 2590683.579, 111
Trd, 2590684.646, 98
Trd, 2590684.913, 103
Trd, 2590687.563, 96
Trd, 2590688.063, 102
Trd, 2590688.213, 108
Trd, 2590688.379, 113
Trd, 2590689.679, 90
Trd, 2590690.146, 86
Trd, 2590691.113, 97
Trd, 2590691.146, 100
Trd, 2590691.229, 102
Trd, 2590692.796, 103
Trd, 2590693.513, 109
Trd, 2590693.879, 96
Trd, 2590694.163, 114
Trd, 2590695.646, 111
Trd, 2590695.696, 113
Trd, 2590695.779, 103
Trd, 2590697.729, 106
Trd, 2590698.163, 108
Trd, 2590698.529, 98
Trd, 2590698.796, 97
Trd, 2590699.796, 108
Trd, 2590700.763, 97
Trd, 2590701.113, 92
Trd, 2590703.396, 96
Trd, 2590704.996, 91
Trd, 2590705.446, 111
Trd, 2590705.879, 91
Trd, 2590705.979, 90
Trd, 2590707.529, 91
Trd, 2590708.179, 91
Trd, 2590708.246, 97
Trd, 2590709.113, 94
Trd, 2590709.379, 91
Trd, 2590709.513, 95
Trd, 2590709.663, 91
Trd, 2590709.713, 108
Trd, 2590710.146, 106
Trd, 2590711.029, 111
Trd, 2590711.129, 112
Trd, 2590712.596, 86
Trd, 2590713.129, 89
Trd, 2590717.363, 96
Trd, 2590717.496, 93
Trd, 2590717.613, 92
Trd, 2590718.013, 99
Trd, 2590718.196, 101
Trd, 2590719.213, 107
Trd, 2590719.396, 101
Trd, 2590719.546, 108
Trd, 2590720.129, 96
Trd, 2590721.796, 108
Trd, 2590721.846, 95
Trd, 2590722.029, 122
Trd, 2590722.296, 118
Trd, 2590723.529, 90
Trd, 2590723.679, 92
Trd, 2590724.213, 95
Trd, 2590725.646, 91
Trd, 2590727.713, 99
Trd, 2590727.879, 89
Trd, 2590728.513, 99
Trd, 2590729.479, 99
Trd, 2590729.779, 101
Trd, 2590729.796, 105
Trd, 2590730.313, 108
Trd, 2590730.579, 92
Trd, 2590730.696, 98
Trd, 2590731.446, 100
Trd, 2590733.279, 89
Trd, 2590733.963, 98
Trd, 2590734.779, 99
Trd, 2590734.813, 84
Trd, 2590735.946, 104
Trd, 2590736.529, 106
Trd, 2590737.079, 110
Trd, 2590737.813, 97
Trd, 2590738.279, 98
Trd, 2590738.346, 100
Trd, 2590739.679, 88
Trd, 2590739.879, 87
Trd, 2590740.046, 91
Trd, 2590740.213, 108
Trd, 2590740.546, 105
Trd, 2590741.013, 101
Trd, 2590742.246, 122
Trd, 2590744.246, 94
Trd, 2590745.029, 100
Trd, 2590746.863, 99
Trd, 2590747.563, 100
Trd, 2590747.646, 97
Trd, 2590747.829, 102
Trd, 2590748.279, 93
Trd, 2590749.463, 110
Trd, 2590750.846, 97
Trd, 2590750.996, 96
Trd, 2590751.863, 92
Trd, 2590752.413, 102
Trd, 2590753.379, 95
Trd, 2590753.596, 92
Trd, 2590753.763, 107
Trd, 2590754.963, 92
Trd, 2590755.013, 90
Trd, 2590755.479, 101
Trd, 2590756.396, 109
Trd, 2590756.913, 114
Trd, 2590757.113, 114
Trd, 2590757.913, 109
Trd, 2590759.913, 105
Trd, 2590760.129, 99
Trd, 2590761.013, 100
Trd, 2590761.713, 94
Trd, 2590761.813, 92
Trd, 2590763.013, 88
Trd, 2590764.146, 101
Trd, 2590765.463, 103
Trd, 2590766.196, 100
Trd, 2590766.346, 93
Trd, 2590767.396, 97
Trd, 2590767.663, 98
Trd, 2590768.329, 99
Trd, 2590768.346, 86
Trd, 2590769.029, 99
Trd, 2590769.496, 104
Trd, 2590771.696, 88
Trd, 2590771.913, 112
Trd, 2590772.613, 87
Trd, 2590773.379, 101
Trd, 2590774.646, 111
Trd, 2590776.046, 91
Trd, 2590776.163, 105
Trd, 2590776.429, 122
Trd, 2590776.563, 98
Trd, 2590778.113, 87
Trd, 2590778.413, 103
Trd, 2590779.163, 104
Trd, 2590780.896, 102
Trd, 2590780.979, 94
Trd, 2590781.213, 93
Trd, 2590782.229, 98
Trd, 2590782.463, 92
Trd, 2590784.263, 108
Trd, 2590784.363, 101
Trd, 2590784.546, 91
Trd, 2590785.746, 89
Trd, 2590785.763, 102
Trd, 2590787.063, 96
Trd, 2590787.513, 103
Trd, 2590788.096, 93
Trd, 2590788.963, 86
Trd, 2590789.496, 117
Trd, 2590790.296, 97
Trd, 2590790.446, 107
Trd, 2590791.263, 109
Trd, 2590792.096, 99
Trd, 2590792.863, 95
Trd, 2590793.246, 104
Trd, 2590794.513, 91
Trd, 2590794.596, 89
Trd, 2590794.796, 92
Trd, 2590795.246, 102
Trd, 2590797.746, 101
Trd, 2590798.079, 102
Trd, 2590799.496, 106
Trd, 2590800.729, 108
Trd, 2590800.829, 94
Trd, 2590800.979, 93
Trd, 2590801.479, 104
Trd, 2590801.913, 93
Trd, 2590802.196, 86
Trd, 2590803.079, 115
Trd, 2590803.246, 111
Trd, 2590803.863, 117
Trd, 2590805.079, 122
Trd, 2590805.179, 91
Trd, 2590805.746, 96
Trd, 2590805.896, 95
Trd, 2590806.879, 115
Trd, 2590807.779, 91
Trd, 2590808.279, 124
Trd, 2590810.663, 107
Trd, 2590811.029, 99
Trd, 2590811.229, 107
Trd, 2590811.263, 97
Trd, 2590812.963, 101
Trd, 2590814.246, 107
Trd, 2590814.379, 108
Trd, 2590814.563, 94
Trd, 2590816.013, 103
Trd, 2590818.329, 110
Trd, 2590820.163, 92
Trd, 2590820.496, 110
Trd, 2590821.013, 98
Trd, 2590821.096, 92
Trd, 2590821.429, 91
Trd, 2590823.263, 89
Trd, 2590824.713, 111
Trd, 2590824.829, 105
Trd, 2590825.896, 106
Trd, 2590827.079, 95
Trd, 2590827.463, 91
Trd, 2590827.629, 90
Trd, 2590827.813, 102
Trd, 2590828.596, 111
Trd, 2590830.046, 93
Trd, 2590830.896, 107
Trd, 2590831.096, 101
Trd, 2590832.279, 98
Trd, 2590832.413, 92
Trd, 2590832.763, 105
Trd, 2590833.896, 100
Trd, 2590834.429, 103
Trd, 2590834.779, 103
Trd, 2590835.163, 106
Trd, 2590836.346, 102
Trd, 2590837.529, 108
Trd, 2590837.796, 112
Trd, 2590837.813, 103
Trd, 2590837.946, 100
Trd, 2590838.279, 92
Trd, 2590838.379, 122
Trd, 2590838.929, 122
Trd, 2590842.013, 106
Trd, 2590842.096, 108
Trd, 2590842.463, 95
Trd, 2590842.963, 83
Trd, 2590844.013, 110
Trd, 2590844.813, 95
Trd, 2590845.379, 111
Trd, 2590848.263, 105
Trd, 2590848.429, 101
Trd, 2590849.396, 102
Trd, 2590850.079, 100
Trd, 2590850.329, 99
Trd, 2590850.413, 94
Trd, 2590850.896, 94
Trd, 2590850.929, 104
Trd, 2590850.996, 93
Trd, 2590851.546, 92
Trd, 2590852.529, 101
Trd, 2590853.046, 102
Trd, 2590853.463, 103
Trd, 2590855.446, 93
Trd, 2590856.063, 89
Trd, 2590857.063, 108
Trd, 2590859.329, 112
Trd, 2590859.479, 112
Trd, 2590859.963, 105
Trd, 2590860.563, 91
Trd, 2590860.746, 99
Trd, 2590861.763, 105
Trd, 2590862.013, 105
Trd, 2590863.763, 113
Trd, 2590864.013, 116
Trd, 2590866.113, 99
Trd, 2590866.263, 98
Trd, 2590866.546, 92
Trd, 2590866.596, 92
Trd, 2590867.229, 98
Trd, 2590868.446, 107
Trd, 2590868.563, 97
Trd, 2590870.129, 107
Trd, 2590870.313, 97
Trd, 2590871.329, 105
Trd, 2590873.129, 105
Trd, 2590873.729, 89
Trd, 2590873.779, 88
Trd, 2590874.846, 91
Trd, 2590875.363, 98
Trd, 2590876.313, 105
Trd, 2590876.579, 90
Trd, 2590877.896, 108
Trd, 2590877.996, 111
Trd, 2590878.413, 103
Trd, 2590879.796, 96
Trd, 2590880.196, 113
Trd, 2590880.979, 97
Trd, 2590881.479, 122
Trd, 2590881.596, 122
Trd, 2590882.596, 118
Trd, 2590882.979, 92
Trd, 2590883.163, 88
Trd, 2590884.896, 111
Trd, 2590888.296, 108
Trd, 2590888.829, 108
Trd, 2590889.013, 109
Trd, 2590889.663, 106
Trd, 2590890.279, 106
Trd, 2590890.796, 112
Trd, 2590890.896, 105
Trd, 2590891.479, 98
Trd, 2590893.013, 98
Trd, 2590893.446, 97
Trd, 2590895.213, 108
Trd, 2590895.296, 105
Trd, 2590895.513, 112
Trd, 2590896.013, 119
Trd, 2590898.129, 106
Trd, 2590899.129, 101
Trd, 2590899.213, 94
Trd, 2590900.796, 100
Trd, 2590901.296, 96
Trd, 2590901.346, 101
Trd, 2590901.696, 105
Trd, 2590904.229, 106
Trd, 2590905.196, 91
Trd, 2590905.979, 89
Trd, 2590906.379, 98
Trd, 2590906.463, 103
Trd, 2590909.046, 91
Trd, 2590909.063, 101
Trd, 2590909.079, 89
Trd, 2590909.546, 91
Trd, 2590909.863, 94
Trd, 2590910.296, 95
Trd, 2590911.163, 90
Trd, 2590911.379, 91
Trd, 2590911.796, 90
Trd, 2590911.896, 98
Trd, 2590915.879, 97
Trd, 2590916.446, 92
Trd, 2590917.296, 94
Trd, 2590917.646, 89
Trd, 2590918.129, 88
Trd, 2590918.229, 96
Trd, 2590918.346, 86
Trd, 2590918.646, 103
Trd, 2590918.779, 100
Trd, 2590919.029, 107
Trd, 2590919.046, 108
Trd, 2590919.246, 119
Trd, 2590920.696, 86
Trd, 2590921.646, 99
Trd, 2590922.829, 109
Trd, 2590923.929, 94
Trd, 2590927.329, 93
Trd, 2590927.363, 92
Trd, 2590927.979, 82
Trd, 2590928.246, 106
Trd, 2590928.496, 106
Trd, 2590928.529, 108
Trd, 2590928.829, 76
Trd, 2590929.579, 94
Trd, 2590929.713, 106
Trd, 2590929.996, 113
Trd, 2590930.329, 96
Trd, 2590930.746, 88
Trd, 2590931.346, 88
Trd, 2590931.713, 98
Trd, 2590933.446, 121
Trd, 2590934.679, 105
Trd, 2590934.963, 100
Trd, 2590935.446, 118
Trd, 2590935.696, 119
Trd, 2590936.296, 108
Trd, 2590936.363, 114
Trd, 2590938.646, 90
Trd, 2590939.546, 115
Trd, 2590940.329, 94
Trd, 2590941.479, 89
Trd, 2590941.763, 108
Trd, 2590943.479, 96
Trd, 2590943.646, 108
Trd, 2590943.896, 92
Trd, 2590944.279, 91
Trd, 2590945.529, 94
Trd, 2590946.513, 95
Trd, 2590947.013, 90
Trd, 2590947.229, 97
Trd, 2590948.029, 86
Trd, 2590948.196, 98
Trd, 2590948.596, 82
Trd, 2590949.246, 116
Trd, 2590950.029, 96
Trd, 2590951.529, 98
Trd, 2590952.646, 88
Trd, 2590954.329, 99
Trd, 2590954.896, 85
Trd, 2590954.996, 120
Trd, 2590955.213, 121
Trd, 2590956.463, 112
Trd, 2590956.479, 105
Trd, 2590956.629, 81
Trd, 2590957.063, 108
Trd, 2590957.529, 83
Trd, 2590958.413, 103
Trd, 2590958.913, 103
Trd, 2590959.113, 105
Trd, 2590959.246, 99
Trd, 2590960.863, 85
Trd, 2590960.946, 78
Trd, 2590961.813, 99
Trd, 2590962.063, 122
Trd, 2590962.863, 116
Trd, 2590963.096, 95
Trd, 2590964.746, 92
Trd, 2590964.946, 119
Trd, 2590965.563, 108
Trd, 2590966.746, 85
Trd, 2590966.896, 110
Trd, 2590968.646, 96
Trd, 2590970.096, 105
Trd, 2590970.629, 105
Trd, 2590970.713, 97
Trd, 2590971.096, 95
Trd, 2590971.879, 108
Trd, 2590973.813, 93
Trd, 2590973.896, 114
Trd, 2590974.129, 93
Trd, 2590974.229, 94
Trd, 2590975.096, 93
Trd, 2590975.179, 92
Trd, 2590975.579, 96
Trd, 2590975.746, 108
Trd, 2590978.046, 94
Trd, 2590979.679, 87
Trd, 2590980.013, 85
Trd, 2590981.479, 107
Trd, 2590981.679, 108
Trd, 2590982.113, 99
Trd, 2590982.296, 108
Trd, 2590983.046, 113
Trd, 2590984.096, 99
Trd, 2590984.179, 96
Trd, 2590984.613, 116
Trd, 2590984.713, 94
Trd, 2590984.763, 91
Trd, 2590985.229, 115
Trd, 2590986.946, 119
Trd, 2590987.363, 107
Trd, 2590988.413, 107
Trd, 2590989.663, 107
Trd, 2590990.529, 103
Trd, 2590992.196, 106
Trd, 2590993.263, 105
Trd, 2590993.279, 100
Trd, 2590993.396, 99
Trd, 2590995.546, 102
Trd, 2590996.146, 105
Trd, 2590997.229, 94
Trd, 2590997.979, 96
Trd, 2590998.329, 93
Trd, 2590998.913, 92
Trd, 2590999.513, 104
Trd, 2591001.113, 98
Trd, 2591001.679, 108
Trd, 2591002.946, 108
Trd, 2591003.313, 116
Trd, 2591003.529, 116
Trd, 2591003.779, 113
Trd, 2591004.729, 106
Trd, 2591005.529, 91
Trd, 2591005.746, 101
Trd, 2591007.096, 95
Trd, 2591007.279, 92
Trd, 2591007.429, 89
Trd, 2591008.463, 92
Trd, 2591010.529, 92
Trd, 2591010.679, 87
Trd, 2591011.096, 93
Trd, 2591011.746, 97
Trd, 2591012.179, 98
Trd, 2591012.346, 100
Trd, 2591013.629, 107
Trd, 2591013.996, 94
Trd, 2591014.396, 95
Trd, 2591015.396, 108
Trd, 2591015.779, 109
Trd, 2591016.029, 116
Trd, 2591016.329, 98
Trd, 2591016.563, 97
Trd, 2591016.979, 96
Trd, 2591017.313, 93
Trd, 2591020.146, 113
Trd, 2591020.696, 116
Trd, 2591021.129, 122
Trd, 2591021.296, 98
Trd, 2591021.729, 95
Trd, 2591022.246, 92
Trd, 2591022.379, 128
Trd, 2591023.729, 95
Trd, 2591024.663, 115
Trd, 2591025.429, 105
Trd, 2591025.546, 116
Trd, 2591025.846, 91
Trd, 2591026.929, 97
Trd, 2591029.396, 104
Trd, 2591029.679, 104
Trd, 2591030.163, 92
Trd, 2591032.096, 93
Trd, 2591032.296, 94
Trd, 2591033.213, 124
Trd, 2591033.813, 106
Trd, 2591034.063, 97
Trd, 2591034.113, 92
Trd, 2591035.379, 92
Trd, 2591035.413, 93
Trd, 2591036.079, 92
Trd, 2591036.613, 96
Trd, 2591037.446, 115
Trd, 2591037.863, 95
Trd, 2591039.996, 88
Trd, 2591040.529, 87
Trd, 2591040.779, 86
Trd, 2591040.813, 94
Trd, 2591040.946, 97
Trd, 2591041.479, 98
Trd, 2591042.346, 106
Trd, 2591043.596, 117
Trd, 2591045.846, 98
Trd, 2591046.313, 116
Trd, 2591047.379, 85
Trd, 2591048.113, 102
Trd, 2591048.463, 102
Trd, 2591048.779, 99
Trd, 2591049.096, 103
Trd, 2591049.396, 107
Trd, 2591050.496, 96
Trd, 2591051.179, 117
Trd, 2591051.196, 118
Trd, 2591051.229, 99
Trd, 2591052.446, 96
Trd, 2591053.846, 95
Trd, 2591054.929, 103
Trd, 2591055.346, 91
Trd, 2591055.996, 91
Trd, 2591056.563, 98
Trd, 2591056.946, 108
Trd, 2591057.463, 112
Trd, 2591058.146, 87
Trd, 2591059.113, 97
Trd, 2591059.796, 100
Trd, 2591060.146, 88
Trd, 2591060.829, 99
Trd, 2591061.163, 86
Trd, 2591062.513, 106
Trd, 2591062.929, 97
Trd, 2591064.296, 108
Trd, 2591064.813, 101
Trd, 2591064.913, 108
Trd, 2591065.713, 101
Trd, 2591065.913, 108
Trd, 2591066.213, 103
Trd, 2591067.163, 115
Trd, 2591067.329, 117
Trd, 2591070.979, 98
Trd, 2591071.679, 109
Trd, 2591072.313, 99
Trd, 2591072.863, 108
Trd, 2591073.629, 114
Trd, 2591074.813, 93
Trd, 2591075.113, 102
Trd, 2591075.963, 108
Trd, 2591076.363, 104
Trd, 2591077.263, 92
Trd, 2591077.713, 105
Trd, 2591077.763, 106
Trd, 2591077.896, 94
Trd, 2591077.929, 113
Trd, 2591080.063, 100
Trd, 2591080.196, 99
Trd, 2591080.479, 96
Trd, 2591080.663, 105
Trd, 2591080.946, 94
Trd, 2591081.113, 91
Trd, 2591081.579, 119
Trd, 2591081.863, 88
Trd, 2591084.563, 100
Trd, 2591085.113, 101
Trd, 2591085.313, 93
Trd, 2591086.029, 96
Trd, 2591086.279, 93
Trd, 2591086.979, 84
Trd, 2591087.796, 86
Trd, 2591089.796, 90
Trd, 2591090.046, 85
Trd, 2591090.379, 92
Trd, 2591090.813, 98
Trd, 2591091.313, 100
Trd, 2591091.529, 122
Trd, 2591092.196, 91
Trd, 2591092.646, 88
Trd, 2591093.179, 102
Trd, 2591093.329, 84
Trd, 2591095.379, 103
Trd, 2591095.563, 107
Trd, 2591095.963, 104
Trd, 2591096.496, 106
Trd, 2591096.729, 103
Trd, 2591099.779, 90
Trd, 2591099.863, 92
Trd, 2591101.129, 93
Trd, 2591102.763, 102
Trd, 2591103.329, 100
Trd, 2591104.146, 106
Trd, 2591104.479, 101
Trd, 2591105.829, 92
Trd, 2591106.346, 107
Trd, 2591106.596, 108
Trd, 2591107.313, 95
Trd, 2591107.863, 92
Trd, 2591108.613, 110
Trd, 2591109.213, 88
Trd, 2591111.346, 101
Trd, 2591111.829, 93
Trd, 2591112.979, 93
Trd, 2591113.279, 89
Trd, 2591113.479, 95
Trd, 2591114.129, 104
Trd, 2591114.979, 88
Trd, 2591114.996, 94
Trd, 2591115.046, 108
Trd, 2591115.063, 84
Trd, 2591115.329, 116
Trd, 2591116.013, 117
Trd, 2591116.896, 90
Trd, 2591117.446, 89
Trd, 2591117.996, 88
Trd, 2591119.329, 87
Trd, 2591119.929, 103
Trd, 2591121.463, 104
Trd, 2591123.029, 103
Trd, 2591123.713, 105
Trd, 2591123.746, 112
Trd, 2591125.046, 101
Trd, 2591127.263, 105
Trd, 2591127.663, 110
Trd, 2591127.963, 104
Trd, 2591128.479, 105
Trd, 2591129.479, 93
Trd, 2591129.696, 92
Trd, 2591131.029, 90
Trd, 2591131.546, 105
Trd, 2591131.613, 107
Trd, 2591131.696, 85
Trd, 2591131.829, 83
Trd, 2591132.529, 106
Trd, 2591133.413, 108
Trd, 2591133.696, 91
Trd, 2591134.329, 116
Trd, 2591136.013, 108
Trd, 2591136.079, 109
Trd, 2591136.296, 103
Trd, 2591136.363, 102
Trd, 2591138.279, 102
Trd, 2591138.513, 93
Trd, 2591139.679, 95
Trd, 2591140.479, 98
Trd, 2591141.379, 97
Trd, 2591141.913, 108
Trd, 2591141.979, 108
Trd, 2591142.313, 88
Trd, 2591143.079, 94
Trd, 2591143.146, 85
Trd, 2591145.146, 109
Trd, 2591145.229, 114
Trd, 2591146.963, 85
Trd, 2591147.529, 86
Trd, 2591148.013, 100
Trd, 2591148.096, 99
Trd, 2591148.746, 87
Trd, 2591149.863, 102
Trd, 2591151.246, 100
Trd, 2591151.446, 99
Trd, 2591151.879, 105
Trd, 2591153.146, 98
Trd, 2591153.963, 89
Trd, 2591155.263, 87
Trd, 2591156.663, 89
Trd, 2591156.763, 98
Trd, 2591158.113, 85
Trd, 2591158.496, 93
Trd, 2591158.796, 84
Trd, 2591159.479, 108
Trd, 2591159.696, 100
Trd, 2591160.779, 111
Trd, 2591160.979, 89
Trd, 2591161.529, 89
Trd, 2591162.263, 111
Trd, 2591164.396, 105
Trd, 2591166.063, 101
Trd, 2591166.113, 100
Trd, 2591166.413, 103
Trd, 2591166.663, 104
Trd, 2591166.729, 96
Trd, 2591167.463, 95
Trd, 2591167.479, 98
Trd, 2591169.463, 103
Trd, 2591170.396, 104
Trd, 2591172.079, 99
Trd, 2591172.613, 96
Trd, 2591173.363, 95
Trd, 2591173.796, 94
Trd, 2591175.213, 106
Trd, 2591175.846, 105
Trd, 2591176.063, 104
Trd, 2591176.496, 98
Trd, 2591176.729, 109
Trd, 2591176.863, 102
Trd, 2591177.163, 92
Trd, 2591177.979, 108
Trd, 2591179.563, 109
Trd, 2591179.646, 98
Trd, 2591180.263, 111
Trd, 2591181.629, 96
Trd, 2591181.896, 115
Trd, 2591182.079, 104
Trd, 2591182.896, 108
Trd, 2591183.063, 115
Trd, 2591183.696, 115
Trd, 2591183.929, 92
Trd, 2591185.546, 97
Trd, 2591186.813, 115
Trd, 2591188.079, 88
Trd, 2591188.979, 86
Trd, 2591189.146, 86
Trd, 2591191.013, 92
Trd, 2591191.113, 90
Trd, 2591191.713, 93
Trd, 2591192.063, 100
Trd, 2591192.529, 103
Trd, 2591192.663, 92
Trd, 2591193.529, 91
Trd, 2591193.779, 120
Trd, 2591193.879, 122
Trd, 2591195.063, 120
Trd, 2591195.263, 119
Trd, 2591195.529, 122
Trd, 2591195.879, 112
Trd, 2591196.079, 105
Trd, 2591197.679, 110
Trd, 2591199.763, 105
Trd, 2591202.463, 98
Trd, 2591203.546, 101
Trd, 2591203.746, 96
Trd, 2591203.863, 100
Trd, 2591204.063, 101
Trd, 2591205.713, 98
Trd, 2591206.663, 96
Trd, 2591206.813, 94
Trd, 2591208.746, 97
Trd, 2591208.763, 108
Trd, 2591209.763, 94
Trd, 2591211.196, 96
Trd, 2591211.363, 93
Trd, 2591211.396, 94
Trd, 2591211.913, 105
Trd, 2591212.096, 91
Trd, 2591212.996, 108
Trd, 2591213.579, 95
Trd, 2591216.079, 98
Trd, 2591217.696, 100
Trd, 2591218.446, 104
Trd, 2591219.396, 91
Trd, 2591219.596, 104
Trd, 2591220.046, 90
Trd, 2591220.463, 101
Trd, 2591221.829, 97
Trd, 2591222.213, 106
Trd, 2591222.813, 92
Trd, 2591222.979, 86
Trd, 2591223.613, 108
Trd, 2591224.129, 117
Trd, 2591225.363, 91
Trd, 2591225.596, 90
Trd, 2591225.929, 117
Trd, 2591226.363, 84
Trd, 2591228.379, 117
Trd, 2591229.163, 91
Trd, 2591230.263, 105
Trd, 2591231.529, 96
Trd, 2591231.763, 106
Trd, 2591232.379, 94
Trd, 2591233.179, 91
Trd, 2591233.446, 103
Trd, 2591233.529, 87
Trd, 2591233.679, 103
Trd, 2591235.096, 94
Trd, 2591235.746, 102
Trd, 2591236.196, 108
Trd, 2591236.563, 95
Trd, 2591238.996, 95
Trd, 2591240.663, 107
Trd, 2591241.013, 95
Trd, 2591241.429, 92
Trd, 2591241.563, 92
Trd, 2591241.613, 90
Trd, 2591241.896, 108
Trd, 2591242.563, 109
Trd, 2591243.213, 104
Trd, 2591244.496, 106
Trd, 2591244.746, 116
Trd, 2591244.879, 100
Trd, 2591245.579, 100
Trd, 2591246.129, 96
Trd, 2591246.863, 95
Trd, 2591247.313, 101
Trd, 2591249.263, 101
Trd, 2591249.479, 105
Trd, 2591250.813, 91
Trd, 2591251.329, 94
Trd, 2591251.596, 95
Trd, 2591251.913, 97
Trd, 2591252.279, 108
Trd, 2591252.779, 94
Trd, 2591253.796, 94
Trd, 2591253.846, 98
Trd, 2591254.529, 89
Trd, 2591255.046, 87
Trd, 2591255.113, 108
Trd, 2591255.663, 117
Trd, 2591256.129, 85
Trd, 2591256.846, 86
Trd, 2591258.346, 117
Trd, 2591258.379, 84
Trd, 2591258.563, 117
Trd, 2591259.379, 81
Trd, 2591259.829, 86
Trd, 2591260.263, 77
Trd, 2591260.729, 116
Trd, 2591262.346, 87
Trd, 2591262.563, 86
Trd, 2591263.479, 103
Trd, 2591264.079, 83
Trd, 2591264.929, 96
Trd, 2591266.696, 87
Trd, 2591266.979, 90
Trd, 2591267.063, 84
Trd, 2591267.713, 91
Trd, 2591267.913, 83
Trd, 2591269.229, 104
Trd, 2591269.429, 108
Trd, 2591270.129, 96
Trd, 2591270.396, 104
Trd, 2591270.846, 113
Trd, 2591271.146, 117
Trd, 2591271.746, 95
Trd, 2591273.046, 91
Trd, 2591273.263, 108
Trd, 2591273.279, 90
Trd, 2591274.446, 97
Trd, 2591275.446, 95
Trd, 2591276.963, 88
Trd, 2591277.313, 114
Trd, 2591278.563, 91
Trd, 2591280.079, 96
Trd, 2591280.679, 91
Trd, 2591280.879, 97
Trd, 2591281.613, 92
Trd, 2591282.596, 93
Trd, 2591283.413, 95
Trd, 2591284.113, 106
Trd, 2591284.496, 108
Trd, 2591286.079, 106
Trd, 2591286.229, 102
Trd, 2591286.729, 101
Trd, 2591287.646, 107
Trd, 2591287.913, 100
Trd, 2591288.579, 91
Trd, 2591289.529, 90
Trd, 2591289.563, 94
Trd, 2591291.979, 106
Trd, 2591292.429, 111
Trd, 2591293.129, 101
Trd, 2591293.296, 121
Trd, 2591293.896, 103
Trd, 2591294.413, 116
Trd, 2591296.013, 94
Trd, 2591296.029, 107
Trd, 2591297.496, 90
Trd, 2591297.829, 88
Trd, 2591298.079, 105
Trd, 2591298.129, 106
Trd, 2591299.446, 100
Trd, 2591299.779, 108
Trd, 2591300.113, 118
Trd, 2591300.146, 100
Trd, 2591301.829, 109
Trd, 2591301.929, 118
Trd, 2591303.213, 115
Trd, 2591305.229, 103
Trd, 2591305.779, 103
Trd, 2591306.663, 107
Trd, 2591306.829, 104
Trd, 2591307.263, 108
Trd, 2591307.963, 99
Trd, 2591308.313, 95
Trd, 2591308.913, 107
Trd, 2591310.463, 92
Trd, 2591311.946, 97
Trd, 2591312.963, 94
Trd, 2591313.879, 108
Trd, 2591317.096, 94
Trd, 2591317.163, 93
Trd, 2591317.479, 96
Trd, 2591317.879, 96
Trd, 2591318.596, 90
Trd, 2591318.846, 98
Trd, 2591318.913, 106
Trd, 2591319.079, 115
Trd, 2591320.796, 107
Trd, 2591321.913, 101
Trd, 2591322.013, 111
Trd, 2591324.446, 98
Trd, 2591324.913, 92
Trd, 2591325.479, 99
Trd, 2591326.046, 91
Trd, 2591326.063, 116
Trd, 2591326.096, 90
Trd, 2591326.646, 113
Trd, 2591326.713, 124
Trd, 2591326.796, 126
Trd, 2591327.279, 87
Trd, 2591328.546, 108
Trd, 2591330.279, 96
Trd, 2591332.329, 87
Trd, 2591332.529, 88
Trd, 2591332.546, 89
Trd, 2591334.179, 87
Trd, 2591334.229, 89
Trd, 2591334.796, 89
Trd, 2591336.479, 115
Trd, 2591337.029, 126
Trd, 2591337.146, 122
Trd, 2591337.363, 118
Trd, 2591337.463, 110
Trd, 2591337.529, 107
Trd, 2591338.779, 113
Trd, 2591339.646, 121
Trd, 2591340.279, 117
Trd, 2591341.713, 119
Trd, 2591342.079, 105
Trd, 2591342.113, 92
Trd, 2591342.329, 120
Trd, 2591343.163, 109
Trd, 2591343.613, 97
Trd, 2591344.546, 92
Trd, 2591344.813, 94
Trd, 2591345.546, 92
Trd, 2591346.563, 90
Trd, 2591346.613, 90
Trd, 2591346.729, 102
Trd, 2591348.496, 91
Trd, 2591348.863, 85
Trd, 2591349.296, 127
Trd, 2591350.346, 119
Trd, 2591352.146, 90
Trd, 2591353.413, 104
Trd, 2591354.579, 97
Trd, 2591354.679, 100
Trd, 2591355.246, 96
Trd, 2591355.563, 102
Trd, 2591356.296, 95
Trd, 2591357.046, 94
Trd, 2591357.063, 103
Trd, 2591357.113, 92
Trd, 2591357.229, 117
Trd, 2591358.629, 97
Trd, 2591361.013, 99
Trd, 2591361.046, 105
Trd, 2591361.496, 98
Trd, 2591362.763, 99
Trd, 2591363.146, 97
Trd, 2591363.946, 94
Trd, 2591366.029, 105
Trd, 2591366.463, 104
Trd, 2591367.296, 101
Trd, 2591367.846, 99
Trd, 2591368.029, 96
Trd, 2591368.829, 97
Trd, 2591370.313, 98
Trd, 2591370.863, 86
Trd, 2591371.129, 100
Trd, 2591372.763, 87
Trd, 2591372.896, 76
Trd, 2591373.046, 108
Trd, 2591373.179, 97
Trd, 2591374.263, 92
Trd, 2591374.513, 98
Trd, 2591375.313, 96
Trd, 2591376.096, 90
Trd, 2591376.546, 97
Trd, 2591377.513, 95
Trd, 2591378.263, 114
Trd, 2591379.479, 112
Trd, 2591381.129, 105
Trd, 2591382.496, 108
Trd, 2591382.646, 101
Trd, 2591384.696, 107
Trd, 2591384.729, 111
Trd, 2591385.346, 105
Trd, 2591385.913, 112
Trd, 2591386.096, 99
Trd, 2591386.963, 112
Trd, 2591388.946, 105
Trd, 2591389.346, 108
Trd, 2591390.063, 98
Trd, 2591392.563, 101
Trd, 2591393.079, 109
Trd, 2591393.613, 91
Trd, 2591394.229, 112
Trd, 2591394.863, 94
Trd, 2591394.913, 92
Trd, 2591395.146, 118
Trd, 2591395.313, 93
Trd, 2591396.113, 91
Trd, 2591397.863, 89
Trd, 2591398.046, 94
Trd, 2591398.813, 89
Trd, 2591398.913, 118
Trd, 2591400.263, 99
Trd, 2591400.896, 100
Trd, 2591402.029, 91
Trd, 2591402.113, 78
Trd, 2591402.779, 113
Trd, 2591403.746, 113
Trd, 2591404.379, 99
Trd, 2591404.663, 91
Trd, 2591404.746, 88
Trd, 2591405.146, 83
Trd, 2591405.813, 96
Trd, 2591408.213, 96
Trd, 2591408.763, 103
Trd, 2591408.796, 123
Trd, 2591410.529, 113
Trd, 2591410.613, 114
Trd, 2591411.479, 99
Trd, 2591412.479, 96
Trd, 2591412.529, 102
Trd, 2591412.729, 101
Trd, 2591413.996, 105
Trd, 2591414.213, 100
Trd, 2591414.613, 95
Trd, 2591415.496, 94
Trd, 2591416.529, 89
Trd, 2591417.013, 96
Trd, 2591421.029, 92
Trd, 2591421.846, 93
Trd, 2591422.196, 98
Trd, 2591422.579, 106
Trd, 2591422.613, 94
Trd, 2591423.663, 106
Trd, 2591423.879, 108
Trd, 2591424.429, 111
Trd, 2591425.046, 112
Trd, 2591425.763, 106
Trd, 2591426.663, 97
Trd, 2591426.796, 93
Trd, 2591428.346, 95
Trd, 2591428.963, 102
Trd, 2591429.763, 102
Trd, 2591430.096, 92
Trd, 2591430.246, 101
Trd, 2591430.946, 91
Trd, 2591431.129, 102
Trd, 2591432.079, 93
Trd, 2591432.346, 94
Trd, 2591433.013, 83
Trd, 2591433.246, 79
Trd, 2591433.346, 98
Trd, 2591433.813, 113
Trd, 2591434.313, 114
Trd, 2591436.513, 99
Trd, 2591439.796, 105
Trd, 2591440.196, 102
Trd, 2591440.746, 108
Trd, 2591441.279, 103
Trd, 2591441.579, 108
Trd, 2591442.079, 114
Trd, 2591443.529, 122
Trd, 2591443.946, 100
Trd, 2591444.913, 96
Trd, 2591445.479, 100
Trd, 2591445.629, 95
Trd, 2591445.663, 94
Trd, 2591446.746, 93
Trd, 2591446.813, 92
Trd, 2591448.729, 105
Trd, 2591449.596, 103
Trd, 2591449.696, 108
Trd, 2591450.413, 97
Trd, 2591450.563, 93
Trd, 2591450.929, 107
Trd, 2591451.163, 134
Trd, 2591451.963, 108
Trd, 2591452.063, 109
Trd, 2591453.979, 98
Trd, 2591454.046, 89
Trd, 2591455.046, 88
Trd, 2591455.463, 96
Trd, 2591455.613, 87
Trd, 2591455.946, 99
Trd, 2591457.213, 88
Trd, 2591457.563, 98
Trd, 2591457.696, 100
Trd, 2591458.413, 92
Trd, 2591459.029, 104
Trd, 2591459.513, 86
Trd, 2591460.663, 103
Trd, 2591460.696, 107
Trd, 2591461.813, 101
Trd, 2591463.663, 103
Trd, 2591464.513, 90
Trd, 2591464.713, 102
Trd, 2591465.163, 101
Trd, 2591465.929, 105
Trd, 2591466.913, 129
Trd, 2591467.346, 101
Trd, 2591468.229, 120
Trd, 2591469.463, 96
Trd, 2591470.046, 116
Trd, 2591470.229, 94
Trd, 2591470.729, 104
Trd, 2591471.063, 98
Trd, 2591471.829, 100
Trd, 2591472.046, 99
Trd, 2591474.379, 102
Trd, 2591475.546, 100
Trd, 2591477.296, 84
Trd, 2591477.446, 92
Trd, 2591477.663, 98
Trd, 2591478.079, 100
Trd, 2591480.129, 108
Trd, 2591480.563, 105
Trd, 2591481.313, 94
Trd, 2591482.679, 93
Trd, 2591482.779, 107
Trd, 2591482.813, 92
Trd, 2591483.196, 115
Trd, 2591484.929, 106
Trd, 2591484.979, 105
Trd, 2591485.779, 104
Trd, 2591485.996, 99
Trd, 2591486.413, 96
Trd, 2591486.896, 91
Trd, 2591487.229, 95
Trd, 2591488.529, 114
Trd, 2591489.546, 99
Trd, 2591489.729, 86
Trd, 2591491.563, 105
Trd, 2591491.896, 106
Trd, 2591492.063, 110
Trd, 2591493.329, 119
Trd, 2591494.079, 89
Trd, 2591495.346, 115
Trd, 2591495.513, 107
Trd, 2591496.629, 116
Trd, 2591497.979, 115
Trd, 2591498.246, 108
Trd, 2591498.263, 98
Trd, 2591498.713, 125
Trd, 2591499.113, 120
Trd, 2591500.879, 98
Trd, 2591502.379, 100
Trd, 2591502.679, 97
Trd, 2591503.479, 103
Trd, 2591503.896, 105
Trd, 2591504.679, 122
Trd, 2591504.796, 97
Trd, 2591506.379, 96
Trd, 2591507.979, 108
Trd, 2591508.546, 99
Trd, 2591509.979, 113
Trd, 2591510.379, 109
Trd, 2591511.096, 105
Trd, 2591511.813, 109
Trd, 2591512.313, 105
Trd, 2591513.429, 104
Trd, 2591513.596, 100
Trd, 2591514.196, 101
Trd, 2591516.529, 106
Trd, 2591518.829, 96
Trd, 2591519.229, 92
Trd, 2591519.896, 91
Trd, 2591519.996, 92
Trd, 2591520.629, 92
Trd, 2591520.946, 89
Trd, 2591521.446, 98
Trd, 2591521.546, 89
Trd, 2591521.579, 101
Trd, 2591522.879, 87
Trd, 2591522.896, 87
Trd, 2591523.029, 116
Trd, 2591523.396, 113
Trd, 2591525.946, 107
Trd, 2591526.146, 96
Trd, 2591527.396, 92
Trd, 2591527.513, 92
Trd, 2591527.996, 101
Trd, 2591528.696, 96
Trd, 2591530.263, 113
Trd, 2591531.746, 96
Trd, 2591533.879, 91
Trd, 2591534.063, 99
Trd, 2591534.296, 100
Trd, 2591535.246, 100
Trd, 2591535.963, 101
Trd, 2591535.996, 88
Trd, 2591536.213, 115
Trd, 2591536.546, 88
Trd, 2591537.596, 91
Trd, 2591537.913, 102
Trd, 2591538.063, 87
Trd, 2591539.579, 120
Trd, 2591539.696, 104
Trd, 2591540.696, 113
Trd, 2591540.963, 97
Trd, 2591541.946, 96
Trd, 2591542.396, 112
Trd, 2591543.529, 89
Trd, 2591544.313, 104
Trd, 2591544.579, 87
Trd, 2591547.213, 91
Trd, 2591547.963, 92
Trd, 2591548.213, 95
Trd, 2591549.763, 98
Trd, 2591550.263, 119
Trd, 2591550.546, 97
Trd, 2591551.063, 87
Trd, 2591551.229, 102
Trd, 2591551.379, 87
Trd, 2591551.796, 108
Trd, 2591551.996, 92
Trd, 2591552.563, 105
Trd, 2591552.929, 114
Trd, 2591553.146, 93
Trd, 2591553.629, 93
Trd, 2591554.563, 91
Trd, 2591555.813, 89
Trd, 2591556.329, 90
Trd, 2591557.796, 90
Trd, 2591557.896, 89
Trd, 2591558.563, 112
Trd, 2591559.629, 108
Trd, 2591559.996, 91
Trd, 2591560.096, 88
Trd, 2591560.963, 84
Trd, 2591561.379, 108
Trd, 2591561.479, 116
Trd, 2591563.563, 97
Trd, 2591564.779, 113
Trd, 2591564.913, 97
Trd, 2591565.713, 96
Trd, 2591566.313, 110
Trd, 2591566.763, 111
Trd, 2591568.079, 109
Trd, 2591570.413, 92
Trd, 2591570.713, 98
Trd, 2591572.313, 101
Trd, 2591572.646, 95
Trd, 2591574.879, 97
Trd, 2591575.029, 105
Trd, 2591575.563, 94
Trd, 2591575.579, 108
Trd, 2591576.379, 99
Trd, 2591577.263, 99
Trd, 2591577.313, 101
Trd, 2591578.263, 103
Trd, 2591580.263, 114
Trd, 2591581.713, 99
Trd, 2591582.029, 110
Trd, 2591582.196, 111
Trd, 2591582.363, 98
Trd, 2591583.029, 104
Trd, 2591583.413, 96
Trd, 2591585.479, 112
Trd, 2591586.046, 99
Trd, 2591586.813, 101
Trd, 2591587.813, 97
Trd, 2591587.946, 100
Trd, 2591588.679, 116
Trd, 2591590.013, 104
Trd, 2591591.146, 100
Trd, 2591592.029, 101
Trd, 2591592.529, 96
Trd, 2591592.729, 94
Trd, 2591593.463, 92
Trd, 2591594.179, 100
Trd, 2591594.813, 111
Trd, 2591594.929, 112
Trd, 2591595.046, 98
Trd, 2591596.996, 100
Trd, 2591597.413, 107
Trd, 2591597.579, 96
Trd, 2591597.629, 114
Trd, 2591597.729, 101
Trd, 2591598.929, 92
Trd, 2591600.246, 96
Trd, 2591600.979, 86
Trd, 2591601.729, 114
Trd, 2591601.746, 115
Trd, 2591602.279, 117
Trd, 2591602.863, 120
Trd, 2591603.146, 85
Trd, 2591603.979, 120
Trd, 2591604.096, 84
Trd, 2591607.063, 109
Trd, 2591607.629, 111
Trd, 2591608.529, 112
Trd, 2591608.829, 99
Trd, 2591609.446, 102
Trd, 2591609.713, 107
Trd, 2591611.063, 104
Trd, 2591611.296, 100
Trd, 2591612.096, 94
Trd, 2591612.146, 92
Trd, 2591613.046, 101
Trd, 2591614.046, 98
Trd, 2591615.063, 96
Trd, 2591616.579, 90
Trd, 2591617.063, 98
Trd, 2591618.546, 98
Trd, 2591619.663, 91
Trd, 2591620.579, 107
Trd, 2591620.613, 108
Trd, 2591621.346, 88
Trd, 2591621.963, 85
Trd, 2591622.613, 90
Trd, 2591622.629, 85
Trd, 2591622.829, 90
Trd, 2591623.829, 86
Trd, 2591624.196, 98
Trd, 2591624.596, 102
Trd, 2591624.896, 97
Trd, 2591625.763, 119
Trd, 2591625.796, 95
Trd, 2591625.963, 120
Trd, 2591626.446, 105
Trd, 2591626.796, 105
Trd, 2591627.346, 89
Trd, 2591627.596, 107
Trd, 2591630.129, 108
Trd, 2591631.513, 117
Trd, 2591633.096, 103
Trd, 2591633.496, 102
Trd, 2591634.346, 102
Trd, 2591634.546, 100
Trd, 2591634.946, 93
Trd, 2591635.263, 94
Trd, 2591636.679, 100
Trd, 2591636.813, 108
Trd, 2591636.996, 91
Trd, 2591637.479, 116
Trd, 2591637.796, 117
Trd, 2591639.613, 90
Trd, 2591639.829, 108
Trd, 2591639.996, 114
Trd, 2591641.813, 87
Trd, 2591642.046, 100
Trd, 2591643.096, 84
Trd, 2591644.746, 100
Trd, 2591645.596, 95
Trd, 2591645.779, 92
Trd, 2591648.263, 113
Trd, 2591648.713, 110
Trd, 2591649.329, 116
Trd, 2591649.346, 127
Trd, 2591649.896, 121
Trd, 2591650.263, 105
Trd, 2591650.296, 95
Trd, 2591652.646, 104
Trd, 2591652.829, 95
Trd, 2591652.996, 104
Trd, 2591653.446, 105
Trd, 2591654.279, 97
Trd, 2591654.646, 106
Trd, 2591655.063, 94
Trd, 2591656.996, 89
Trd, 2591657.396, 90
Trd, 2591657.879, 97
Trd, 2591660.213, 102
Trd, 2591662.496, 89
Trd, 2591663.129, 98
Trd, 2591665.079, 96
Trd, 2591665.696, 100
Trd, 2591665.729, 94
Trd, 2591665.979, 92
Trd, 2591666.079, 101
Trd, 2591666.763, 103
Trd, 2591667.946, 98
Trd, 2591668.446, 111
Trd, 2591668.596, 117
Trd, 2591669.113, 101
Trd, 2591669.863, 92
Trd, 2591670.379, 101
Trd, 2591671.529, 89
Trd, 2591671.863, 102
Trd, 2591672.029, 86
Trd, 2591673.846, 108
Trd, 2591674.363, 117
Trd, 2591675.113, 102
Trd, 2591675.379, 101
Trd, 2591675.579, 96
Trd, 2591675.713, 97
Trd, 2591677.479, 94
Trd, 2591678.129, 94
Trd, 2591680.129, 100
Trd, 2591680.429, 94
Trd, 2591681.113, 99
Trd, 2591682.446, 101
Trd, 2591684.963, 113
Trd, 2591685.063, 115
Trd, 2591685.079, 105
Trd, 2591685.279, 122
Trd, 2591685.629, 100
Trd, 2591685.863, 127
Trd, 2591688.546, 92
Trd, 2591688.663, 98
Trd, 2591690.046, 103
Trd, 2591690.729, 94
Trd, 2591691.279, 114
Trd, 2591691.629, 121
Trd, 2591693.379, 109
Trd, 2591695.279, 114
Trd, 2591695.696, 115
Trd, 2591696.763, 89
Trd, 2591698.529, 88
Trd, 2591698.579, 87
Trd, 2591699.129, 87
Trd, 2591700.913, 102
Trd, 2591701.113, 102
Trd, 2591701.913, 92
Trd, 2591702.146, 103
Trd, 2591703.479, 104
Trd, 2591703.596, 90
Trd, 2591703.696, 89
Trd, 2591704.229, 108
Trd, 2591705.063, 109
Trd, 2591705.513, 106
Trd, 2591706.563, 98
Trd, 2591706.813, 88
Trd, 2591707.379, 106
Trd, 2591707.813, 108
Trd, 2591708.296, 115
Trd, 2591709.363, 99
Trd, 2591710.179, 97
Trd, 2591710.329, 95
Trd, 2591710.746, 110
Trd, 2591712.263, 97
Trd, 2591713.763, 92
Trd, 2591714.363, 102
Trd, 2591715.613, 107
Trd, 2591716.296, 104
Trd, 2591716.379, 88
Trd, 2591718.296, 87
Trd, 2591718.796, 99
Trd, 2591718.896, 86
Trd, 2591719.113, 100
Trd, 2591720.179, 93
Trd, 2591721.029, 94
Trd, 2591721.313, 104
Trd, 2591721.829, 106
Trd, 2591722.113, 94
Trd, 2591724.796, 92
Trd, 2591725.829, 105
Trd, 2591726.463, 94
Trd, 2591728.396, 108
Trd, 2591728.696, 100
Trd, 2591728.879, 98
Trd, 2591730.379, 91
Trd, 2591730.796, 107
Trd, 2591731.729, 106
Trd, 2591731.779, 89
Trd, 2591731.929, 105
Trd, 2591732.396, 101
Trd, 2591733.113, 88
Trd, 2591734.696, 98
Trd, 2591735.063, 97
Trd, 2591735.596, 101
Trd, 2591735.813, 108
Trd, 2591735.846, 114
Trd, 2591736.379, 122
Trd, 2591737.179, 103
Trd, 2591738.396, 108
Trd, 2591738.713, 103
Trd, 2591739.146, 123
Trd, 2591739.829, 103
Trd, 2591741.596, 92
Trd, 2591741.696, 99
Trd, 2591742.513, 96
Trd, 2591742.579, 97
Trd, 2591742.879, 91
Trd, 2591743.246, 98
Trd, 2591743.713, 103
Trd, 2591744.363, 89
Trd, 2591745.279, 88
Trd, 2591747.379, 95
Trd, 2591748.679, 98
Trd, 2591749.246, 109
Trd, 2591750.579, 103
Trd, 2591752.213, 91
Trd, 2591752.396, 104
Trd, 2591752.746, 103
Trd, 2591753.063, 102
Trd, 2591753.829, 105
Trd, 2591754.246, 100
Trd, 2591754.763, 98
Trd, 2591755.663, 98
Trd, 2591755.729, 108
Trd, 2591755.896, 92
Trd, 2591756.013, 91
Trd, 2591757.329, 116
Trd, 2591757.546, 97
Trd, 2591758.379, 95
Trd, 2591758.979, 91
Trd, 2591759.513, 110
Trd, 2591759.896, 91
Trd, 2591760.313, 93
Trd, 2591760.913, 98
Trd, 2591761.463, 96
Trd, 2591762.263, 92
Trd, 2591763.296, 95
Trd, 2591765.663, 99
Trd, 2591766.179, 112
Trd, 2591767.963, 114
Trd, 2591768.179, 117
Trd, 2591768.346, 125
Trd, 2591768.796, 107
Trd, 2591769.563, 96
Trd, 2591771.696, 98
Trd, 2591771.729, 99
Trd, 2591772.479, 97
Trd, 2591772.596, 95
Trd, 2591772.896, 99
Trd, 2591773.663, 105
Trd, 2591774.846, 104
Trd, 2591775.679, 98
Trd, 2591777.496, 106
Trd, 2591777.796, 104
Trd, 2591778.179, 94
Trd, 2591778.213, 87
Trd, 2591778.329, 85
Trd, 2591778.863, 83
Trd, 2591779.913, 84
Trd, 2591781.013, 100
Trd, 2591782.713, 85
Trd, 2591783.629, 100
Trd, 2591784.363, 94
Trd, 2591784.963, 108
Trd, 2591785.363, 89
Trd, 2591786.713, 102
Trd, 2591787.913, 105
Trd, 2591787.946, 107
Trd, 2591788.863, 91
Trd, 2591790.013, 88
Trd, 2591791.696, 92
Trd, 2591791.913, 92
Trd, 2591792.196, 108
Trd, 2591792.679, 109
Trd, 2591793.146, 103
Trd, 2591793.979, 103
Trd, 2591794.396, 118
Trd, 2591795.413, 87
Trd, 2591796.513, 91
Trd, 2591798.496, 87
Trd, 2591798.746, 99
Trd, 2591799.496, 101
Trd, 2591799.763, 97
Trd, 2591800.446, 88
Trd, 2591800.646, 88
Trd, 2591800.863, 105
Trd, 2591801.246, 106
Trd, 2591801.513, 100
Trd, 2591803.746, 106
Trd, 2591806.496, 111
Trd, 2591806.696, 107
Trd, 2591806.963, 113
Trd, 2591807.229, 97
Trd, 2591807.746, 119
Trd, 2591808.296, 122
Trd, 2591808.346, 110
Trd, 2591808.729, 118
Trd, 2591811.263, 89
Trd, 2591811.596, 88
Trd, 2591813.346, 96
Trd, 2591813.463, 97
Trd, 2591814.046, 98
Trd, 2591814.696, 95
Trd, 2591815.629, 95
Trd, 2591817.529, 93
Trd, 2591817.729, 95
Trd, 2591817.796, 91
Trd, 2591819.746, 98
Trd, 2591820.046, 110
Trd, 2591820.996, 93
Trd, 2591821.713, 91
Trd, 2591821.779, 108
Trd, 2591821.796, 115
Trd, 2591822.146, 90
Trd, 2591822.663, 100
Trd, 2591823.646, 89
Trd, 2591823.946, 106
Trd, 2591824.063, 86
Trd, 2591825.029, 94
Trd, 2591825.413, 114
Trd, 2591825.879, 86
Trd, 2591827.963, 119
Trd, 2591828.313, 107
Trd, 2591828.879, 111
Trd, 2591829.513, 88
Trd, 2591829.946, 99
Trd, 2591830.446, 97
Trd, 2591831.179, 95
Trd, 2591831.746, 116
Trd, 2591833.329, 98
Trd, 2591833.713, 98
Trd, 2591833.946, 95
Trd, 2591834.196, 108
Trd, 2591834.979, 91
Trd, 2591835.496, 115
Trd, 2591835.946, 88
Trd, 2591837.779, 102
Trd, 2591837.829, 86
Trd, 2591838.979, 105
Trd, 2591839.546, 115
Trd, 2591839.929, 93
Trd, 2591840.413, 95
Trd, 2591841.446, 98
Trd, 2591841.596, 82
Trd, 2591843.329, 112
Trd, 2591845.296, 114
Trd, 2591845.363, 105
Trd, 2591846.629, 93
Trd, 2591847.029, 110
Trd, 2591847.179, 89
Trd, 2591848.113, 91
Trd, 2591849.329, 90
Trd, 2591850.346, 87
Trd, 2591851.963, 108
Trd, 2591852.046, 104
Trd, 2591852.329, 112
Trd, 2591852.579, 117
Trd, 2591852.996, 102
Trd, 2591853.179, 100
Trd, 2591853.196, 96
Trd, 2591853.346, 122
Trd, 2591854.363, 109
Trd, 2591854.796, 103
Trd, 2591855.029, 97
Trd, 2591855.213, 95
Trd, 2591856.129, 100
Trd, 2591856.363, 101
Trd, 2591856.379, 118
Trd, 2591858.013, 94
Trd, 2591858.379, 88
Trd, 2591859.646, 111
Trd, 2591861.246, 91
Trd, 2591862.246, 90
Trd, 2591862.929, 98
Trd, 2591863.246, 98
Trd, 2591863.396, 101
Trd, 2591863.763, 95
Trd, 2591864.913, 105
Trd, 2591865.146, 99
Trd, 2591865.629, 102
Trd, 2591866.096, 94
Trd, 2591866.463, 91
Trd, 2591867.546, 101
Trd, 2591869.163, 97
Trd, 2591869.563, 89
Trd, 2591870.463, 88
Trd, 2591871.696, 108
Trd, 2591872.763, 110
Trd, 2591872.929, 117
Trd, 2591873.146, 105
Trd, 2591873.479, 120
Trd, 2591873.846, 95
Trd, 2591874.479, 117
Trd, 2591875.363, 122
Trd, 2591877.196, 101
Trd, 2591877.579, 104
Trd, 2591878.796, 105
Trd, 2591878.863, 103
Trd, 2591879.596, 95
Trd, 2591879.746, 92
Trd, 2591880.229, 99
Trd, 2591880.446, 92
Trd, 2591883.096, 93
Trd, 2591883.413, 93
Trd, 2591883.463, 94
Trd, 2591884.113, 94
Trd, 2591885.579, 83
Trd, 2591885.996, 82
Trd, 2591886.546, 100
Trd, 2591886.613, 104
Trd, 2591887.213, 108
Trd, 2591887.696, 92
Trd, 2591888.179, 100
Trd, 2591888.563, 85
Trd, 2591888.679, 102
Trd, 2591889.279, 114
Trd, 2591889.296, 125
Trd, 2591891.263, 99
Trd, 2591891.746, 98
Trd, 2591893.129, 106
Trd, 2591894.596, 92
Trd, 2591896.279, 103
Trd, 2591896.296, 95
Trd, 2591897.113, 111
Trd, 2591897.379, 89
Trd, 2591897.763, 87
Trd, 2591899.013, 112
Trd, 2591900.579, 105
Trd, 2591902.113, 108
Trd, 2591902.429, 102
Trd, 2591903.129, 106
Trd, 2591903.996, 104
Trd, 2591905.179, 101
Trd, 2591905.229, 104
Trd, 2591905.263, 105
Trd, 2591906.096, 97
Trd, 2591906.113, 92
Trd, 2591906.796, 99
Trd, 2591909.529, 102
Trd, 2591910.079, 100
Trd, 2591910.429, 100
Trd, 2591911.096, 101
Trd, 2591911.296, 100
Trd, 2591912.396, 108
Trd, 2591912.796, 94
Trd, 2591913.646, 96
Trd, 2591914.046, 119
Trd, 2591914.546, 101
Trd, 2591914.829, 102
Trd, 2591914.929, 118
Trd, 2591916.529, 108
Trd, 2591916.746, 94
Trd, 2591919.196, 101
Trd, 2591919.846, 102
Trd, 2591919.879, 92
Trd, 2591920.329, 101
Trd, 2591922.396, 103
Trd, 2591923.679, 102
Trd, 2591923.713, 97
Trd, 2591923.979, 97
Trd, 2591924.063, 92
Trd, 2591925.096, 100
Trd, 2591925.396, 108
Trd, 2591925.763, 92
Trd, 2591926.096, 102
Trd, 2591926.246, 103
Trd, 2591926.663, 89
Trd, 2591926.829, 96
Trd, 2591927.029, 108
Trd, 2591928.229, 112
Trd, 2591928.713, 79
Trd, 2591929.429, 101
Trd, 2591929.546, 102
Trd, 2591931.363, 99
Trd, 2591932.829, 91
Trd, 2591933.363, 90
Trd, 2591934.013, 108
Trd, 2591935.296, 91
Trd, 2591935.646, 98
Trd, 2591935.696, 90
Trd, 2591936.279, 87
Trd, 2591936.779, 90
Trd, 2591938.796, 100
Trd, 2591939.613, 108
Trd, 2591939.813, 87
Trd, 2591940.646, 103
Trd, 2591941.929, 97
Trd, 2591942.213, 106
Trd, 2591944.313, 102
Trd, 2591944.796, 96
Trd, 2591946.213, 91
Trd, 2591948.463, 108
Trd, 2591948.829, 98
Trd, 2591949.879, 108
Trd, 2591950.113, 101
Trd, 2591950.663, 104
Trd, 2591952.029, 106
Trd, 2591952.496, 99
Trd, 2591952.879, 107
Trd, 2591953.029, 109
Trd, 2591953.129, 112
Trd, 2591953.896, 99
Trd, 2591954.596, 107
Trd, 2591955.163, 103
Trd, 2591956.046, 116
Trd, 2591957.596, 107
Trd, 2591958.996, 105
Trd, 2591959.229, 103
Trd, 2591960.429, 99
Trd, 2591961.029, 100
Trd, 2591961.879, 101
Trd, 2591963.346, 118
Trd, 2591963.563, 122
Trd, 2591964.063, 104
Trd, 2591964.146, 92
Trd, 2591964.996, 100
Trd, 2591965.813, 94
Trd, 2591967.413, 97
Trd, 2591967.513, 89
Trd, 2591968.146, 87
Trd, 2591968.379, 107
Trd, 2591968.979, 110
Trd, 2591969.129, 84
Trd, 2591971.396, 95
Trd, 2591971.413, 108
Trd, 2591971.996, 94
Trd, 2591973.096, 108
Trd, 2591973.529, 106
Trd, 2591974.163, 103
Trd, 2591975.729, 111
Trd, 2591975.779, 98
Trd, 2591976.046, 112
Trd, 2591976.229, 117
Trd, 2591977.113, 109
Trd, 2591977.663, 116
Trd, 2591978.213, 97
Trd, 2591978.796, 103
Trd, 2591978.929, 109
Trd, 2591980.613, 105
Trd, 2591982.929, 101
Trd, 2591983.063, 92
Trd, 2591983.963, 97
Trd, 2591983.996, 89
Trd, 2591986.396, 90
Trd, 2591986.763, 90
Trd, 2591986.796, 88
Trd, 2591987.096, 106
Trd, 2591988.313, 98
Trd, 2591989.946, 90
Trd, 2591990.013, 88
Trd, 2591990.646, 102
Trd, 2591990.979, 98
Trd, 2591993.013, 101
Trd, 2591993.063, 102
Trd, 2591993.896, 84
Trd, 2591994.646, 108
Trd, 2591995.479, 107
Trd, 2591997.179, 92
Trd, 2591997.596, 107
Trd, 2591998.296, 103
Trd, 2591998.746, 108
