Trd, 2590655.679, 88
Trd, 2590656.596, 112
Trd, 2590656.779, 99
Trd, 2590657.629, 91
Trd, 2590659.129, 98
Trd, 2590659.163, 97
Trd, 2590659.663, 106
Trd, 2590659.729, 115
Trd, 2590660.046, 124
Trd, 2590660.379, 123
Trd, 2590660.779, 89
Trd, 2590661.296, 106
Trd, 2590662.929, 109
Trd, 2590662.946, 107
Trd, 2590663.146, 91
Trd, 2590663.713, 87
Trd, 2590664.679, 86
Trd, 2590665.729, 95
Trd, 2590666.796, 108
Trd, 2590668.063, 111
Trd, 2590668.679, 99
Trd, 2590669.196, 98
Trd, 2590670.929, 109
Trd, 2590671.046, 117
Trd, 2590671.196, 94
Trd, 2590671.746, 110
Trd, 2590672.263, 90
Trd, 2590673.813, 92
Trd, 2590674.913, 92
Trd, 2590675.696, 91
Trd, 2590675.963, 95
Trd, 2590676.079, 86
Trd, 2590676.563, 85
Trd, 2590677.113, 108
Trd, 2590677.763, 110
Trd, 2590678.896, 114
Trd, 2590679.429, 108
Trd, 2590679.663, 106
Trd, 2590680.113, 94
Trd, 2590681.346, 94
Trd, 2590681.996, 89
Trd, 2590682.379, 92
Trd, 2590683.329, 106
Trd, 2590683.763, 115
Trd, 2590683.779, 94
Trd, 2590683.979, 93
Trd, 2590685.129, 115
Trd, 2590685.796, 104
Trd, 2590686.279, 103
Trd, 2590687.463, 100
Trd, 2590689.063, 87
Trd, 2590689.629, 97
Trd, 2590690.029, 115
Trd, 2590691.496, 111
Trd, 2590692.129, 103
Trd, 2590692.496, 109
Trd, 2590692.746, 102
Trd, 2590693.696, 100
Trd, 2590695.746, 109
Trd, 2590696.529, 113
Trd, 2590696.579, 103
Trd, 2590697.313, 92
Trd, 2590697.729, 92
Trd, 2590698.079, 91
Trd, 2590698.879, 95
Trd, 2590698.896, 117
Trd, 2590700.363, 93
Trd, 2590701.079, 101
Trd, 2590701.546, 106
Trd, 2590701.863, 114
Trd, 2590702.296, 97
Trd, 2590702.496, 105
Trd, 2590704.063, 92
Trd, 2590704.279, 91
Trd, 2590705.329, 96
Trd, 2590705.413, 93
Trd, 2590705.563, 103
Trd, 2590706.946, 94
Trd, 2590708.413, 89
Trd, 2590709.829, 87
Trd, 2590710.479, 86
Trd, 2590710.813, 104
Trd, 2590711.513, 111
Trd, 2590711.963, 105
Trd, 2590712.329, 110
Trd, 2590713.563, 109
Trd, 2590713.929, 114
Trd, 2590713.996, 108
Trd, 2590716.413, 107
Trd, 2590716.513, 112
Trd, 2590716.763, 106
Trd, 2590717.363, 112
Trd, 2590717.496, 94
Trd, 2590717.796, 89
Trd, 2590719.346, 106
Trd, 2590719.763, 112
Trd, 2590719.879, 97
Trd, 2590721.096, 94
Trd, 2590721.863, 92
Trd, 2590722.546, 92
Trd, 2590722.696, 112
Trd, 2590722.963, 92
Trd, 2590724.479, 91
Trd, 2590724.896, 89
Trd, 2590725.713, 111
Trd, 2590725.929, 109
Trd, 2590726.846, 93
Trd, 2590727.713, 90
Trd, 2590727.779, 95
Trd, 2590728.279, 89
Trd, 2590730.079, 86
Trd, 2590730.579, 91
Trd, 2590731.013, 91
Trd, 2590732.013, 81
Trd, 2590732.213, 111
Trd, 2590733.063, 80
Trd, 2590733.613, 80
Trd, 2590734.013, 95
Trd, 2590734.346, 96
Trd, 2590735.963, 92
Trd, 2590737.896, 113
Trd, 2590738.113, 112
Trd, 2590738.746, 100
Trd, 2590738.863, 104
Trd, 2590739.379, 94
Trd, 2590740.296, 106
Trd, 2590740.429, 106
Trd, 2590741.063, 102
Trd, 2590741.629, 115
Trd, 2590741.713, 91
Trd, 2590742.163, 94
Trd, 2590742.529, 93
Trd, 2590744.296, 87
Trd, 2590744.646, 103
Trd, 2590746.713, 95
Trd, 2590747.529, 115
Trd, 2590747.813, 87
Trd, 2590748.979, 91
Trd, 2590750.129, 101
Trd, 2590750.813, 91
Trd, 2590751.029, 90
Trd, 2590751.729, 100
Trd, 2590751.963, 108
Trd, 2590752.413, 87
Trd, 2590752.513, 84
Trd, 2590753.646, 91
Trd, 2590753.863, 91
Trd, 2590755.329, 113
Trd, 2590755.663, 111
Trd, 2590755.746, 118
Trd, 2590757.013, 128
Trd, 2590757.313, 112
Trd, 2590757.629, 110
Trd, 2590757.763, 109
Trd, 2590757.963, 108
Trd, 2590761.429, 106
Trd, 2590761.529, 94
Trd, 2590761.763, 91
Trd, 2590763.063, 87
Trd, 2590764.179, 110
Trd, 2590764.846, 106
Trd, 2590765.329, 86
Trd, 2590765.613, 106
Trd, 2590766.429, 96
Trd, 2590766.513, 103
Trd, 2590768.279, 103
Trd, 2590769.996, 112
Trd, 2590770.163, 112
Trd, 2590770.463, 111
Trd, 2590770.813, 112
Trd, 2590770.896, 103
Trd, 2590771.629, 95
Trd, 2590771.896, 99
Trd, 2590772.079, 94
Trd, 2590773.363, 108
Trd, 2590774.629, 92
Trd, 2590774.729, 92
Trd, 2590775.729, 104
Trd, 2590777.213, 107
Trd, 2590777.963, 116
Trd, 2590778.229, 94
Trd, 2590778.713, 108
Trd, 2590779.896, 92
Trd, 2590780.346, 94
Trd, 2590781.346, 106
Trd, 2590782.529, 94
Trd, 2590782.779, 91
Trd, 2590782.796, 85
Trd, 2590782.913, 84
Trd, 2590783.679, 109
Trd, 2590784.263, 100
Trd, 2590784.779, 102
Trd, 2590785.279, 88
Trd, 2590787.179, 87
Trd, 2590788.113, 90
Trd, 2590788.213, 95
Trd, 2590790.246, 103
Trd, 2590791.113, 108
Trd, 2590791.296, 114
Trd, 2590792.529, 111
Trd, 2590793.046, 112
Trd, 2590793.246, 95
Trd, 2590794.229, 92
Trd, 2590794.913, 103
Trd, 2590795.679, 91
Trd, 2590795.796, 109
Trd, 2590795.846, 86
Trd, 2590796.196, 116
Trd, 2590796.696, 88
Trd, 2590796.929, 91
Trd, 2590797.513, 92
Trd, 2590797.696, 90
Trd, 2590798.163, 98
Trd, 2590800.279, 88
Trd, 2590800.679, 92
Trd, 2590802.613, 115
Trd, 2590802.646, 86
Trd, 2590802.913, 115
Trd, 2590803.979, 82
Trd, 2590805.129, 85
Trd, 2590805.396, 83
Trd, 2590805.996, 80
Trd, 2590806.013, 85
Trd, 2590806.063, 80
Trd, 2590807.463, 93
Trd, 2590807.696, 101
Trd, 2590810.146, 100
Trd, 2590810.713, 92
Trd, 2590811.163, 96
Trd, 2590811.479, 96
Trd, 2590812.146, 113
Trd, 2590813.513, 114
Trd, 2590814.079, 117
Trd, 2590814.113, 113
Trd, 2590814.246, 119
Trd, 2590814.429, 103
Trd, 2590816.996, 111
Trd, 2590817.546, 107
Trd, 2590817.996, 94
Trd, 2590818.063, 93
Trd, 2590819.079, 99
Trd, 2590819.479, 93
Trd, 2590819.946, 110
Trd, 2590820.963, 94
Trd, 2590821.163, 91
Trd, 2590821.496, 86
Trd, 2590822.129, 99
Trd, 2590822.746, 81
Trd, 2590824.229, 100
Trd, 2590825.413, 112
Trd, 2590825.613, 115
Trd, 2590826.729, 92
Trd, 2590828.029, 104
Trd, 2590828.046, 110
Trd, 2590828.546, 96
Trd, 2590829.096, 110
Trd, 2590829.263, 94
Trd, 2590829.596, 113
Trd, 2590829.846, 91
Trd, 2590831.629, 97
Trd, 2590832.013, 112
Trd, 2590832.196, 89
Trd, 2590832.279, 88
Trd, 2590832.346, 121
Trd, 2590832.446, 110
Trd, 2590832.813, 103
Trd, 2590832.846, 86
Trd, 2590833.179, 97
Trd, 2590833.429, 86
Trd, 2590834.579, 88
Trd, 2590836.229, 108
Trd, 2590836.496, 93
Trd, 2590838.863, 108
Trd, 2590839.096, 98
Trd, 2590840.229, 112
Trd, 2590841.579, 90
Trd, 2590842.129, 99
Trd, 2590842.313, 117
Trd, 2590843.446, 97
Trd, 2590844.613, 95
Trd, 2590846.379, 98
Trd, 2590846.463, 109
Trd, 2590847.446, 96
Trd, 2590848.979, 104
Trd, 2590849.296, 95
Trd, 2590849.313, 94
Trd, 2590850.929, 92
Trd, 2590851.929, 100
Trd, 2590853.213, 100
Trd, 2590853.463, 93
Trd, 2590853.496, 91
Trd, 2590854.379, 86
Trd, 2590854.946, 94
Trd, 2590855.429, 108
Trd, 2590856.013, 105
Trd, 2590856.179, 114
Trd, 2590857.329, 94
Trd, 2590857.513, 93
Trd, 2590859.996, 91
Trd, 2590860.363, 92
Trd, 2590860.463, 116
Trd, 2590860.629, 86
Trd, 2590861.096, 108
Trd, 2590861.146, 101
Trd, 2590863.146, 98
Trd, 2590864.129, 94
Trd, 2590865.179, 122
Trd, 2590865.979, 115
Trd, 2590866.046, 114
Trd, 2590867.329, 110
Trd, 2590867.729, 106
Trd, 2590868.496, 99
Trd, 2590870.096, 94
Trd, 2590870.196, 96
Trd, 2590870.546, 101
Trd, 2590871.596, 91
Trd, 2590872.446, 99
Trd, 2590872.513, 92
Trd, 2590872.929, 104
Trd, 2590872.946, 91
Trd, 2590873.896, 86
Trd, 2590874.029, 89
Trd, 2590875.013, 96
Trd, 2590875.213, 103
Trd, 2590875.596, 94
Trd, 2590878.429, 99
Trd, 2590879.813, 94
Trd, 2590879.996, 91
Trd, 2590880.279, 105
Trd, 2590880.629, 109
Trd, 2590881.163, 106
Trd, 2590881.346, 98
Trd, 2590881.746, 109
Trd, 2590881.996, 95
Trd, 2590882.813, 117
Trd, 2590884.113, 114
Trd, 2590884.279, 127
Trd, 2590884.913, 126
Trd, 2590884.979, 112
Trd, 2590885.829, 97
Trd, 2590886.363, 87
Trd, 2590886.746, 110
Trd, 2590886.829, 102
Trd, 2590888.179, 88
Trd, 2590888.329, 86
Trd, 2590889.746, 97
Trd, 2590890.379, 92
Trd, 2590890.763, 91
Trd, 2590892.029, 96
Trd, 2590893.563, 93
Trd, 2590894.213, 97
Trd, 2590894.546, 103
Trd, 2590895.113, 92
Trd, 2590895.163, 101
Trd, 2590895.713, 89
Trd, 2590897.529, 93
Trd, 2590898.263, 109
Trd, 2590898.396, 91
Trd, 2590898.929, 88
Trd, 2590899.246, 86
Trd, 2590899.363, 99
Trd, 2590899.579, 84
Trd, 2590900.263, 112
Trd, 2590900.596, 85
Trd, 2590902.913, 114
Trd, 2590904.879, 93
Trd, 2590905.079, 89
Trd, 2590905.346, 87
Trd, 2590905.463, 86
Trd, 2590905.929, 103
Trd, 2590905.979, 94
Trd, 2590906.296, 102
Trd, 2590907.146, 98
Trd, 2590908.096, 114
Trd, 2590909.196, 115
Trd, 2590909.329, 111
Trd, 2590909.879, 112
Trd, 2590910.113, 96
Trd, 2590910.179, 119
Trd, 2590911.529, 91
Trd, 2590912.779, 87
Trd, 2590913.296, 85
Trd, 2590913.713, 107
Trd, 2590914.763, 116
Trd, 2590915.263, 122
Trd, 2590916.046, 119
Trd, 2590917.713, 111
Trd, 2590918.329, 97
Trd, 2590918.696, 91
Trd, 2590919.613, 88
Trd, 2590919.663, 95
Trd, 2590920.763, 108
Trd, 2590921.179, 91
Trd, 2590921.596, 101
Trd, 2590922.346, 106
Trd, 2590922.379, 113
Trd, 2590922.746, 102
Trd, 2590924.446, 110
Trd, 2590924.846, 103
Trd, 2590925.529, 103
Trd, 2590926.129, 92
Trd, 2590926.329, 115
Trd, 2590928.063, 115
Trd, 2590928.113, 95
Trd, 2590929.213, 102
Trd, 2590929.546, 94
Trd, 2590931.913, 114
Trd, 2590932.196, 109
Trd, 2590932.563, 99
Trd, 2590934.546, 111
Trd, 2590934.696, 106
Trd, 2590934.796, 108
Trd, 2590934.863, 105
Trd, 2590935.546, 106
Trd, 2590936.896, 91
Trd, 2590937.579, 111
Trd, 2590938.096, 87
Trd, 2590939.196, 88
Trd, 2590939.996, 108
Trd, 2590940.129, 91
Trd, 2590941.446, 88
Trd, 2590942.313, 103
Trd, 2590942.796, 109
Trd, 2590943.063, 113
Trd, 2590943.846, 110
Trd, 2590945.763, 107
Trd, 2590946.113, 122
Trd, 2590946.179, 100
Trd, 2590946.746, 122
Trd, 2590946.779, 121
Trd, 2590947.029, 91
Trd, 2590947.079, 86
Trd, 2590947.346, 81
Trd, 2590947.746, 81
Trd, 2590947.963, 93
Trd, 2590948.329, 99
Trd, 2590948.863, 83
Trd, 2590949.046, 114
Trd, 2590950.579, 104
Trd, 2590950.896, 94
Trd, 2590951.513, 86
Trd, 2590952.213, 101
Trd, 2590952.463, 123
Trd, 2590953.296, 104
Trd, 2590953.346, 121
Trd, 2590956.663, 107
Trd, 2590956.796, 101
Trd, 2590957.629, 115
Trd, 2590958.796, 95
Trd, 2590959.229, 95
Trd, 2590960.396, 105
Trd, 2590961.663, 105
Trd, 2590962.596, 95
Trd, 2590964.096, 104
Trd, 2590965.046, 94
Trd, 2590966.163, 115
Trd, 2590966.613, 103
Trd, 2590967.429, 97
Trd, 2590967.596, 107
Trd, 2590967.779, 101
Trd, 2590968.179, 87
Trd, 2590968.696, 95
Trd, 2590969.246, 87
Trd, 2590970.363, 115
Trd, 2590970.379, 90
Trd, 2590970.746, 95
Trd, 2590971.829, 99
Trd, 2590971.879, 89
Trd, 2590971.996, 88
Trd, 2590973.796, 94
Trd, 2590976.079, 122
Trd, 2590976.396, 112
Trd, 2590977.329, 100
Trd, 2590978.829, 93
Trd, 2590979.613, 108
Trd, 2590979.896, 92
Trd, 2590980.596, 109
Trd, 2590980.863, 91
Trd, 2590981.146, 107
Trd, 2590981.463, 112
Trd, 2590982.146, 92
Trd, 2590984.379, 92
Trd, 2590984.663, 91
Trd, 2590985.663, 88
Trd, 2590986.079, 91
Trd, 2590986.396, 88
Trd, 2590988.029, 117
Trd, 2590988.213, 114
Trd, 2590988.296, 90
Trd, 2590989.613, 84
Trd, 2590990.129, 100
Trd, 2590991.179, 98
Trd, 2590991.579, 94
Trd, 2590991.979, 108
Trd, 2590992.946, 122
Trd, 2590994.229, 110
Trd, 2590994.446, 110
Trd, 2590994.646, 111
Trd, 2590994.996, 108
Trd, 2590995.296, 101
Trd, 2590995.496, 94
Trd, 2590995.996, 108
Trd, 2590996.846, 94
Trd, 2590999.429, 118
Trd, 2591000.796, 95
Trd, 2591001.196, 91
Trd, 2591001.929, 86
Trd, 2591003.179, 86
Trd, 2591003.296, 115
Trd, 2591003.479, 108
Trd, 2591003.629, 113
Trd, 2591005.379, 96
Trd, 2591005.479, 95
Trd, 2591006.579, 111
Trd, 2591007.113, 98
Trd, 2591008.213, 105
Trd, 2591009.196, 94
Trd, 2591009.929, 94
Trd, 2591011.146, 94
Trd, 2591011.563, 100
Trd, 2591012.996, 98
Trd, 2591014.313, 97
Trd, 2591014.863, 109
Trd, 2591015.463, 102
Trd, 2591015.979, 94
Trd, 2591016.446, 94
Trd, 2591016.663, 91
Trd, 2591016.679, 115
Trd, 2591017.679, 88
Trd, 2591018.029, 87
Trd, 2591018.246, 102
Trd, 2591019.196, 93
Trd, 2591020.579, 108
Trd, 2591021.113, 119
Trd, 2591021.546, 106
Trd, 2591021.663, 100
Trd, 2591022.496, 99
Trd, 2591022.679, 103
Trd, 2591023.346, 115
Trd, 2591024.129, 106
Trd, 2591024.246, 88
Trd, 2591025.663, 87
Trd, 2591025.913, 84
Trd, 2591026.263, 108
Trd, 2591028.113, 98
Trd, 2591028.346, 98
Trd, 2591029.679, 102
Trd, 2591030.213, 92
Trd, 2591031.113, 93
Trd, 2591031.179, 109
Trd, 2591031.829, 86
Trd, 2591032.746, 115
Trd, 2591033.479, 110
Trd, 2591033.796, 105
Trd, 2591034.129, 92
Trd, 2591034.896, 87
Trd, 2591036.046, 88
Trd, 2591036.363, 87
Trd, 2591037.746, 111
Trd, 2591037.896, 115
Trd, 2591038.829, 91
Trd, 2591040.229, 102
Trd, 2591040.696, 92
Trd, 2591040.946, 114
Trd, 2591041.363, 117
Trd, 2591041.779, 112
Trd, 2591042.313, 104
Trd, 2591042.446, 86
Trd, 2591042.896, 89
Trd, 2591043.629, 95
Trd, 2591044.013, 102
Trd, 2591044.813, 79
Trd, 2591045.213, 100
Trd, 2591046.429, 82
Trd, 2591047.379, 91
Trd, 2591047.796, 95
Trd, 2591048.263, 101
Trd, 2591048.279, 85
Trd, 2591048.546, 109
Trd, 2591051.146, 97
Trd, 2591051.879, 98
Trd, 2591054.663, 99
Trd, 2591054.763, 112
Trd, 2591054.846, 94
Trd, 2591055.846, 100
Trd, 2591056.613, 86
Trd, 2591057.363, 92
Trd, 2591057.929, 88
Trd, 2591059.029, 108
Trd, 2591059.379, 114
Trd, 2591059.913, 90
Trd, 2591060.096, 90
Trd, 2591060.179, 115
Trd, 2591060.746, 120
Trd, 2591061.546, 102
Trd, 2591062.229, 121
Trd, 2591063.796, 108
Trd, 2591064.163, 107
Trd, 2591064.446, 103
Trd, 2591065.279, 93
Trd, 2591066.279, 108
Trd, 2591066.663, 101
Trd, 2591067.163, 92
Trd, 2591067.813, 117
Trd, 2591068.363, 107
Trd, 2591070.146, 119
Trd, 2591071.329, 109
Trd, 2591071.946, 96
Trd, 2591072.013, 107
Trd, 2591072.546, 117
Trd, 2591072.846, 94
Trd, 2591073.963, 92
Trd, 2591074.929, 104
Trd, 2591075.579, 117
Trd, 2591075.863, 92
Trd, 2591077.363, 91
Trd, 2591077.446, 114
Trd, 2591077.879, 94
Trd, 2591077.913, 93
Trd, 2591078.396, 111
Trd, 2591078.879, 105
Trd, 2591079.063, 88
Trd, 2591079.796, 89
Trd, 2591080.796, 108
Trd, 2591081.629, 115
Trd, 2591081.729, 116
Trd, 2591082.313, 108
Trd, 2591082.929, 108
Trd, 2591084.213, 108
Trd, 2591084.263, 104
Trd, 2591085.229, 113
Trd, 2591086.279, 102
Trd, 2591086.796, 117
Trd, 2591086.829, 94
Trd, 2591088.013, 97
Trd, 2591088.096, 118
Trd, 2591088.363, 91
Trd, 2591088.563, 87
Trd, 2591089.213, 87
Trd, 2591089.946, 98
Trd, 2591090.746, 88
Trd, 2591092.046, 91
Trd, 2591092.813, 94
Trd, 2591093.663, 95
Trd, 2591094.696, 109
Trd, 2591095.513, 108
Trd, 2591095.529, 103
Trd, 2591096.063, 94
Trd, 2591097.213, 91
Trd, 2591097.579, 90
Trd, 2591097.896, 86
Trd, 2591098.196, 106
Trd, 2591098.963, 105
Trd, 2591099.763, 103
Trd, 2591101.229, 115
Trd, 2591101.529, 98
Trd, 2591101.879, 112
Trd, 2591102.596, 95
Trd, 2591102.813, 95
Trd, 2591103.763, 94
Trd, 2591104.579, 102
Trd, 2591104.596, 86
Trd, 2591105.313, 102
Trd, 2591105.663, 109
Trd, 2591107.263, 107
Trd, 2591107.963, 92
Trd, 2591110.313, 121
Trd, 2591110.596, 100
Trd, 2591111.496, 102
Trd, 2591111.829, 101
Trd, 2591111.896, 97
Trd, 2591112.063, 94
Trd, 2591113.579, 92
Trd, 2591114.713, 108
Trd, 2591114.863, 91
Trd, 2591115.129, 113
Trd, 2591115.896, 95
Trd, 2591116.663, 91
Trd, 2591118.579, 92
Trd, 2591119.129, 96
Trd, 2591119.629, 105
Trd, 2591120.096, 95
Trd, 2591121.813, 95
Trd, 2591122.879, 95
Trd, 2591123.013, 94
Trd, 2591124.563, 92
Trd, 2591125.063, 91
Trd, 2591125.579, 105
Trd, 2591126.679, 97
Trd, 2591127.563, 97
Trd, 2591128.063, 89
Trd, 2591128.513, 97
Trd, 2591128.596, 107
Trd, 2591129.646, 116
Trd, 2591131.713, 109
Trd, 2591131.913, 112
Trd, 2591132.946, 100
Trd, 2591134.296, 113
Trd, 2591134.429, 112
Trd, 2591135.713, 103
Trd, 2591136.363, 94
Trd, 2591136.846, 97
Trd, 2591137.079, 91
Trd, 2591137.563, 107
Trd, 2591139.879, 91
Trd, 2591140.013, 88
Trd, 2591140.646, 99
Trd, 2591140.846, 89
Trd, 2591141.513, 100
Trd, 2591143.113, 108
Trd, 2591143.713, 108
Trd, 2591144.029, 111
Trd, 2591145.896, 106
Trd, 2591146.096, 105
Trd, 2591146.346, 96
Trd, 2591147.379, 96
Trd, 2591147.813, 95
Trd, 2591148.729, 94
Trd, 2591149.213, 98
Trd, 2591149.346, 93
Trd, 2591149.446, 118
Trd, 2591150.213, 104
Trd, 2591150.929, 91
Trd, 2591153.113, 90
Trd, 2591153.713, 95
Trd, 2591153.813, 92
Trd, 2591154.013, 114
Trd, 2591155.779, 90
Trd, 2591156.446, 95
Trd, 2591156.896, 94
Trd, 2591160.396, 109
Trd, 2591160.613, 108
Trd, 2591160.713, 112
Trd, 2591160.979, 108
Trd, 2591161.296, 102
Trd, 2591161.379, 105
Trd, 2591161.429, 108
Trd, 2591161.763, 94
Trd, 2591162.113, 94
Trd, 2591162.196, 88
Trd, 2591162.246, 86
Trd, 2591162.479, 115
Trd, 2591162.646, 107
Trd, 2591164.996, 121
Trd, 2591165.513, 122
Trd, 2591166.663, 133
Trd, 2591166.896, 112
Trd, 2591167.446, 107
Trd, 2591167.663, 105
Trd, 2591168.013, 104
Trd, 2591168.079, 110
Trd, 2591168.596, 92
Trd, 2591170.379, 105
Trd, 2591170.913, 94
Trd, 2591171.729, 92
Trd, 2591171.863, 91
Trd, 2591174.063, 99
Trd, 2591174.379, 97
Trd, 2591174.863, 90
Trd, 2591175.413, 111
Trd, 2591175.796, 82
Trd, 2591176.146, 85
Trd, 2591177.629, 116
Trd, 2591178.713, 97
Trd, 2591179.313, 102
Trd, 2591179.529, 86
Trd, 2591179.546, 84
Trd, 2591180.413, 81
Trd, 2591181.246, 96
Trd, 2591181.713, 96
Trd, 2591186.996, 119
Trd, 2591187.729, 115
Trd, 2591187.896, 113
Trd, 2591188.329, 112
Trd, 2591189.029, 120
Trd, 2591189.113, 106
Trd, 2591190.013, 125
Trd, 2591190.246, 110
Trd, 2591190.496, 109
Trd, 2591190.663, 104
Trd, 2591191.363, 117
Trd, 2591191.813, 96
Trd, 2591192.163, 91
Trd, 2591192.896, 112
Trd, 2591193.963, 90
Trd, 2591194.113, 102
Trd, 2591194.813, 108
Trd, 2591196.529, 99
Trd, 2591196.829, 97
Trd, 2591197.479, 92
Trd, 2591198.129, 101
Trd, 2591198.729, 95
Trd, 2591199.779, 96
Trd, 2591199.963, 93
Trd, 2591200.296, 93
Trd, 2591200.329, 91
Trd, 2591201.313, 107
Trd, 2591201.479, 110
Trd, 2591202.629, 112
Trd, 2591203.779, 107
Trd, 2591204.363, 115
Trd, 2591205.813, 119
Trd, 2591206.629, 107
Trd, 2591207.363, 106
Trd, 2591208.179, 98
Trd, 2591208.563, 117
Trd, 2591209.863, 95
Trd, 2591211.096, 102
Trd, 2591211.113, 101
Trd, 2591211.946, 94
Trd, 2591211.996, 91
Trd, 2591213.313, 98
Trd, 2591213.846, 86
Trd, 2591213.913, 102
Trd, 2591214.479, 94
Trd, 2591214.713, 110
Trd, 2591215.229, 114
Trd, 2591215.863, 98
Trd, 2591216.263, 91
Trd, 2591218.029, 92
Trd, 2591218.329, 87
Trd, 2591218.413, 122
Trd, 2591219.046, 94
Trd, 2591220.696, 99
Trd, 2591220.713, 96
Trd, 2591221.546, 95
Trd, 2591221.763, 92
Trd, 2591223.196, 89
Trd, 2591223.579, 93
Trd, 2591224.146, 81
Trd, 2591226.163, 83
Trd, 2591226.713, 81
Trd, 2591227.013, 105
Trd, 2591227.613, 80
Trd, 2591228.313, 108
Trd, 2591229.046, 113
Trd, 2591229.313, 107
Trd, 2591229.613, 94
Trd, 2591230.529, 102
Trd, 2591231.596, 109
Trd, 2591231.679, 98
Trd, 2591232.696, 92
Trd, 2591232.713, 115
Trd, 2591233.129, 100
Trd, 2591234.379, 122
Trd, 2591234.713, 109
Trd, 2591236.979, 117
Trd, 2591237.363, 113
Trd, 2591238.796, 113
Trd, 2591239.263, 115
Trd, 2591239.313, 112
Trd, 2591239.463, 104
Trd, 2591240.413, 94
Trd, 2591240.796, 98
Trd, 2591241.013, 92
Trd, 2591241.646, 88
Trd, 2591241.663, 109
Trd, 2591242.546, 86
Trd, 2591242.646, 112
Trd, 2591242.913, 84
Trd, 2591243.129, 84
Trd, 2591244.346, 88
Trd, 2591245.029, 81
Trd, 2591246.413, 94
Trd, 2591247.613, 86
Trd, 2591248.546, 92
Trd, 2591248.863, 93
Trd, 2591249.429, 106
Trd, 2591249.863, 109
Trd, 2591251.663, 83
Trd, 2591252.596, 105
Trd, 2591253.496, 98
Trd, 2591253.813, 98
Trd, 2591253.879, 116
Trd, 2591254.446, 110
Trd, 2591254.479, 109
Trd, 2591256.513, 86
Trd, 2591256.546, 91
Trd, 2591258.129, 94
Trd, 2591258.463, 114
Trd, 2591258.779, 95
Trd, 2591259.446, 116
Trd, 2591259.763, 118
Trd, 2591259.846, 107
Trd, 2591260.346, 84
Trd, 2591261.013, 97
Trd, 2591261.296, 82
Trd, 2591263.163, 101
Trd, 2591263.413, 94
Trd, 2591263.746, 89
Trd, 2591265.496, 86
Trd, 2591265.729, 110
Trd, 2591265.846, 79
Trd, 2591266.379, 98
Trd, 2591268.146, 98
Trd, 2591268.663, 92
Trd, 2591269.263, 109
Trd, 2591269.829, 115
Trd, 2591269.863, 108
Trd, 2591269.929, 104
Trd, 2591271.313, 94
Trd, 2591271.413, 94
Trd, 2591272.679, 95
Trd, 2591272.763, 96
Trd, 2591273.696, 97
Trd, 2591274.679, 108
Trd, 2591274.779, 98
Trd, 2591276.079, 91
Trd, 2591277.096, 102
Trd, 2591277.179, 86
Trd, 2591277.363, 115
Trd, 2591277.613, 78
Trd, 2591278.246, 75
Trd, 2591279.496, 116
Trd, 2591279.963, 104
Trd, 2591280.346, 98
Trd, 2591281.813, 99
Trd, 2591283.096, 113
Trd, 2591283.763, 101
Trd, 2591283.963, 94
Trd, 2591284.163, 91
Trd, 2591284.663, 114
Trd, 2591286.979, 95
Trd, 2591287.046, 114
Trd, 2591287.879, 89
Trd, 2591288.096, 107
Trd, 2591288.846, 89
Trd, 2591289.329, 96
Trd, 2591290.646, 87
Trd, 2591291.079, 86
Trd, 2591291.096, 111
Trd, 2591292.213, 101
Trd, 2591292.463, 114
Trd, 2591292.979, 96
Trd, 2591294.946, 95
Trd, 2591295.279, 94
Trd, 2591295.796, 101
Trd, 2591297.013, 94
Trd, 2591297.296, 87
Trd, 2591297.496, 86
Trd, 2591299.446, 87
Trd, 2591300.846, 112
Trd, 2591300.913, 107
Trd, 2591301.096, 101
Trd, 2591301.546, 102
Trd, 2591301.696, 113
Trd, 2591301.846, 99
Trd, 2591302.096, 93
Trd, 2591302.346, 91
Trd, 2591302.913, 104
Trd, 2591303.529, 118
Trd, 2591303.946, 92
Trd, 2591304.213, 106
Trd, 2591305.929, 112
Trd, 2591306.579, 89
Trd, 2591306.813, 109
Trd, 2591309.796, 110
Trd, 2591310.229, 109
Trd, 2591310.463, 96
Trd, 2591310.596, 95
Trd, 2591312.463, 120
Trd, 2591313.329, 108
Trd, 2591313.413, 103
Trd, 2591314.679, 96
Trd, 2591316.029, 121
Trd, 2591316.229, 94
Trd, 2591318.329, 93
Trd, 2591319.029, 89
Trd, 2591319.196, 104
Trd, 2591319.996, 88
Trd, 2591320.813, 89
Trd, 2591320.863, 87
Trd, 2591321.479, 86
Trd, 2591322.413, 81
Trd, 2591323.029, 101
Trd, 2591323.046, 99
Trd, 2591323.263, 102
Trd, 2591323.629, 98
Trd, 2591324.229, 109
Trd, 2591324.496, 89
Trd, 2591324.979, 97
Trd, 2591325.879, 106
Trd, 2591326.413, 113
Trd, 2591326.629, 94
Trd, 2591327.113, 104
Trd, 2591327.679, 115
Trd, 2591327.979, 107
Trd, 2591330.013, 110
Trd, 2591331.479, 108
Trd, 2591331.579, 101
Trd, 2591333.963, 101
Trd, 2591334.129, 99
Trd, 2591335.063, 94
Trd, 2591335.113, 93
Trd, 2591336.296, 103
Trd, 2591336.446, 90
Trd, 2591337.279, 113
Trd, 2591337.796, 97
Trd, 2591338.479, 104
Trd, 2591338.629, 119
Trd, 2591339.496, 102
Trd, 2591340.579, 113
Trd, 2591340.613, 92
Trd, 2591341.279, 122
Trd, 2591342.529, 99
Trd, 2591342.813, 93
Trd, 2591343.613, 91
Trd, 2591343.846, 94
Trd, 2591343.863, 98
Trd, 2591344.813, 103
Trd, 2591345.113, 112
Trd, 2591345.263, 95
Trd, 2591346.396, 105
Trd, 2591349.113, 110
Trd, 2591349.313, 96
Trd, 2591349.696, 105
Trd, 2591350.629, 94
Trd, 2591350.729, 118
Trd, 2591351.179, 93
Trd, 2591353.663, 99
Trd, 2591354.213, 108
Trd, 2591354.379, 98
Trd, 2591354.563, 95
Trd, 2591355.146, 85
Trd, 2591355.213, 85
Trd, 2591356.096, 93
Trd, 2591356.313, 92
Trd, 2591356.679, 91
Trd, 2591358.296, 85
Trd, 2591358.479, 106
Trd, 2591358.679, 88
Trd, 2591360.396, 112
Trd, 2591361.129, 111
Trd, 2591362.529, 109
Trd, 2591362.729, 108
Trd, 2591364.046, 94
Trd, 2591364.196, 95
Trd, 2591364.379, 81
Trd, 2591364.796, 96
Trd, 2591365.129, 81
Trd, 2591365.529, 82
Trd, 2591365.879, 81
Trd, 2591366.613, 117
Trd, 2591366.963, 88
Trd, 2591367.879, 87
Trd, 2591370.163, 94
Trd, 2591370.263, 89
Trd, 2591370.746, 97
Trd, 2591371.029, 99
Trd, 2591371.213, 108
Trd, 2591371.413, 110
Trd, 2591372.329, 100
Trd, 2591372.813, 90
Trd, 2591374.113, 98
Trd, 2591374.529, 111
Trd, 2591374.813, 116
Trd, 2591375.646, 107
Trd, 2591376.246, 93
Trd, 2591376.396, 108
Trd, 2591377.313, 99
Trd, 2591378.929, 94
Trd, 2591379.113, 93
Trd, 2591380.163, 91
Trd, 2591380.663, 114
Trd, 2591380.713, 86
Trd, 2591382.229, 117
Trd, 2591382.629, 121
Trd, 2591383.179, 106
Trd, 2591384.446, 108
Trd, 2591384.696, 113
Trd, 2591385.063, 96
Trd, 2591386.696, 113
Trd, 2591386.979, 112
Trd, 2591387.663, 91
Trd, 2591388.063, 93
Trd, 2591390.096, 101
Trd, 2591390.213, 94
Trd, 2591390.396, 99
Trd, 2591390.663, 118
Trd, 2591391.913, 93
Trd, 2591393.029, 117
Trd, 2591394.229, 86
Trd, 2591395.029, 94
Trd, 2591395.163, 102
Trd, 2591396.663, 85
Trd, 2591397.046, 81
Trd, 2591397.896, 86
Trd, 2591397.913, 80
Trd, 2591399.029, 94
Trd, 2591399.196, 81
Trd, 2591400.629, 111
Trd, 2591402.379, 107
Trd, 2591402.779, 108
Trd, 2591403.346, 108
Trd, 2591403.546, 97
Trd, 2591403.563, 102
Trd, 2591404.496, 92
Trd, 2591405.246, 117
Trd, 2591406.013, 94
Trd, 2591406.679, 104
Trd, 2591408.096, 95
Trd, 2591408.163, 91
Trd, 2591408.396, 97
Trd, 2591408.696, 86
Trd, 2591408.829, 84
Trd, 2591409.546, 99
Trd, 2591409.596, 112
Trd, 2591410.929, 111
Trd, 2591411.129, 96
Trd, 2591411.446, 115
Trd, 2591412.996, 102
Trd, 2591413.213, 99
Trd, 2591414.146, 105
Trd, 2591414.979, 102
Trd, 2591415.263, 101
Trd, 2591416.696, 94
Trd, 2591417.063, 120
Trd, 2591417.963, 106
Trd, 2591419.463, 112
Trd, 2591420.029, 108
Trd, 2591420.279, 99
Trd, 2591420.346, 96
Trd, 2591420.379, 94
Trd, 2591420.846, 113
Trd, 2591421.663, 115
Trd, 2591422.129, 112
Trd, 2591422.446, 93
Trd, 2591422.896, 116
Trd, 2591424.263, 122
Trd, 2591425.196, 105
Trd, 2591425.613, 113
Trd, 2591426.013, 119
Trd, 2591426.279, 91
Trd, 2591427.846, 108
Trd, 2591428.013, 104
Trd, 2591430.079, 104
Trd, 2591430.363, 117
Trd, 2591430.846, 103
Trd, 2591430.863, 101
Trd, 2591432.029, 94
Trd, 2591432.063, 91
Trd, 2591432.396, 87
Trd, 2591433.813, 110
Trd, 2591434.029, 104
Trd, 2591434.113, 109
Trd, 2591434.863, 100
Trd, 2591436.663, 96
Trd, 2591436.796, 92
Trd, 2591437.063, 115
Trd, 2591437.363, 121
Trd, 2591438.179, 108
Trd, 2591439.096, 91
Trd, 2591439.879, 114
Trd, 2591439.996, 111
Trd, 2591440.013, 109
Trd, 2591442.913, 98
Trd, 2591443.113, 108
Trd, 2591443.296, 93
Trd, 2591443.813, 105
Trd, 2591445.096, 91
Trd, 2591446.029, 93
Trd, 2591446.346, 113
Trd, 2591448.246, 95
Trd, 2591448.429, 92
Trd, 2591448.663, 91
Trd, 2591448.813, 109
Trd, 2591448.929, 88
Trd, 2591450.279, 84
Trd, 2591451.329, 101
Trd, 2591452.246, 114
Trd, 2591452.379, 109
Trd, 2591452.646, 108
Trd, 2591452.863, 103
Trd, 2591454.979, 91
Trd, 2591455.396, 101
Trd, 2591456.996, 93
Trd, 2591458.279, 98
Trd, 2591458.529, 94
Trd, 2591458.913, 102
Trd, 2591459.029, 98
Trd, 2591460.446, 96
Trd, 2591460.863, 94
Trd, 2591461.096, 103
Trd, 2591461.779, 92
Trd, 2591462.829, 91
Trd, 2591464.129, 91
Trd, 2591464.579, 97
Trd, 2591464.596, 98
Trd, 2591464.646, 108
Trd, 2591464.963, 88
Trd, 2591466.179, 112
Trd, 2591467.029, 113
Trd, 2591467.546, 110
Trd, 2591467.996, 101
Trd, 2591469.529, 96
Trd, 2591470.646, 102
Trd, 2591472.213, 108
Trd, 2591472.263, 107
Trd, 2591474.063, 96
Trd, 2591474.663, 96
Trd, 2591475.196, 97
Trd, 2591477.896, 91
Trd, 2591478.096, 107
Trd, 2591478.146, 118
Trd, 2591478.329, 100
Trd, 2591478.696, 113
Trd, 2591479.946, 98
Trd, 2591480.179, 96
Trd, 2591480.296, 95
Trd, 2591480.796, 94
Trd, 2591481.046, 87
Trd, 2591481.163, 100
Trd, 2591482.329, 109
Trd, 2591483.363, 116
Trd, 2591485.079, 112
Trd, 2591485.513, 109
Trd, 2591485.846, 98
Trd, 2591486.163, 105
Trd, 2591486.496, 92
Trd, 2591488.146, 91
Trd, 2591489.529, 90
Trd, 2591490.363, 88
Trd, 2591490.446, 108
Trd, 2591490.763, 87
Trd, 2591491.529, 117
Trd, 2591491.979, 100
Trd, 2591492.279, 94
Trd, 2591495.363, 95
Trd, 2591495.779, 95
Trd, 2591495.813, 109
Trd, 2591498.946, 106
Trd, 2591499.463, 101
Trd, 2591499.746, 93
Trd, 2591500.146, 101
Trd, 2591500.629, 117
Trd, 2591501.163, 99
Trd, 2591501.763, 115
Trd, 2591502.429, 97
Trd, 2591502.646, 94
Trd, 2591503.829, 91
Trd, 2591503.946, 88
Trd, 2591504.613, 112
Trd, 2591506.029, 103
Trd, 2591508.729, 105
Trd, 2591509.613, 101
Trd, 2591509.746, 99
Trd, 2591510.063, 108
Trd, 2591511.129, 103
Trd, 2591511.696, 104
Trd, 2591513.063, 94
Trd, 2591513.346, 101
Trd, 2591513.413, 100
Trd, 2591514.129, 91
Trd, 2591514.263, 91
Trd, 2591514.863, 89
Trd, 2591516.829, 89
Trd, 2591516.996, 88
Trd, 2591517.029, 106
Trd, 2591518.096, 90
Trd, 2591518.996, 95
Trd, 2591519.329, 89
Trd, 2591519.779, 101
Trd, 2591520.379, 107
Trd, 2591521.096, 89
Trd, 2591521.729, 102
Trd, 2591522.313, 102
Trd, 2591522.996, 103
Trd, 2591523.579, 94
Trd, 2591523.763, 95
Trd, 2591524.146, 117
Trd, 2591525.129, 98
Trd, 2591525.263, 97
Trd, 2591525.313, 93
Trd, 2591527.463, 107
Trd, 2591528.129, 108
Trd, 2591529.479, 103
Trd, 2591530.063, 102
Trd, 2591530.946, 91
Trd, 2591531.046, 87
Trd, 2591531.429, 86
Trd, 2591531.463, 81
Trd, 2591531.646, 111
Trd, 2591531.763, 98
Trd, 2591534.813, 90
Trd, 2591535.363, 114
Trd, 2591535.829, 92
Trd, 2591536.229, 117
Trd, 2591537.679, 111
Trd, 2591538.179, 104
Trd, 2591539.063, 94
Trd, 2591539.346, 91
Trd, 2591539.679, 96
Trd, 2591540.879, 108
Trd, 2591540.996, 92
Trd, 2591541.796, 98
Trd, 2591542.729, 96
Trd, 2591543.013, 92
Trd, 2591543.079, 88
Trd, 2591543.379, 122
Trd, 2591545.413, 94
Trd, 2591546.363, 100
Trd, 2591547.313, 105
Trd, 2591548.146, 97
Trd, 2591548.646, 121
Trd, 2591549.163, 104
Trd, 2591550.213, 107
Trd, 2591550.413, 104
Trd, 2591551.079, 100
Trd, 2591551.313, 94
Trd, 2591551.613, 118
Trd, 2591551.713, 91
Trd, 2591552.763, 113
Trd, 2591553.546, 87
Trd, 2591554.063, 109
Trd, 2591554.313, 118
Trd, 2591554.996, 111
Trd, 2591556.246, 112
Trd, 2591556.879, 95
Trd, 2591558.179, 118
Trd, 2591558.263, 117
Trd, 2591558.296, 102
Trd, 2591558.746, 101
Trd, 2591559.896, 86
Trd, 2591560.379, 80
Trd, 2591560.496, 79
Trd, 2591563.163, 113
Trd, 2591563.213, 89
Trd, 2591563.829, 104
Trd, 2591564.396, 87
Trd, 2591564.429, 92
Trd, 2591564.613, 115
Trd, 2591565.179, 86
Trd, 2591565.979, 98
Trd, 2591566.063, 117
Trd, 2591566.729, 86
Trd, 2591568.596, 107
Trd, 2591569.679, 99
Trd, 2591571.163, 102
Trd, 2591571.229, 110
Trd, 2591572.946, 95
Trd, 2591573.246, 88
Trd, 2591573.763, 86
Trd, 2591575.546, 110
Trd, 2591576.229, 90
Trd, 2591576.646, 98
Trd, 2591576.896, 88
Trd, 2591577.979, 110
Trd, 2591578.163, 91
Trd, 2591578.563, 112
Trd, 2591579.229, 107
Trd, 2591580.213, 110
Trd, 2591580.479, 96
Trd, 2591580.913, 106
Trd, 2591581.563, 111
Trd, 2591581.696, 86
Trd, 2591583.229, 88
Trd, 2591584.029, 90
Trd, 2591584.529, 85
Trd, 2591586.013, 92
Trd, 2591587.129, 91
Trd, 2591587.179, 110
Trd, 2591588.646, 94
Trd, 2591589.046, 117
Trd, 2591589.279, 94
Trd, 2591589.696, 93
Trd, 2591590.779, 91
Trd, 2591591.396, 107
Trd, 2591592.746, 112
Trd, 2591592.963, 106
Trd, 2591593.663, 104
Trd, 2591594.763, 95
Trd, 2591595.079, 96
Trd, 2591595.613, 101
Trd, 2591596.163, 90
Trd, 2591596.246, 86
Trd, 2591597.179, 102
Trd, 2591598.046, 103
Trd, 2591600.413, 97
Trd, 2591600.496, 96
Trd, 2591600.663, 91
Trd, 2591601.246, 110
Trd, 2591601.813, 95
Trd, 2591602.279, 107
Trd, 2591602.496, 91
Trd, 2591603.196, 97
Trd, 2591604.296, 108
Trd, 2591604.763, 109
Trd, 2591605.096, 107
Trd, 2591605.129, 100
Trd, 2591605.213, 116
Trd, 2591605.379, 121
Trd, 2591606.663, 93
Trd, 2591610.129, 91
Trd, 2591610.263, 95
Trd, 2591610.379, 95
Trd, 2591610.613, 83
Trd, 2591610.829, 82
Trd, 2591611.129, 100
Trd, 2591611.846, 101
Trd, 2591612.196, 119
Trd, 2591614.396, 91
Trd, 2591616.429, 115
Trd, 2591617.213, 117
Trd, 2591617.679, 112
Trd, 2591617.913, 109
Trd, 2591618.629, 95
Trd, 2591618.929, 105
Trd, 2591619.413, 94
Trd, 2591619.879, 107
Trd, 2591620.013, 94
Trd, 2591620.113, 92
Trd, 2591621.463, 115
Trd, 2591623.313, 101
Trd, 2591623.629, 107
Trd, 2591624.529, 110
Trd, 2591624.846, 97
Trd, 2591625.029, 94
Trd, 2591625.046, 93
Trd, 2591626.296, 94
Trd, 2591626.463, 109
Trd, 2591626.746, 91
Trd, 2591626.979, 83
Trd, 2591627.929, 94
Trd, 2591628.796, 96
Trd, 2591630.213, 103
Trd, 2591630.413, 93
Trd, 2591630.496, 112
Trd, 2591630.996, 104
Trd, 2591631.663, 94
Trd, 2591631.863, 118
Trd, 2591632.779, 111
Trd, 2591634.246, 111
Trd, 2591634.513, 103
Trd, 2591635.779, 121
Trd, 2591636.546, 120
Trd, 2591637.929, 115
Trd, 2591640.079, 120
Trd, 2591640.329, 95
Trd, 2591640.779, 92
Trd, 2591641.263, 115
Trd, 2591641.396, 99
Trd, 2591641.879, 106
Trd, 2591642.546, 98
Trd, 2591644.329, 91
Trd, 2591645.129, 108
Trd, 2591645.646, 93
Trd, 2591646.763, 103
Trd, 2591647.663, 101
Trd, 2591647.963, 94
Trd, 2591648.013, 91
Trd, 2591648.496, 105
Trd, 2591649.746, 98
Trd, 2591650.746, 98
Trd, 2591651.946, 95
Trd, 2591653.029, 101
Trd, 2591653.313, 109
Trd, 2591653.446, 96
Trd, 2591653.613, 109
Trd, 2591653.796, 112
Trd, 2591653.879, 101
Trd, 2591655.013, 97
Trd, 2591655.229, 96
Trd, 2591655.496, 94
Trd, 2591656.446, 91
Trd, 2591656.579, 92
Trd, 2591658.546, 100
Trd, 2591659.496, 89
Trd, 2591661.113, 113
Trd, 2591661.846, 101
Trd, 2591661.996, 114
Trd, 2591662.563, 88
Trd, 2591663.196, 105
Trd, 2591663.563, 112
Trd, 2591663.796, 107
Trd, 2591664.246, 115
Trd, 2591664.296, 102
Trd, 2591664.729, 108
Trd, 2591667.329, 104
Trd, 2591667.579, 103
Trd, 2591668.829, 92
Trd, 2591670.446, 97
Trd, 2591670.796, 94
Trd, 2591671.313, 91
Trd, 2591671.846, 101
Trd, 2591672.279, 109
Trd, 2591672.879, 100
Trd, 2591673.196, 87
Trd, 2591673.896, 101
Trd, 2591676.363, 101
Trd, 2591676.763, 91
Trd, 2591677.296, 100
Trd, 2591678.696, 98
Trd, 2591678.896, 90
Trd, 2591679.113, 115
Trd, 2591680.296, 101
Trd, 2591680.529, 86
Trd, 2591681.446, 89
Trd, 2591681.696, 114
Trd, 2591682.363, 101
Trd, 2591683.229, 91
Trd, 2591683.863, 99
Trd, 2591684.079, 89
Trd, 2591684.646, 91
Trd, 2591686.513, 114
Trd, 2591686.846, 108
Trd, 2591688.113, 97
Trd, 2591688.163, 86
Trd, 2591688.429, 85
Trd, 2591689.596, 102
Trd, 2591691.146, 102
Trd, 2591691.163, 92
Trd, 2591691.963, 92
Trd, 2591693.829, 98
Trd, 2591694.179, 96
Trd, 2591694.329, 94
Trd, 2591694.463, 95
Trd, 2591696.613, 107
Trd, 2591697.079, 100
Trd, 2591697.346, 86
Trd, 2591698.746, 103
Trd, 2591698.946, 102
Trd, 2591699.046, 106
Trd, 2591699.196, 104
Trd, 2591699.213, 119
Trd, 2591700.063, 94
Trd, 2591700.079, 114
Trd, 2591701.479, 95
Trd, 2591701.613, 92
Trd, 2591702.046, 111
Trd, 2591702.829, 108
Trd, 2591703.713, 91
Trd, 2591705.329, 110
Trd, 2591705.579, 122
Trd, 2591705.979, 108
Trd, 2591706.479, 97
Trd, 2591706.629, 94
Trd, 2591707.263, 120
Trd, 2591707.846, 90
Trd, 2591708.279, 94
Trd, 2591709.729, 105
Trd, 2591709.963, 86
Trd, 2591710.179, 81
Trd, 2591712.779, 103
Trd, 2591713.679, 98
Trd, 2591714.079, 98
Trd, 2591714.596, 94
Trd, 2591715.579, 91
Trd, 2591715.963, 98
Trd, 2591716.363, 93
Trd, 2591717.863, 90
Trd, 2591718.596, 95
Trd, 2591718.796, 97
Trd, 2591719.113, 109
Trd, 2591720.396, 112
Trd, 2591721.063, 94
Trd, 2591721.796, 97
Trd, 2591722.613, 98
Trd, 2591723.396, 97
Trd, 2591724.129, 121
Trd, 2591725.229, 103
Trd, 2591726.329, 99
Trd, 2591726.996, 111
Trd, 2591727.146, 90
Trd, 2591727.429, 89
Trd, 2591728.896, 102
Trd, 2591729.913, 116
Trd, 2591730.246, 122
Trd, 2591731.113, 121
Trd, 2591731.313, 106
Trd, 2591731.879, 102
Trd, 2591732.529, 101
Trd, 2591733.663, 98
Trd, 2591734.263, 94
Trd, 2591734.746, 105
Trd, 2591734.913, 86
Trd, 2591735.713, 86
Trd, 2591736.129, 112
Trd, 2591736.279, 104
Trd, 2591736.346, 92
Trd, 2591737.796, 110
Trd, 2591737.846, 114
Trd, 2591738.196, 93
Trd, 2591739.729, 112
Trd, 2591739.963, 113
Trd, 2591740.029, 110
Trd, 2591740.196, 108
Trd, 2591741.029, 104
Trd, 2591741.946, 97
Trd, 2591743.929, 109
Trd, 2591744.129, 94
Trd, 2591744.329, 121
Trd, 2591744.446, 94
Trd, 2591745.396, 91
Trd, 2591746.129, 81
Trd, 2591748.146, 93
Trd, 2591748.246, 110
Trd, 2591748.413, 111
Trd, 2591749.013, 95
Trd, 2591750.296, 93
Trd, 2591750.413, 102
Trd, 2591750.446, 86
Trd, 2591752.196, 114
Trd, 2591753.513, 112
Trd, 2591753.846, 117
Trd, 2591754.613, 114
Trd, 2591754.846, 102
Trd, 2591754.913, 94
Trd, 2591757.179, 96
Trd, 2591758.179, 93
Trd, 2591758.413, 96
Trd, 2591759.446, 108
Trd, 2591759.746, 101
Trd, 2591760.263, 96
Trd, 2591760.696, 93
Trd, 2591762.146, 91
Trd, 2591762.729, 103
Trd, 2591762.763, 104
Trd, 2591763.496, 102
Trd, 2591764.763, 108
Trd, 2591765.263, 112
Trd, 2591766.296, 101
Trd, 2591767.063, 103
Trd, 2591768.313, 100
Trd, 2591769.063, 115
Trd, 2591769.296, 109
Trd, 2591770.613, 86
Trd, 2591770.746, 112
Trd, 2591771.513, 87
Trd, 2591771.613, 86
Trd, 2591772.079, 81
Trd, 2591772.179, 100
Trd, 2591773.113, 116
Trd, 2591773.246, 112
Trd, 2591774.696, 94
Trd, 2591774.713, 91
Trd, 2591775.146, 104
Trd, 2591777.413, 90
Trd, 2591778.179, 93
Trd, 2591778.379, 89
Trd, 2591778.396, 88
Trd, 2591778.646, 115
Trd, 2591778.829, 87
Trd, 2591779.013, 84
Trd, 2591779.646, 84
Trd, 2591781.963, 99
Trd, 2591783.146, 96
Trd, 2591783.396, 97
Trd, 2591783.413, 103
Trd, 2591783.746, 125
Trd, 2591784.463, 93
Trd, 2591785.279, 108
Trd, 2591785.679, 92
Trd, 2591785.746, 91
Trd, 2591785.979, 97
Trd, 2591786.046, 120
Trd, 2591788.313, 122
Trd, 2591788.379, 120
Trd, 2591790.879, 108
Trd, 2591791.513, 99
Trd, 2591792.679, 110
Trd, 2591793.196, 110
Trd, 2591793.963, 93
Trd, 2591794.279, 113
Trd, 2591795.046, 91
Trd, 2591795.979, 87
Trd, 2591796.963, 93
Trd, 2591797.813, 86
Trd, 2591798.279, 83
Trd, 2591798.313, 102
Trd, 2591799.246, 81
Trd, 2591800.429, 99
Trd, 2591800.913, 97
Trd, 2591801.129, 98
Trd, 2591801.263, 109
Trd, 2591801.413, 86
Trd, 2591802.479, 86
Trd, 2591803.746, 94
Trd, 2591804.179, 86
Trd, 2591805.463, 103
Trd, 2591805.763, 110
Trd, 2591806.463, 93
Trd, 2591807.196, 91
Trd, 2591807.979, 94
Trd, 2591808.463, 92
Trd, 2591808.813, 91
Trd, 2591809.713, 101
Trd, 2591810.996, 103
Trd, 2591811.579, 102
Trd, 2591812.179, 104
Trd, 2591813.029, 95
Trd, 2591813.346, 111
Trd, 2591815.779, 111
Trd, 2591816.146, 117
Trd, 2591816.379, 104
Trd, 2591816.579, 97
Trd, 2591816.663, 96
Trd, 2591817.629, 115
Trd, 2591818.079, 104
Trd, 2591818.479, 94
Trd, 2591818.946, 91
Trd, 2591819.946, 108
Trd, 2591821.213, 100
Trd, 2591821.463, 102
Trd, 2591821.596, 89
Trd, 2591822.746, 116
Trd, 2591823.646, 92
Trd, 2591824.746, 99
Trd, 2591824.779, 94
Trd, 2591824.829, 89
Trd, 2591825.979, 89
Trd, 2591827.179, 99
Trd, 2591827.729, 104
Trd, 2591827.796, 112
Trd, 2591828.113, 96
Trd, 2591828.329, 95
Trd, 2591829.329, 85
Trd, 2591829.763, 93
Trd, 2591829.963, 107
Trd, 2591830.696, 99
Trd, 2591831.579, 97
Trd, 2591833.346, 115
Trd, 2591833.413, 88
Trd, 2591835.279, 92
Trd, 2591835.396, 102
Trd, 2591837.163, 112
Trd, 2591837.579, 95
Trd, 2591837.729, 99
Trd, 2591837.863, 99
Trd, 2591838.179, 119
Trd, 2591840.463, 105
Trd, 2591840.513, 103
Trd, 2591840.563, 94
Trd, 2591840.913, 91
Trd, 2591841.479, 91
Trd, 2591842.246, 86
Trd, 2591843.146, 99
Trd, 2591843.379, 85
Trd, 2591843.679, 96
Trd, 2591845.396, 112
Trd, 2591845.846, 111
Trd, 2591848.429, 110
Trd, 2591848.463, 109
Trd, 2591848.863, 94
Trd, 2591849.963, 98
Trd, 2591850.729, 110
Trd, 2591850.946, 97
Trd, 2591851.629, 94
Trd, 2591852.479, 106
Trd, 2591852.513, 113
Trd, 2591852.579, 117
Trd, 2591852.913, 122
Trd, 2591854.379, 107
Trd, 2591855.896, 92
Trd, 2591856.996, 105
Trd, 2591857.079, 85
Trd, 2591857.629, 78
Trd, 2591858.679, 84
Trd, 2591859.446, 82
Trd, 2591859.863, 81
Trd, 2591860.163, 98
Trd, 2591860.479, 102
Trd, 2591861.396, 108
Trd, 2591861.596, 98
Trd, 2591861.929, 86
Trd, 2591862.113, 120
Trd, 2591862.413, 84
Trd, 2591862.646, 83
Trd, 2591863.696, 109
Trd, 2591864.046, 85
Trd, 2591864.229, 90
Trd, 2591864.579, 77
Trd, 2591864.996, 93
Trd, 2591867.429, 90
Trd, 2591868.696, 100
Trd, 2591869.096, 100
Trd, 2591869.363, 112
Trd, 2591869.913, 107
Trd, 2591871.013, 102
Trd, 2591871.213, 100
Trd, 2591871.796, 115
Trd, 2591872.796, 105
Trd, 2591874.096, 105
Trd, 2591875.729, 114
Trd, 2591875.779, 102
Trd, 2591876.996, 94
Trd, 2591877.196, 93
Trd, 2591877.329, 114
Trd, 2591878.196, 91
Trd, 2591878.479, 97
Trd, 2591879.613, 94
Trd, 2591880.179, 116
Trd, 2591881.313, 93
Trd, 2591883.213, 86
Trd, 2591883.679, 92
Trd, 2591884.213, 102
Trd, 2591884.346, 95
Trd, 2591884.496, 89
Trd, 2591884.763, 112
Trd, 2591884.979, 88
Trd, 2591887.363, 93
Trd, 2591888.629, 88
Trd, 2591889.163, 89
Trd, 2591890.229, 89
Trd, 2591891.246, 86
Trd, 2591891.346, 92
Trd, 2591891.946, 96
Trd, 2591893.313, 108
Trd, 2591893.946, 112
Trd, 2591894.629, 106
Trd, 2591894.713, 113
Trd, 2591895.346, 115
Trd, 2591895.746, 115
Trd, 2591896.096, 102
Trd, 2591896.196, 120
Trd, 2591897.063, 117
Trd, 2591897.313, 116
Trd, 2591898.246, 97
Trd, 2591898.613, 97
Trd, 2591898.779, 96
Trd, 2591901.079, 111
Trd, 2591901.796, 96
Trd, 2591902.446, 116
Trd, 2591902.896, 101
Trd, 2591903.313, 94
Trd, 2591903.829, 91
Trd, 2591903.946, 91
Trd, 2591904.013, 84
Trd, 2591904.046, 93
Trd, 2591904.779, 83
Trd, 2591904.846, 83
Trd, 2591905.213, 81
Trd, 2591906.813, 84
Trd, 2591907.096, 85
Trd, 2591908.163, 77
Trd, 2591908.496, 95
Trd, 2591909.946, 76
Trd, 2591910.963, 78
Trd, 2591912.413, 94
Trd, 2591912.746, 101
Trd, 2591913.679, 103
Trd, 2591914.979, 107
Trd, 2591915.913, 101
Trd, 2591916.463, 110
Trd, 2591916.763, 104
Trd, 2591917.246, 87
Trd, 2591917.896, 93
Trd, 2591918.229, 104
Trd, 2591918.313, 86
Trd, 2591918.329, 112
Trd, 2591918.913, 85
Trd, 2591919.029, 107
Trd, 2591919.863, 83
Trd, 2591919.996, 85
Trd, 2591921.913, 92
Trd, 2591922.479, 110
Trd, 2591923.046, 94
Trd, 2591923.963, 95
Trd, 2591924.996, 105
Trd, 2591925.146, 86
Trd, 2591925.779, 91
Trd, 2591926.063, 95
Trd, 2591926.829, 102
Trd, 2591927.713, 114
Trd, 2591929.946, 111
Trd, 2591930.663, 115
Trd, 2591930.779, 124
Trd, 2591931.029, 113
Trd, 2591933.129, 123
Trd, 2591933.296, 122
Trd, 2591933.596, 109
Trd, 2591933.863, 108
Trd, 2591933.896, 107
Trd, 2591934.129, 97
Trd, 2591935.929, 96
Trd, 2591936.679, 97
Trd, 2591938.196, 98
Trd, 2591939.596, 108
Trd, 2591940.279, 104
Trd, 2591940.596, 103
Trd, 2591941.363, 94
Trd, 2591943.979, 101
Trd, 2591944.379, 111
Trd, 2591944.513, 115
Trd, 2591945.113, 111
Trd, 2591945.296, 111
Trd, 2591945.379, 112
Trd, 2591945.446, 95
Trd, 2591945.729, 118
Trd, 2591946.363, 104
Trd, 2591947.013, 110
Trd, 2591948.029, 105
Trd, 2591948.229, 99
Trd, 2591950.613, 122
Trd, 2591950.696, 97
Trd, 2591952.163, 94
Trd, 2591952.313, 91
Trd, 2591953.329, 97
Trd, 2591953.546, 95
Trd, 2591954.179, 106
Trd, 2591954.296, 104
Trd, 2591954.879, 112
Trd, 2591954.896, 112
Trd, 2591956.979, 109
Trd, 2591957.129, 93
Trd, 2591958.563, 96
Trd, 2591958.896, 92
Trd, 2591959.146, 99
Trd, 2591959.863, 87
Trd, 2591960.713, 88
Trd, 2591961.179, 109
Trd, 2591961.579, 87
Trd, 2591961.679, 108
Trd, 2591963.196, 88
Trd, 2591964.029, 93
Trd, 2591964.546, 106
Trd, 2591964.896, 105
Trd, 2591965.746, 104
Trd, 2591965.913, 105
Trd, 2591967.663, 107
Trd, 2591967.729, 101
Trd, 2591967.779, 91
Trd, 2591967.879, 115
Trd, 2591969.579, 108
Trd, 2591970.479, 97
Trd, 2591971.046, 91
Trd, 2591971.296, 86
Trd, 2591972.246, 93
Trd, 2591972.729, 87
Trd, 2591974.013, 89
Trd, 2591975.179, 94
Trd, 2591975.296, 106
Trd, 2591976.413, 88
Trd, 2591977.196, 107
Trd, 2591978.429, 91
Trd, 2591978.629, 91
Trd, 2591978.729, 90
Trd, 2591979.946, 103
Trd, 2591980.946, 110
Trd, 2591981.629, 88
Trd, 2591982.396, 86
Trd, 2591983.496, 84
Trd, 2591983.813, 115
Trd, 2591983.913, 82
Trd, 2591985.563, 90
Trd, 2591985.979, 83
Trd, 2591987.163, 106
Trd, 2591987.663, 91
Trd, 2591987.979, 83
Trd, 2591988.429, 87
Trd, 2591989.779, 106
Trd, 2591989.896, 103
Trd, 2591991.013, 109
Trd, 2591991.396, 101
Trd, 2591992.013, 97
Trd, 2591993.213, 100
Trd, 2591993.229, 94
Trd, 2591993.246, 104
Trd, 2591994.563, 117
Trd, 2591994.713, 97
Trd, 2591994.996, 100
Trd, 2591995.263, 96
Trd, 2591995.546, 97
Trd, 2591995.763, 91
Trd, 2591997.963, 93
Trd, 2591999.029, 112
