Trd, 2590683.263, 102
Trd, 2590683.646, 108
Trd, 2590683.813, 94
Trd, 2590685.179, 109
Trd, 2590685.296, 95
Trd, 2590686.346, 90
Trd, 2590686.946, 99
Trd, 2590687.746, 87
Trd, 2590688.179, 87
Trd, 2590689.646, 110
Trd, 2590690.229, 90
Trd, 2590691.729, 94
Trd, 2590692.329, 107
Trd, 2590693.129, 83
Trd, 2590693.379, 112
Trd, 2590694.629, 105
Trd, 2590695.129, 117
Trd, 2590695.313, 89
Trd, 2590695.746, 116
Trd, 2590695.796, 87
Trd, 2590697.663, 89
Trd, 2590698.079, 88
Trd, 2590698.479, 103
Trd, 2590700.063, 102
Trd, 2590701.246, 91
Trd, 2590702.863, 94
Trd, 2590703.213, 91
Trd, 2590703.563, 113
Trd, 2590705.113, 109
Trd, 2590705.946, 101
Trd, 2590706.913, 100
Trd, 2590707.213, 95
Trd, 2590708.046, 92
Trd, 2590708.896, 107
Trd, 2590708.963, 108
Trd, 2590709.163, 112
Trd, 2590709.379, 112
Trd, 2590709.479, 114
Trd, 2590710.379, 93
Trd, 2590710.413, 89
Trd, 2590710.713, 108
Trd, 2590710.829, 85
Trd, 2590712.146, 86
Trd, 2590712.229, 87
Trd, 2590714.696, 108
Trd, 2590714.729, 84
Trd, 2590715.296, 79
Trd, 2590715.329, 109
Trd, 2590715.529, 112
Trd, 2590716.746, 112
Trd, 2590718.096, 94
Trd, 2590718.196, 91
Trd, 2590719.346, 91
Trd, 2590719.813, 87
Trd, 2590720.146, 100
Trd, 2590720.413, 92
Trd, 2590722.463, 98
Trd, 2590723.246, 107
Trd, 2590723.996, 104
Trd, 2590724.113, 112
Trd, 2590724.129, 88
Trd, 2590724.263, 88
Trd, 2590724.479, 87
Trd, 2590724.813, 84
Trd, 2590724.829, 82
Trd, 2590725.796, 90
Trd, 2590727.079, 109
Trd, 2590727.096, 108
Trd, 2590728.179, 115
Trd, 2590728.846, 114
Trd, 2590728.863, 122
Trd, 2590728.979, 110
Trd, 2590730.179, 96
Trd, 2590730.363, 117
Trd, 2590732.396, 115
Trd, 2590733.146, 104
Trd, 2590733.163, 101
Trd, 2590733.463, 116
Trd, 2590734.013, 112
Trd, 2590734.146, 92
Trd, 2590735.863, 89
Trd, 2590737.163, 92
Trd, 2590738.596, 96
Trd, 2590738.646, 109
Trd, 2590738.746, 91
Trd, 2590739.229, 110
Trd, 2590740.613, 92
Trd, 2590740.779, 91
Trd, 2590741.296, 93
Trd, 2590741.363, 88
Trd, 2590741.396, 85
Trd, 2590742.013, 84
Trd, 2590742.296, 82
Trd, 2590742.596, 106
Trd, 2590743.063, 107
Trd, 2590744.546, 96
Trd, 2590744.763, 77
Trd, 2590746.229, 92
Trd, 2590747.196, 97
Trd, 2590748.246, 99
Trd, 2590748.329, 98
Trd, 2590748.496, 108
Trd, 2590748.546, 94
Trd, 2590750.846, 94
Trd, 2590751.629, 112
Trd, 2590752.829, 105
Trd, 2590754.279, 109
Trd, 2590754.896, 97
Trd, 2590755.479, 88
Trd, 2590755.496, 85
Trd, 2590755.796, 95
Trd, 2590756.613, 93
Trd, 2590757.996, 122
Trd, 2590758.263, 96
Trd, 2590758.579, 118
Trd, 2590759.013, 120
Trd, 2590759.313, 118
Trd, 2590759.513, 108
Trd, 2590759.529, 99
Trd, 2590761.713, 108
Trd, 2590762.213, 93
Trd, 2590762.463, 92
Trd, 2590762.629, 89
Trd, 2590762.813, 108
Trd, 2590763.413, 96
Trd, 2590763.646, 93
Trd, 2590763.863, 108
Trd, 2590765.946, 91
Trd, 2590766.579, 106
Trd, 2590767.063, 103
Trd, 2590767.163, 102
Trd, 2590767.913, 107
Trd, 2590767.946, 106
Trd, 2590768.779, 92
Trd, 2590770.813, 105
Trd, 2590771.279, 117
Trd, 2590771.779, 94
Trd, 2590772.113, 92
Trd, 2590772.479, 119
Trd, 2590774.479, 101
Trd, 2590774.596, 95
Trd, 2590774.646, 91
Trd, 2590775.979, 106
Trd, 2590776.413, 109
Trd, 2590776.746, 97
Trd, 2590776.779, 96
Trd, 2590777.279, 95
Trd, 2590778.463, 102
Trd, 2590779.513, 106
Trd, 2590779.696, 113
Trd, 2590779.929, 94
Trd, 2590780.246, 83
Trd, 2590780.479, 82
Trd, 2590780.763, 113
Trd, 2590781.579, 116
Trd, 2590782.429, 101
Trd, 2590783.529, 100
Trd, 2590783.663, 110
Trd, 2590783.863, 114
Trd, 2590783.929, 90
Trd, 2590784.296, 72
Trd, 2590784.329, 73
Trd, 2590784.713, 116
Trd, 2590785.596, 119
Trd, 2590786.229, 128
Trd, 2590786.829, 118
Trd, 2590787.713, 112
Trd, 2590787.846, 107
Trd, 2590789.813, 96
Trd, 2590790.463, 113
Trd, 2590791.079, 93
Trd, 2590792.613, 109
Trd, 2590793.429, 108
Trd, 2590794.463, 111
Trd, 2590794.696, 115
Trd, 2590795.396, 90
Trd, 2590796.379, 97
Trd, 2590796.763, 92
Trd, 2590796.879, 112
Trd, 2590797.363, 94
Trd, 2590799.113, 100
Trd, 2590800.229, 113
Trd, 2590800.263, 103
Trd, 2590800.363, 97
Trd, 2590800.996, 90
Trd, 2590801.579, 89
Trd, 2590801.763, 94
Trd, 2590802.496, 97
Trd, 2590802.563, 100
Trd, 2590803.863, 88
Trd, 2590803.896, 91
Trd, 2590804.096, 87
Trd, 2590805.029, 101
Trd, 2590806.979, 101
Trd, 2590807.596, 101
Trd, 2590807.663, 90
Trd, 2590808.163, 84
Trd, 2590808.313, 101
Trd, 2590808.846, 80
Trd, 2590810.363, 112
Trd, 2590810.529, 113
Trd, 2590811.246, 112
Trd, 2590812.213, 110
Trd, 2590813.146, 92
Trd, 2590813.663, 115
Trd, 2590813.913, 113
Trd, 2590814.846, 89
Trd, 2590815.063, 115
Trd, 2590815.963, 85
Trd, 2590816.879, 103
Trd, 2590818.446, 93
Trd, 2590818.646, 106
Trd, 2590818.796, 112
Trd, 2590818.996, 117
Trd, 2590819.296, 117
Trd, 2590819.546, 91
Trd, 2590820.546, 86
Trd, 2590821.179, 85
Trd, 2590821.346, 80
Trd, 2590822.113, 89
Trd, 2590823.296, 87
Trd, 2590823.629, 108
Trd, 2590824.079, 91
Trd, 2590824.679, 108
Trd, 2590825.546, 92
Trd, 2590825.796, 84
Trd, 2590826.179, 127
Trd, 2590826.763, 112
Trd, 2590826.863, 124
Trd, 2590827.879, 93
Trd, 2590827.896, 102
Trd, 2590829.613, 112
Trd, 2590829.663, 100
Trd, 2590829.846, 115
Trd, 2590831.346, 110
Trd, 2590832.096, 89
Trd, 2590832.279, 88
Trd, 2590832.763, 111
Trd, 2590832.913, 79
Trd, 2590833.196, 92
Trd, 2590835.063, 89
Trd, 2590835.379, 91
Trd, 2590835.663, 88
Trd, 2590836.479, 107
Trd, 2590836.496, 115
Trd, 2590837.896, 113
Trd, 2590838.229, 116
Trd, 2590838.529, 111
Trd, 2590840.879, 113
Trd, 2590840.979, 101
Trd, 2590841.229, 113
Trd, 2590842.163, 103
Trd, 2590842.396, 99
Trd, 2590843.246, 79
Trd, 2590843.796, 101
Trd, 2590844.613, 102
Trd, 2590845.146, 96
Trd, 2590845.246, 93
Trd, 2590846.213, 81
Trd, 2590846.896, 109
Trd, 2590847.413, 108
Trd, 2590848.829, 107
Trd, 2590850.713, 97
Trd, 2590850.729, 82
Trd, 2590851.096, 102
Trd, 2590852.229, 104
Trd, 2590852.579, 106
Trd, 2590854.029, 118
Trd, 2590854.596, 122
Trd, 2590854.979, 114
Trd, 2590855.129, 124
Trd, 2590856.279, 90
Trd, 2590857.296, 97
Trd, 2590857.846, 92
Trd, 2590858.129, 91
Trd, 2590858.163, 102
Trd, 2590858.579, 88
Trd, 2590860.163, 111
Trd, 2590860.363, 102
Trd, 2590861.046, 111
Trd, 2590862.529, 103
Trd, 2590862.596, 101
Trd, 2590863.296, 111
Trd, 2590863.413, 115
Trd, 2590864.396, 94
Trd, 2590865.563, 83
Trd, 2590866.313, 102
Trd, 2590867.113, 101
Trd, 2590868.529, 87
Trd, 2590868.613, 81
Trd, 2590868.696, 109
Trd, 2590869.313, 115
Trd, 2590869.729, 99
Trd, 2590870.663, 112
Trd, 2590871.063, 98
Trd, 2590872.463, 98
Trd, 2590872.479, 118
Trd, 2590873.763, 113
Trd, 2590874.513, 109
Trd, 2590875.079, 104
Trd, 2590875.346, 116
Trd, 2590875.863, 88
Trd, 2590875.896, 96
Trd, 2590877.529, 97
Trd, 2590878.479, 129
Trd, 2590879.179, 113
Trd, 2590879.613, 118
Trd, 2590880.029, 94
Trd, 2590880.296, 91
Trd, 2590881.046, 87
Trd, 2590881.329, 91
Trd, 2590881.479, 104
Trd, 2590882.229, 105
Trd, 2590882.879, 108
Trd, 2590885.563, 96
Trd, 2590885.746, 91
Trd, 2590886.129, 90
Trd, 2590887.296, 110
Trd, 2590887.713, 108
Trd, 2590888.046, 90
Trd, 2590888.329, 83
Trd, 2590889.463, 88
Trd, 2590889.529, 81
Trd, 2590890.329, 76
Trd, 2590890.879, 106
Trd, 2590891.063, 101
Trd, 2590892.013, 105
Trd, 2590893.113, 113
Trd, 2590894.279, 100
Trd, 2590894.363, 97
Trd, 2590894.579, 90
Trd, 2590894.896, 91
Trd, 2590896.396, 104
Trd, 2590896.429, 91
Trd, 2590896.679, 105
Trd, 2590896.913, 115
Trd, 2590896.979, 88
Trd, 2590897.979, 103
Trd, 2590898.329, 84
Trd, 2590898.796, 92
Trd, 2590899.763, 84
Trd, 2590900.796, 86
Trd, 2590901.429, 91
Trd, 2590901.613, 111
Trd, 2590903.129, 113
Trd, 2590904.329, 89
Trd, 2590904.563, 127
Trd, 2590904.613, 112
Trd, 2590905.396, 80
Trd, 2590906.163, 101
Trd, 2590906.196, 96
Trd, 2590907.513, 97
Trd, 2590907.779, 97
Trd, 2590908.396, 110
Trd, 2590908.996, 110
Trd, 2590910.363, 110
Trd, 2590911.213, 91
Trd, 2590911.229, 107
Trd, 2590911.796, 87
Trd, 2590912.846, 86
Trd, 2590912.913, 88
Trd, 2590913.196, 94
Trd, 2590913.946, 78
Trd, 2590914.163, 102
Trd, 2590914.229, 81
Trd, 2590914.463, 77
Trd, 2590914.529, 74
Trd, 2590914.729, 85
Trd, 2590914.929, 101
Trd, 2590918.429, 90
Trd, 2590919.679, 99
Trd, 2590919.846, 97
Trd, 2590920.346, 107
Trd, 2590920.563, 97
Trd, 2590920.679, 94
Trd, 2590921.263, 108
Trd, 2590921.629, 103
Trd, 2590921.663, 109
Trd, 2590921.846, 85
Trd, 2590921.879, 112
Trd, 2590922.596, 113
Trd, 2590923.196, 118
Trd, 2590924.146, 111
Trd, 2590924.263, 125
Trd, 2590924.379, 100
Trd, 2590926.013, 97
Trd, 2590927.163, 117
Trd, 2590928.829, 107
Trd, 2590929.496, 102
Trd, 2590929.796, 96
Trd, 2590929.929, 89
Trd, 2590930.413, 90
Trd, 2590930.529, 91
Trd, 2590931.446, 105
Trd, 2590931.546, 101
Trd, 2590932.829, 92
Trd, 2590932.863, 91
Trd, 2590932.913, 112
Trd, 2590933.979, 87
Trd, 2590934.263, 84
Trd, 2590934.663, 98
Trd, 2590936.246, 108
Trd, 2590936.279, 101
Trd, 2590937.213, 108
Trd, 2590937.363, 114
Trd, 2590938.479, 111
Trd, 2590938.929, 100
Trd, 2590940.179, 95
Trd, 2590941.513, 109
Trd, 2590942.313, 110
Trd, 2590942.879, 92
Trd, 2590943.179, 112
Trd, 2590943.379, 90
Trd, 2590944.596, 108
Trd, 2590944.746, 105
Trd, 2590945.496, 98
Trd, 2590945.613, 93
Trd, 2590946.546, 112
Trd, 2590946.896, 92
Trd, 2590947.429, 93
Trd, 2590947.463, 114
Trd, 2590947.546, 86
Trd, 2590947.779, 84
Trd, 2590949.713, 92
Trd, 2590950.229, 87
Trd, 2590950.729, 75
Trd, 2590950.913, 91
Trd, 2590951.046, 74
Trd, 2590951.579, 114
Trd, 2590952.113, 91
Trd, 2590952.513, 91
Trd, 2590953.213, 89
Trd, 2590954.696, 90
Trd, 2590954.846, 89
Trd, 2590954.929, 104
Trd, 2590955.163, 103
Trd, 2590955.729, 85
Trd, 2590955.996, 83
Trd, 2590957.596, 87
Trd, 2590958.696, 91
Trd, 2590960.379, 91
Trd, 2590960.713, 96
Trd, 2590962.379, 112
Trd, 2590962.963, 111
Trd, 2590963.463, 109
Trd, 2590963.863, 89
Trd, 2590964.913, 90
Trd, 2590966.013, 112
Trd, 2590966.046, 94
Trd, 2590966.279, 100
Trd, 2590966.296, 90
Trd, 2590966.629, 115
Trd, 2590966.813, 83
Trd, 2590967.063, 80
Trd, 2590967.746, 81
Trd, 2590968.379, 126
Trd, 2590969.063, 79
Trd, 2590970.179, 113
Trd, 2590970.563, 112
Trd, 2590970.679, 106
Trd, 2590971.646, 85
Trd, 2590972.079, 105
Trd, 2590972.146, 93
Trd, 2590972.179, 68
Trd, 2590972.813, 103
Trd, 2590975.279, 89
Trd, 2590975.296, 90
Trd, 2590975.346, 112
Trd, 2590975.746, 97
Trd, 2590976.846, 98
Trd, 2590977.213, 109
Trd, 2590977.246, 110
Trd, 2590977.446, 117
Trd, 2590977.946, 99
Trd, 2590980.146, 91
Trd, 2590980.746, 108
Trd, 2590981.496, 115
Trd, 2590981.713, 86
Trd, 2590983.463, 118
Trd, 2590983.879, 111
Trd, 2590984.246, 86
Trd, 2590985.096, 108
Trd, 2590986.479, 84
Trd, 2590987.046, 82
Trd, 2590988.163, 105
Trd, 2590988.296, 73
Trd, 2590988.896, 88
Trd, 2590989.729, 76
Trd, 2590990.129, 73
Trd, 2590990.796, 105
Trd, 2590991.463, 97
Trd, 2590993.079, 102
Trd, 2590993.263, 113
Trd, 2590993.429, 101
Trd, 2590993.613, 92
Trd, 2590995.929, 115
Trd, 2590996.379, 116
Trd, 2590996.463, 101
Trd, 2590997.679, 91
Trd, 2590998.246, 89
Trd, 2590998.629, 86
Trd, 2590999.913, 86
Trd, 2591000.079, 87
Trd, 2591000.279, 91
Trd, 2591000.563, 87
Trd, 2591001.096, 98
Trd, 2591001.146, 108
Trd, 2591002.696, 99
Trd, 2591002.746, 108
Trd, 2591003.129, 98
Trd, 2591003.296, 115
Trd, 2591003.663, 92
Trd, 2591004.163, 89
Trd, 2591005.346, 105
Trd, 2591005.713, 108
Trd, 2591006.613, 99
Trd, 2591007.196, 106
Trd, 2591008.346, 88
Trd, 2591009.429, 99
Trd, 2591009.979, 112
Trd, 2591010.013, 87
Trd, 2591010.163, 87
Trd, 2591011.429, 107
Trd, 2591012.329, 96
Trd, 2591012.813, 89
Trd, 2591012.896, 108
Trd, 2591013.213, 109
Trd, 2591013.379, 117
Trd, 2591014.779, 94
Trd, 2591015.829, 113
Trd, 2591016.129, 104
Trd, 2591016.913, 97
Trd, 2591017.146, 96
Trd, 2591017.213, 102
Trd, 2591018.663, 111
Trd, 2591018.913, 90
Trd, 2591018.946, 83
Trd, 2591020.196, 97
Trd, 2591021.129, 101
Trd, 2591021.213, 82
Trd, 2591022.413, 112
Trd, 2591022.729, 107
Trd, 2591023.863, 112
Trd, 2591023.879, 109
Trd, 2591024.546, 89
Trd, 2591025.813, 116
Trd, 2591025.879, 93
Trd, 2591026.479, 97
Trd, 2591026.979, 92
Trd, 2591027.129, 90
Trd, 2591028.246, 84
Trd, 2591028.896, 80
Trd, 2591029.063, 84
Trd, 2591030.663, 105
Trd, 2591031.613, 108
Trd, 2591033.579, 94
Trd, 2591033.663, 112
Trd, 2591034.813, 99
Trd, 2591036.046, 100
Trd, 2591036.279, 89
Trd, 2591036.979, 94
Trd, 2591037.529, 118
Trd, 2591037.663, 116
Trd, 2591039.096, 106
Trd, 2591039.196, 107
Trd, 2591039.346, 115
Trd, 2591040.346, 112
Trd, 2591040.596, 101
Trd, 2591040.946, 97
Trd, 2591041.229, 97
Trd, 2591041.696, 111
Trd, 2591041.979, 98
Trd, 2591042.379, 79
Trd, 2591043.146, 88
Trd, 2591043.663, 90
Trd, 2591043.963, 81
Trd, 2591044.696, 92
Trd, 2591044.713, 108
Trd, 2591045.929, 111
Trd, 2591046.596, 108
Trd, 2591047.979, 112
Trd, 2591048.996, 114
Trd, 2591049.979, 116
Trd, 2591050.013, 117
Trd, 2591050.113, 101
Trd, 2591050.396, 113
Trd, 2591050.563, 117
Trd, 2591051.279, 112
Trd, 2591052.196, 110
Trd, 2591052.946, 96
Trd, 2591053.063, 93
Trd, 2591053.113, 91
Trd, 2591054.629, 120
Trd, 2591056.279, 115
Trd, 2591058.279, 97
Trd, 2591058.413, 93
Trd, 2591058.979, 119
Trd, 2591058.996, 130
Trd, 2591059.013, 89
Trd, 2591059.879, 94
Trd, 2591061.129, 96
Trd, 2591061.279, 99
Trd, 2591061.429, 96
Trd, 2591062.229, 82
Trd, 2591062.296, 90
Trd, 2591062.896, 99
Trd, 2591063.546, 102
Trd, 2591063.663, 110
Trd, 2591063.979, 103
Trd, 2591065.079, 95
Trd, 2591065.279, 112
Trd, 2591065.463, 83
Trd, 2591066.196, 102
Trd, 2591066.529, 103
Trd, 2591066.796, 116
Trd, 2591068.863, 88
Trd, 2591069.446, 99
Trd, 2591070.146, 105
Trd, 2591070.563, 108
Trd, 2591070.829, 88
Trd, 2591071.379, 110
Trd, 2591072.279, 83
Trd, 2591072.429, 90
Trd, 2591072.713, 109
Trd, 2591073.146, 69
Trd, 2591074.796, 84
Trd, 2591075.029, 78
Trd, 2591076.646, 103
Trd, 2591076.863, 91
Trd, 2591077.613, 87
Trd, 2591078.746, 104
Trd, 2591079.113, 113
Trd, 2591079.996, 92
Trd, 2591080.279, 114
Trd, 2591080.879, 84
Trd, 2591080.946, 101
Trd, 2591081.163, 83
Trd, 2591081.646, 116
Trd, 2591082.229, 111
Trd, 2591083.179, 104
Trd, 2591083.546, 120
Trd, 2591083.679, 129
Trd, 2591083.863, 101
Trd, 2591084.363, 100
Trd, 2591084.463, 110
Trd, 2591084.629, 96
Trd, 2591085.796, 86
Trd, 2591085.879, 98
Trd, 2591086.796, 100
Trd, 2591087.346, 103
Trd, 2591088.413, 93
Trd, 2591088.746, 98
Trd, 2591089.346, 91
Trd, 2591089.579, 112
Trd, 2591092.113, 98
Trd, 2591092.246, 103
Trd, 2591092.279, 90
Trd, 2591093.079, 93
Trd, 2591093.196, 94
Trd, 2591094.413, 110
Trd, 2591095.179, 111
Trd, 2591095.213, 109
Trd, 2591095.763, 90
Trd, 2591095.979, 85
Trd, 2591097.629, 85
Trd, 2591099.163, 85
Trd, 2591099.379, 103
Trd, 2591100.279, 82
Trd, 2591100.313, 91
Trd, 2591100.913, 113
Trd, 2591101.963, 117
Trd, 2591102.379, 89
Trd, 2591102.446, 86
Trd, 2591103.079, 115
Trd, 2591105.163, 113
Trd, 2591105.396, 115
Trd, 2591105.946, 111
Trd, 2591106.929, 101
Trd, 2591107.029, 96
Trd, 2591107.046, 87
Trd, 2591108.596, 116
Trd, 2591109.046, 105
Trd, 2591109.696, 87
Trd, 2591109.729, 84
Trd, 2591110.346, 109
Trd, 2591111.313, 106
Trd, 2591111.946, 102
Trd, 2591112.413, 116
Trd, 2591112.996, 122
Trd, 2591113.163, 108
Trd, 2591114.363, 112
Trd, 2591115.229, 131
Trd, 2591116.279, 111
Trd, 2591116.396, 101
Trd, 2591116.946, 90
Trd, 2591117.563, 109
Trd, 2591117.963, 99
Trd, 2591118.063, 96
Trd, 2591118.296, 90
Trd, 2591118.629, 83
Trd, 2591119.129, 101
Trd, 2591121.279, 97
Trd, 2591122.279, 101
Trd, 2591124.213, 110
Trd, 2591124.846, 100
Trd, 2591124.929, 112
Trd, 2591125.463, 101
Trd, 2591126.129, 107
Trd, 2591126.446, 115
Trd, 2591126.863, 122
Trd, 2591128.296, 101
Trd, 2591128.629, 91
Trd, 2591129.979, 90
Trd, 2591130.429, 101
Trd, 2591130.896, 102
Trd, 2591130.979, 86
Trd, 2591132.063, 103
Trd, 2591132.163, 106
Trd, 2591132.329, 108
Trd, 2591132.896, 100
Trd, 2591134.696, 116
Trd, 2591136.013, 91
Trd, 2591136.079, 113
Trd, 2591136.413, 118
Trd, 2591136.763, 108
Trd, 2591138.279, 87
Trd, 2591138.379, 85
Trd, 2591138.663, 106
Trd, 2591138.813, 89
Trd, 2591139.596, 104
Trd, 2591139.763, 95
Trd, 2591140.063, 98
Trd, 2591140.213, 63
Trd, 2591140.913, 87
Trd, 2591142.129, 100
Trd, 2591142.346, 101
Trd, 2591142.796, 113
Trd, 2591144.346, 90
Trd, 2591144.496, 86
Trd, 2591144.729, 84
Trd, 2591145.263, 123
Trd, 2591145.363, 112
Trd, 2591146.646, 85
Trd, 2591147.463, 89
Trd, 2591148.763, 94
Trd, 2591149.096, 82
Trd, 2591149.563, 109
Trd, 2591150.796, 112
Trd, 2591150.813, 111
Trd, 2591150.913, 108
Trd, 2591151.479, 87
Trd, 2591151.979, 104
Trd, 2591152.346, 87
Trd, 2591154.013, 109
Trd, 2591155.046, 105
Trd, 2591155.229, 112
Trd, 2591155.363, 101
Trd, 2591155.679, 101
Trd, 2591155.813, 96
Trd, 2591156.429, 116
Trd, 2591156.596, 93
Trd, 2591158.463, 100
Trd, 2591158.546, 99
Trd, 2591158.813, 100
Trd, 2591158.929, 105
Trd, 2591159.629, 91
Trd, 2591160.379, 99
Trd, 2591161.029, 97
Trd, 2591161.613, 93
Trd, 2591162.163, 112
Trd, 2591162.396, 94
Trd, 2591163.329, 108
Trd, 2591164.113, 113
Trd, 2591164.329, 86
Trd, 2591165.913, 97
Trd, 2591167.363, 118
Trd, 2591168.763, 106
Trd, 2591169.029, 111
Trd, 2591169.046, 100
Trd, 2591169.129, 112
Trd, 2591169.663, 108
Trd, 2591169.896, 91
Trd, 2591170.463, 99
Trd, 2591170.763, 113
Trd, 2591170.779, 98
Trd, 2591171.013, 113
Trd, 2591171.463, 108
Trd, 2591171.663, 116
Trd, 2591171.829, 85
Trd, 2591172.179, 85
Trd, 2591172.579, 122
Trd, 2591174.429, 91
Trd, 2591175.963, 117
Trd, 2591176.229, 87
Trd, 2591176.663, 106
Trd, 2591177.429, 86
Trd, 2591177.779, 78
Trd, 2591178.163, 79
Trd, 2591178.346, 116
Trd, 2591180.179, 94
Trd, 2591181.096, 112
Trd, 2591181.896, 109
Trd, 2591182.479, 110
Trd, 2591182.929, 112
Trd, 2591183.229, 118
Trd, 2591184.096, 106
Trd, 2591185.079, 108
Trd, 2591186.446, 103
Trd, 2591186.963, 101
Trd, 2591188.029, 95
Trd, 2591189.113, 88
Trd, 2591189.763, 108
Trd, 2591189.779, 84
Trd, 2591190.746, 102
Trd, 2591191.396, 108
Trd, 2591192.046, 109
Trd, 2591192.229, 90
Trd, 2591192.863, 107
Trd, 2591193.346, 111
Trd, 2591193.396, 113
Trd, 2591193.779, 98
Trd, 2591194.563, 112
Trd, 2591195.079, 112
Trd, 2591195.229, 120
Trd, 2591196.213, 126
Trd, 2591196.379, 132
Trd, 2591196.546, 118
Trd, 2591197.179, 132
Trd, 2591199.079, 102
Trd, 2591199.196, 101
Trd, 2591199.629, 94
Trd, 2591200.813, 90
Trd, 2591201.479, 89
Trd, 2591202.163, 79
Trd, 2591204.013, 93
Trd, 2591205.996, 96
Trd, 2591206.146, 84
Trd, 2591206.379, 90
Trd, 2591207.413, 96
Trd, 2591207.863, 106
Trd, 2591208.013, 110
Trd, 2591208.196, 114
Trd, 2591208.346, 104
Trd, 2591208.379, 98
Trd, 2591208.896, 111
Trd, 2591209.213, 97
Trd, 2591210.379, 96
Trd, 2591210.413, 114
Trd, 2591210.979, 115
Trd, 2591212.546, 104
Trd, 2591213.496, 117
Trd, 2591213.946, 91
Trd, 2591213.979, 74
Trd, 2591215.629, 78
Trd, 2591215.679, 92
Trd, 2591216.229, 84
Trd, 2591218.229, 99
Trd, 2591219.163, 88
Trd, 2591219.929, 99
Trd, 2591220.329, 91
Trd, 2591221.029, 94
Trd, 2591221.229, 85
Trd, 2591221.646, 95
Trd, 2591222.129, 108
Trd, 2591222.996, 89
Trd, 2591223.063, 91
Trd, 2591223.163, 115
Trd, 2591223.263, 123
Trd, 2591223.746, 88
Trd, 2591224.729, 100
Trd, 2591225.046, 108
Trd, 2591226.846, 94
Trd, 2591227.229, 112
Trd, 2591227.396, 95
Trd, 2591228.529, 96
Trd, 2591228.596, 112
Trd, 2591229.913, 97
Trd, 2591230.013, 96
Trd, 2591230.063, 95
Trd, 2591230.279, 87
Trd, 2591231.013, 115
Trd, 2591231.846, 95
Trd, 2591232.329, 84
Trd, 2591233.646, 129
Trd, 2591235.729, 93
Trd, 2591236.429, 86
Trd, 2591236.746, 85
Trd, 2591236.996, 85
Trd, 2591237.446, 90
Trd, 2591237.879, 91
Trd, 2591238.413, 91
Trd, 2591238.746, 96
Trd, 2591240.396, 94
Trd, 2591240.913, 86
Trd, 2591241.063, 109
Trd, 2591241.429, 112
Trd, 2591241.646, 83
Trd, 2591241.663, 78
Trd, 2591241.896, 119
Trd, 2591243.046, 116
Trd, 2591244.079, 105
Trd, 2591244.646, 110
Trd, 2591245.379, 118
Trd, 2591245.913, 125
Trd, 2591246.429, 107
Trd, 2591246.446, 126
Trd, 2591246.646, 86
Trd, 2591249.546, 102
Trd, 2591250.329, 90
Trd, 2591250.696, 84
Trd, 2591251.546, 110
Trd, 2591251.729, 96
Trd, 2591252.063, 91
Trd, 2591252.879, 82
Trd, 2591252.979, 87
Trd, 2591253.629, 110
Trd, 2591255.096, 122
Trd, 2591255.296, 95
Trd, 2591255.746, 129
Trd, 2591255.913, 90
Trd, 2591256.646, 91
Trd, 2591257.796, 108
Trd, 2591258.979, 101
Trd, 2591259.329, 110
Trd, 2591259.579, 91
Trd, 2591260.129, 91
Trd, 2591260.713, 107
Trd, 2591262.229, 92
Trd, 2591262.263, 108
Trd, 2591263.246, 107
Trd, 2591264.129, 99
Trd, 2591264.229, 94
Trd, 2591264.813, 113
Trd, 2591265.846, 115
Trd, 2591266.179, 101
Trd, 2591266.213, 93
Trd, 2591266.279, 112
Trd, 2591268.129, 97
Trd, 2591268.679, 118
Trd, 2591269.146, 108
Trd, 2591269.213, 93
Trd, 2591269.329, 109
Trd, 2591269.629, 94
Trd, 2591269.679, 104
Trd, 2591269.746, 91
Trd, 2591270.113, 122
Trd, 2591270.646, 106
Trd, 2591271.496, 98
Trd, 2591271.579, 122
Trd, 2591272.979, 85
Trd, 2591273.146, 80
Trd, 2591274.279, 89
Trd, 2591275.663, 82
Trd, 2591276.763, 88
Trd, 2591277.213, 86
Trd, 2591277.429, 82
Trd, 2591277.879, 112
Trd, 2591278.729, 110
Trd, 2591278.996, 115
Trd, 2591279.546, 107
Trd, 2591280.513, 108
Trd, 2591280.563, 109
Trd, 2591281.279, 93
Trd, 2591281.929, 88
Trd, 2591282.363, 108
Trd, 2591282.479, 113
Trd, 2591283.346, 124
Trd, 2591283.463, 113
Trd, 2591283.513, 90
Trd, 2591283.529, 126
Trd, 2591284.629, 119
Trd, 2591284.729, 103
Trd, 2591285.329, 132
Trd, 2591286.196, 93
Trd, 2591287.646, 107
Trd, 2591287.896, 91
Trd, 2591288.113, 85
Trd, 2591288.129, 83
Trd, 2591288.363, 82
Trd, 2591288.629, 109
Trd, 2591290.879, 107
Trd, 2591291.113, 93
Trd, 2591291.363, 87
Trd, 2591291.629, 108
Trd, 2591293.379, 94
Trd, 2591294.546, 95
Trd, 2591294.779, 92
Trd, 2591295.263, 82
Trd, 2591295.329, 81
Trd, 2591295.663, 100
Trd, 2591296.546, 114
Trd, 2591296.696, 112
Trd, 2591297.196, 107
Trd, 2591297.946, 110
Trd, 2591298.613, 116
Trd, 2591298.763, 94
Trd, 2591299.613, 95
Trd, 2591299.663, 77
Trd, 2591300.613, 125
Trd, 2591301.763, 129
Trd, 2591304.296, 113
Trd, 2591305.096, 110
Trd, 2591305.113, 109
Trd, 2591305.796, 85
Trd, 2591306.463, 111
Trd, 2591307.146, 84
Trd, 2591307.863, 111
Trd, 2591307.896, 107
Trd, 2591309.263, 97
Trd, 2591309.513, 105
Trd, 2591309.696, 110
Trd, 2591309.746, 119
Trd, 2591311.429, 89
Trd, 2591311.713, 118
Trd, 2591312.113, 130
Trd, 2591312.996, 118
Trd, 2591313.029, 117
Trd, 2591313.213, 114
Trd, 2591313.296, 113
Trd, 2591313.996, 128
Trd, 2591315.963, 131
Trd, 2591316.563, 112
Trd, 2591317.263, 97
Trd, 2591317.646, 93
Trd, 2591319.013, 115
Trd, 2591320.063, 90
Trd, 2591320.229, 87
Trd, 2591321.046, 114
Trd, 2591321.813, 94
Trd, 2591322.696, 87
Trd, 2591322.896, 105
Trd, 2591323.796, 116
Trd, 2591324.079, 118
Trd, 2591325.446, 108
Trd, 2591326.129, 109
Trd, 2591327.146, 109
Trd, 2591327.413, 92
Trd, 2591327.763, 91
Trd, 2591327.846, 87
Trd, 2591328.446, 87
Trd, 2591328.629, 88
Trd, 2591328.713, 110
Trd, 2591330.546, 98
Trd, 2591331.229, 88
Trd, 2591332.096, 112
Trd, 2591332.696, 97
Trd, 2591333.496, 105
Trd, 2591334.296, 110
Trd, 2591334.379, 111
Trd, 2591334.529, 80
Trd, 2591335.363, 87
Trd, 2591335.396, 116
Trd, 2591335.829, 107
Trd, 2591335.846, 116
Trd, 2591335.946, 77
Trd, 2591337.096, 80
Trd, 2591338.263, 99
Trd, 2591338.279, 108
Trd, 2591339.546, 101
Trd, 2591339.963, 112
Trd, 2591340.313, 98
Trd, 2591340.446, 95
Trd, 2591341.929, 113
Trd, 2591342.713, 108
Trd, 2591342.763, 103
Trd, 2591343.396, 115
Trd, 2591343.863, 98
Trd, 2591344.129, 97
Trd, 2591344.479, 123
Trd, 2591344.913, 99
Trd, 2591345.946, 86
Trd, 2591346.746, 94
Trd, 2591348.729, 103
Trd, 2591348.863, 93
Trd, 2591349.779, 105
Trd, 2591350.196, 106
Trd, 2591350.479, 82
Trd, 2591351.463, 105
Trd, 2591353.746, 112
Trd, 2591354.463, 104
Trd, 2591355.446, 105
Trd, 2591355.463, 107
Trd, 2591355.813, 104
Trd, 2591357.596, 106
Trd, 2591358.813, 111
Trd, 2591359.113, 108
Trd, 2591359.613, 117
Trd, 2591360.263, 92
Trd, 2591360.646, 84
Trd, 2591361.646, 83
Trd, 2591361.713, 90
Trd, 2591361.929, 91
Trd, 2591362.529, 89
Trd, 2591363.613, 110
Trd, 2591364.029, 91
Trd, 2591364.413, 86
Trd, 2591365.396, 86
Trd, 2591365.579, 103
Trd, 2591365.763, 104
Trd, 2591366.363, 84
Trd, 2591366.596, 105
Trd, 2591367.013, 108
Trd, 2591367.863, 98
Trd, 2591368.029, 96
Trd, 2591368.929, 94
Trd, 2591369.996, 104
Trd, 2591370.229, 112
Trd, 2591370.346, 93
Trd, 2591372.146, 93
Trd, 2591373.479, 89
Trd, 2591373.513, 110
Trd, 2591373.663, 113
Trd, 2591376.113, 85
Trd, 2591376.796, 76
Trd, 2591377.196, 109
Trd, 2591377.929, 98
Trd, 2591378.363, 97
Trd, 2591378.396, 104
Trd, 2591378.429, 81
Trd, 2591378.729, 90
Trd, 2591378.829, 80
Trd, 2591380.679, 79
Trd, 2591380.813, 103
Trd, 2591381.729, 107
Trd, 2591382.063, 88
Trd, 2591382.346, 109
Trd, 2591382.913, 84
Trd, 2591384.796, 110
Trd, 2591386.229, 101
Trd, 2591386.279, 101
Trd, 2591386.796, 111
Trd, 2591388.229, 89
Trd, 2591389.363, 109
Trd, 2591389.429, 114
Trd, 2591389.446, 117
Trd, 2591389.813, 87
Trd, 2591390.496, 93
Trd, 2591391.046, 106
Trd, 2591391.579, 87
Trd, 2591392.013, 89
Trd, 2591392.346, 90
Trd, 2591393.363, 108
Trd, 2591393.596, 87
Trd, 2591394.129, 95
Trd, 2591395.563, 99
Trd, 2591395.596, 94
Trd, 2591395.863, 101
Trd, 2591395.979, 102
Trd, 2591396.029, 84
Trd, 2591396.863, 83
Trd, 2591397.513, 82
Trd, 2591397.629, 102
Trd, 2591400.646, 98
Trd, 2591401.546, 99
Trd, 2591402.063, 98
Trd, 2591403.429, 113
Trd, 2591403.946, 108
Trd, 2591404.613, 97
Trd, 2591404.913, 112
Trd, 2591405.896, 107
Trd, 2591407.146, 111
Trd, 2591408.179, 105
Trd, 2591408.779, 121
Trd, 2591409.896, 108
Trd, 2591410.479, 108
Trd, 2591410.646, 106
Trd, 2591411.379, 97
Trd, 2591411.696, 113
Trd, 2591412.096, 106
Trd, 2591413.246, 93
Trd, 2591413.546, 89
Trd, 2591413.729, 112
Trd, 2591413.879, 115
Trd, 2591414.646, 87
Trd, 2591415.113, 115
Trd, 2591415.879, 82
Trd, 2591416.213, 78
Trd, 2591416.263, 87
Trd, 2591416.596, 78
Trd, 2591417.346, 85
Trd, 2591417.596, 87
Trd, 2591417.713, 91
Trd, 2591417.829, 117
Trd, 2591418.363, 70
Trd, 2591419.379, 83
Trd, 2591419.963, 87
Trd, 2591420.363, 106
Trd, 2591422.296, 99
Trd, 2591422.696, 107
Trd, 2591423.463, 92
Trd, 2591423.896, 79
Trd, 2591424.063, 111
Trd, 2591424.096, 117
Trd, 2591424.363, 117
Trd, 2591424.496, 115
Trd, 2591424.713, 112
Trd, 2591425.579, 81
Trd, 2591426.379, 107
Trd, 2591429.879, 100
Trd, 2591430.096, 110
Trd, 2591430.179, 99
Trd, 2591430.613, 92
Trd, 2591431.346, 99
Trd, 2591431.979, 113
Trd, 2591433.729, 112
Trd, 2591434.479, 116
Trd, 2591434.496, 109
Trd, 2591435.863, 95
Trd, 2591436.413, 118
Trd, 2591437.079, 112
Trd, 2591437.196, 99
Trd, 2591437.363, 91
Trd, 2591437.746, 98
Trd, 2591437.813, 86
Trd, 2591438.246, 101
Trd, 2591438.929, 111
Trd, 2591439.113, 82
Trd, 2591440.646, 113
Trd, 2591441.496, 97
Trd, 2591441.546, 92
Trd, 2591442.979, 112
Trd, 2591443.013, 91
Trd, 2591443.479, 114
Trd, 2591444.746, 112
Trd, 2591445.929, 114
Trd, 2591446.163, 113
Trd, 2591447.063, 117
Trd, 2591447.413, 99
Trd, 2591447.663, 112
Trd, 2591448.679, 101
Trd, 2591448.813, 93
Trd, 2591449.429, 93
Trd, 2591450.246, 91
Trd, 2591451.146, 83
Trd, 2591452.146, 101
Trd, 2591452.696, 112
Trd, 2591453.296, 85
Trd, 2591453.396, 113
Trd, 2591453.746, 115
Trd, 2591454.729, 121
Trd, 2591455.646, 99
Trd, 2591455.696, 91
Trd, 2591456.129, 116
Trd, 2591456.513, 96
Trd, 2591457.313, 95
Trd, 2591457.929, 91
Trd, 2591458.113, 96
Trd, 2591459.013, 104
Trd, 2591459.946, 111
Trd, 2591461.479, 111
Trd, 2591461.929, 106
Trd, 2591463.513, 87
Trd, 2591463.679, 86
Trd, 2591464.179, 88
Trd, 2591464.246, 83
Trd, 2591464.929, 90
Trd, 2591466.379, 91
Trd, 2591466.479, 91
Trd, 2591467.613, 94
Trd, 2591468.363, 105
Trd, 2591468.463, 92
Trd, 2591468.579, 110
Trd, 2591469.096, 103
Trd, 2591470.496, 90
Trd, 2591470.646, 92
Trd, 2591470.963, 102
Trd, 2591471.646, 89
Trd, 2591472.146, 95
Trd, 2591472.346, 89
Trd, 2591472.779, 83
Trd, 2591473.213, 112
Trd, 2591475.246, 115
Trd, 2591476.129, 93
Trd, 2591476.596, 87
Trd, 2591476.913, 113
Trd, 2591476.929, 84
Trd, 2591477.479, 113
Trd, 2591477.546, 114
Trd, 2591477.696, 98
Trd, 2591478.146, 108
Trd, 2591478.346, 98
Trd, 2591478.396, 83
Trd, 2591478.496, 85
Trd, 2591479.413, 116
Trd, 2591480.046, 88
Trd, 2591480.646, 131
Trd, 2591480.813, 80
Trd, 2591481.263, 67
Trd, 2591481.329, 80
Trd, 2591481.546, 117
Trd, 2591482.796, 85
Trd, 2591483.663, 83
Trd, 2591485.379, 110
Trd, 2591485.529, 139
Trd, 2591486.913, 102
Trd, 2591487.096, 78
Trd, 2591487.496, 112
Trd, 2591487.613, 115
Trd, 2591488.413, 101
Trd, 2591488.429, 81
Trd, 2591488.696, 116
Trd, 2591490.063, 102
Trd, 2591490.863, 98
Trd, 2591491.563, 87
Trd, 2591491.996, 80
Trd, 2591492.929, 83
Trd, 2591493.646, 87
Trd, 2591493.746, 89
Trd, 2591493.829, 93
Trd, 2591493.913, 82
Trd, 2591494.996, 108
Trd, 2591495.679, 92
Trd, 2591496.713, 101
Trd, 2591497.329, 96
Trd, 2591497.746, 90
Trd, 2591498.846, 97
Trd, 2591501.046, 102
Trd, 2591501.496, 103
Trd, 2591501.613, 105
Trd, 2591502.296, 107
Trd, 2591503.213, 102
Trd, 2591503.429, 88
Trd, 2591504.613, 111
Trd, 2591505.096, 81
Trd, 2591505.646, 115
Trd, 2591507.163, 96
Trd, 2591507.396, 93
Trd, 2591508.729, 90
Trd, 2591509.013, 110
Trd, 2591509.229, 114
Trd, 2591509.529, 108
Trd, 2591509.613, 93
Trd, 2591509.813, 82
Trd, 2591510.463, 84
Trd, 2591511.529, 114
Trd, 2591512.113, 85
Trd, 2591512.529, 103
Trd, 2591512.863, 117
Trd, 2591513.663, 125
Trd, 2591514.696, 97
Trd, 2591514.879, 108
Trd, 2591515.263, 91
Trd, 2591515.413, 82
Trd, 2591517.096, 89
Trd, 2591517.146, 77
Trd, 2591517.529, 90
Trd, 2591518.029, 91
Trd, 2591519.429, 114
Trd, 2591520.279, 117
Trd, 2591520.613, 89
Trd, 2591521.596, 85
Trd, 2591522.229, 92
Trd, 2591522.529, 90
Trd, 2591522.913, 79
Trd, 2591523.246, 103
Trd, 2591524.879, 81
Trd, 2591525.596, 113
Trd, 2591526.329, 129
Trd, 2591527.446, 95
Trd, 2591527.729, 132
Trd, 2591527.963, 98
Trd, 2591528.096, 94
Trd, 2591529.779, 95
Trd, 2591530.413, 88
Trd, 2591530.663, 114
Trd, 2591531.029, 108
Trd, 2591531.429, 84
Trd, 2591531.479, 94
Trd, 2591533.029, 77
Trd, 2591533.363, 89
Trd, 2591533.396, 91
Trd, 2591533.563, 77
Trd, 2591534.496, 90
Trd, 2591535.246, 81
Trd, 2591536.046, 83
Trd, 2591536.463, 105
Trd, 2591537.746, 107
Trd, 2591538.346, 81
Trd, 2591538.979, 95
Trd, 2591539.863, 105
Trd, 2591540.579, 80
Trd, 2591541.463, 93
Trd, 2591541.829, 103
Trd, 2591542.263, 82
Trd, 2591542.329, 112
Trd, 2591543.413, 118
Trd, 2591543.429, 113
Trd, 2591544.729, 91
Trd, 2591545.146, 82
Trd, 2591545.179, 112
Trd, 2591545.429, 80
Trd, 2591546.046, 121
Trd, 2591548.279, 122
Trd, 2591548.996, 112
Trd, 2591549.129, 112
Trd, 2591549.379, 101
Trd, 2591549.863, 105
Trd, 2591550.229, 97
Trd, 2591550.879, 97
Trd, 2591551.263, 91
Trd, 2591552.296, 108
Trd, 2591552.513, 103
Trd, 2591554.113, 90
Trd, 2591554.729, 116
Trd, 2591554.979, 88
Trd, 2591555.029, 85
Trd, 2591555.663, 117
Trd, 2591557.713, 96
Trd, 2591558.063, 103
Trd, 2591558.463, 102
Trd, 2591559.846, 87
Trd, 2591560.996, 101
Trd, 2591561.096, 102
Trd, 2591561.179, 109
Trd, 2591561.879, 85
Trd, 2591561.896, 114
Trd, 2591562.913, 90
Trd, 2591564.429, 118
Trd, 2591564.579, 95
Trd, 2591564.896, 109
Trd, 2591565.413, 93
Trd, 2591566.296, 96
Trd, 2591566.463, 107
Trd, 2591566.513, 95
Trd, 2591566.546, 88
Trd, 2591566.679, 110
Trd, 2591568.563, 114
Trd, 2591569.346, 97
Trd, 2591569.679, 83
Trd, 2591570.346, 85
Trd, 2591571.213, 115
Trd, 2591571.329, 113
Trd, 2591571.446, 112
Trd, 2591572.029, 85
Trd, 2591574.263, 87
Trd, 2591574.929, 108
Trd, 2591574.996, 89
Trd, 2591575.396, 113
Trd, 2591575.896, 90
Trd, 2591576.396, 83
Trd, 2591576.613, 80
Trd, 2591577.479, 91
Trd, 2591577.629, 91
Trd, 2591577.663, 92
Trd, 2591578.329, 101
Trd, 2591578.696, 91
Trd, 2591579.329, 112
Trd, 2591581.179, 108
Trd, 2591583.763, 115
Trd, 2591584.363, 116
Trd, 2591584.463, 98
Trd, 2591584.729, 112
Trd, 2591586.713, 126
Trd, 2591587.046, 116
Trd, 2591588.563, 109
Trd, 2591588.696, 131
Trd, 2591588.896, 111
Trd, 2591589.429, 106
Trd, 2591589.813, 105
Trd, 2591590.146, 131
Trd, 2591590.863, 91
Trd, 2591590.929, 91
Trd, 2591591.063, 90
Trd, 2591591.529, 86
Trd, 2591592.413, 80
Trd, 2591593.013, 114
Trd, 2591593.329, 112
Trd, 2591594.113, 90
Trd, 2591594.279, 82
Trd, 2591594.546, 112
Trd, 2591595.779, 108
Trd, 2591596.629, 82
Trd, 2591597.746, 116
Trd, 2591598.246, 116
Trd, 2591598.746, 107
Trd, 2591598.846, 95
Trd, 2591598.963, 91
Trd, 2591599.296, 89
Trd, 2591600.196, 94
Trd, 2591601.163, 111
Trd, 2591602.629, 102
Trd, 2591602.779, 85
Trd, 2591603.063, 118
Trd, 2591603.129, 85
Trd, 2591603.213, 132
Trd, 2591606.213, 92
Trd, 2591607.113, 113
Trd, 2591607.146, 104
Trd, 2591607.346, 101
Trd, 2591607.446, 108
Trd, 2591607.613, 93
Trd, 2591608.446, 84
Trd, 2591609.513, 90
Trd, 2591610.463, 112
Trd, 2591611.063, 85
Trd, 2591612.129, 97
Trd, 2591612.613, 91
Trd, 2591613.779, 110
Trd, 2591613.829, 105
Trd, 2591614.013, 95
Trd, 2591614.613, 91
Trd, 2591615.696, 96
Trd, 2591615.996, 110
Trd, 2591616.246, 86
Trd, 2591616.379, 115
Trd, 2591617.379, 82
Trd, 2591618.429, 87
Trd, 2591618.463, 82
Trd, 2591618.896, 89
Trd, 2591618.946, 70
Trd, 2591619.863, 114
Trd, 2591620.213, 115
Trd, 2591620.663, 110
Trd, 2591620.846, 129
Trd, 2591621.513, 117
Trd, 2591622.279, 94
Trd, 2591623.263, 87
Trd, 2591623.363, 86
Trd, 2591624.796, 88
Trd, 2591625.296, 82
Trd, 2591625.796, 103
Trd, 2591625.963, 109
Trd, 2591626.013, 114
Trd, 2591626.396, 71
Trd, 2591626.579, 77
Trd, 2591626.863, 108
Trd, 2591627.313, 63
Trd, 2591628.496, 103
Trd, 2591629.913, 97
Trd, 2591630.413, 101
Trd, 2591631.246, 109
Trd, 2591632.096, 111
Trd, 2591632.446, 95
Trd, 2591632.463, 115
Trd, 2591633.129, 91
Trd, 2591635.046, 110
Trd, 2591635.913, 97
Trd, 2591637.613, 104
Trd, 2591637.796, 107
Trd, 2591637.846, 107
Trd, 2591637.896, 110
Trd, 2591638.413, 104
Trd, 2591638.446, 104
Trd, 2591639.479, 98
Trd, 2591640.879, 89
Trd, 2591641.029, 100
Trd, 2591641.879, 99
Trd, 2591642.146, 90
Trd, 2591642.246, 110
Trd, 2591642.446, 84
Trd, 2591643.329, 99
Trd, 2591644.746, 112
Trd, 2591644.763, 90
Trd, 2591645.313, 113
Trd, 2591645.396, 75
Trd, 2591645.463, 115
Trd, 2591645.496, 83
Trd, 2591647.046, 93
Trd, 2591647.413, 91
Trd, 2591647.596, 108
Trd, 2591648.146, 117
Trd, 2591648.763, 91
Trd, 2591649.013, 114
Trd, 2591649.896, 116
Trd, 2591651.246, 95
Trd, 2591652.129, 118
Trd, 2591652.346, 93
Trd, 2591652.979, 98
Trd, 2591654.079, 86
Trd, 2591654.596, 83
Trd, 2591655.296, 110
Trd, 2591655.596, 112
Trd, 2591656.796, 94
Trd, 2591657.279, 111
Trd, 2591658.213, 91
Trd, 2591659.496, 92
Trd, 2591659.863, 99
Trd, 2591659.879, 104
Trd, 2591660.679, 100
Trd, 2591661.096, 102
Trd, 2591661.629, 103
Trd, 2591663.613, 103
Trd, 2591664.329, 97
Trd, 2591666.429, 102
Trd, 2591667.179, 95
Trd, 2591668.246, 97
Trd, 2591668.896, 91
Trd, 2591669.229, 98
Trd, 2591669.329, 108
Trd, 2591669.729, 112
Trd, 2591670.246, 111
Trd, 2591670.829, 103
Trd, 2591671.246, 100
Trd, 2591671.429, 96
Trd, 2591672.713, 97
Trd, 2591673.246, 93
Trd, 2591673.629, 100
Trd, 2591673.763, 97
Trd, 2591674.863, 114
Trd, 2591674.929, 115
Trd, 2591676.346, 91
Trd, 2591677.646, 97
Trd, 2591678.113, 106
Trd, 2591679.013, 95
Trd, 2591679.529, 109
Trd, 2591680.013, 87
Trd, 2591680.696, 88
Trd, 2591681.863, 109
Trd, 2591683.213, 100
Trd, 2591683.313, 103
Trd, 2591683.329, 99
Trd, 2591683.629, 108
Trd, 2591684.063, 92
Trd, 2591684.846, 106
Trd, 2591685.663, 91
Trd, 2591686.179, 91
Trd, 2591686.579, 113
Trd, 2591687.213, 105
Trd, 2591688.063, 93
Trd, 2591688.079, 116
Trd, 2591688.229, 98
Trd, 2591688.546, 90
Trd, 2591688.863, 123
Trd, 2591689.063, 82
Trd, 2591689.763, 114
Trd, 2591690.013, 113
Trd, 2591690.896, 92
Trd, 2591692.429, 97
Trd, 2591692.746, 107
Trd, 2591692.996, 105
Trd, 2591693.096, 90
Trd, 2591696.246, 104
Trd, 2591696.263, 115
Trd, 2591696.396, 98
Trd, 2591697.013, 111
Trd, 2591697.663, 111
Trd, 2591697.929, 104
Trd, 2591698.213, 104
Trd, 2591698.379, 114
Trd, 2591698.879, 106
Trd, 2591698.913, 102
Trd, 2591698.979, 99
Trd, 2591700.713, 124
Trd, 2591702.996, 90
Trd, 2591703.029, 87
Trd, 2591704.529, 105
Trd, 2591705.179, 111
Trd, 2591705.379, 101
Trd, 2591705.596, 99
Trd, 2591706.046, 109
Trd, 2591706.629, 99
Trd, 2591706.779, 98
Trd, 2591707.929, 79
Trd, 2591707.979, 111
Trd, 2591708.613, 105
Trd, 2591709.179, 84
Trd, 2591709.196, 82
Trd, 2591710.496, 77
Trd, 2591712.213, 88
Trd, 2591712.996, 90
Trd, 2591713.063, 81
Trd, 2591715.629, 91
Trd, 2591716.779, 99
Trd, 2591717.579, 104
Trd, 2591719.229, 111
Trd, 2591719.579, 111
Trd, 2591720.179, 112
Trd, 2591720.279, 115
Trd, 2591720.696, 101
Trd, 2591720.846, 112
Trd, 2591720.963, 87
Trd, 2591722.296, 94
Trd, 2591723.013, 91
Trd, 2591724.213, 111
Trd, 2591724.363, 117
Trd, 2591724.446, 98
Trd, 2591724.796, 91
Trd, 2591725.979, 109
Trd, 2591726.696, 90
Trd, 2591727.463, 98
Trd, 2591727.646, 113
Trd, 2591727.663, 88
Trd, 2591727.796, 116
Trd, 2591727.829, 84
Trd, 2591728.346, 112
Trd, 2591728.679, 91
Trd, 2591729.613, 82
Trd, 2591730.129, 89
Trd, 2591730.596, 90
Trd, 2591731.296, 113
Trd, 2591732.729, 101
Trd, 2591733.179, 96
Trd, 2591733.246, 84
Trd, 2591733.546, 84
Trd, 2591735.046, 81
Trd, 2591736.346, 102
Trd, 2591736.513, 97
Trd, 2591736.996, 89
Trd, 2591737.296, 98
Trd, 2591737.429, 89
Trd, 2591737.863, 104
Trd, 2591738.596, 110
Trd, 2591739.029, 82
Trd, 2591739.613, 99
Trd, 2591741.179, 114
Trd, 2591741.396, 112
Trd, 2591742.546, 108
Trd, 2591742.929, 95
Trd, 2591742.946, 114
Trd, 2591744.129, 91
Trd, 2591744.813, 87
Trd, 2591744.896, 110
Trd, 2591746.163, 91
Trd, 2591747.579, 78
Trd, 2591749.363, 97
Trd, 2591749.513, 90
Trd, 2591749.663, 108
Trd, 2591749.796, 113
Trd, 2591749.929, 89
Trd, 2591750.079, 89
Trd, 2591750.529, 106
Trd, 2591750.896, 80
Trd, 2591751.946, 83
Trd, 2591751.996, 113
Trd, 2591753.129, 113
Trd, 2591755.696, 86
Trd, 2591755.796, 85
Trd, 2591756.029, 106
Trd, 2591757.863, 88
Trd, 2591758.946, 101
Trd, 2591759.079, 91
Trd, 2591760.263, 106
Trd, 2591760.363, 107
Trd, 2591761.013, 104
Trd, 2591761.529, 108
Trd, 2591761.796, 109
Trd, 2591761.829, 98
Trd, 2591761.979, 88
Trd, 2591762.563, 92
Trd, 2591764.229, 108
Trd, 2591764.396, 112
Trd, 2591765.746, 118
Trd, 2591765.863, 95
Trd, 2591766.196, 126
Trd, 2591766.729, 92
Trd, 2591767.513, 90
Trd, 2591767.713, 105
Trd, 2591768.713, 84
Trd, 2591769.046, 112
Trd, 2591770.946, 94
Trd, 2591771.146, 116
Trd, 2591771.296, 118
Trd, 2591771.829, 107
Trd, 2591771.996, 91
Trd, 2591772.429, 88
Trd, 2591773.129, 106
Trd, 2591774.013, 78
Trd, 2591774.529, 105
Trd, 2591774.729, 80
Trd, 2591775.079, 83
Trd, 2591775.413, 129
Trd, 2591776.079, 73
Trd, 2591776.329, 130
Trd, 2591776.463, 112
Trd, 2591776.763, 114
Trd, 2591776.996, 79
Trd, 2591777.329, 77
Trd, 2591778.079, 122
Trd, 2591779.396, 125
Trd, 2591780.046, 117
Trd, 2591780.346, 116
Trd, 2591781.179, 111
Trd, 2591783.179, 87
Trd, 2591783.229, 111
Trd, 2591783.763, 102
Trd, 2591784.763, 93
Trd, 2591785.113, 108
Trd, 2591785.796, 109
Trd, 2591786.829, 98
Trd, 2591787.046, 94
Trd, 2591787.146, 116
Trd, 2591787.263, 126
Trd, 2591787.496, 95
Trd, 2591790.063, 98
Trd, 2591790.496, 101
Trd, 2591790.729, 88
Trd, 2591790.879, 80
Trd, 2591791.279, 79
Trd, 2591791.829, 92
Trd, 2591792.163, 104
Trd, 2591793.296, 91
Trd, 2591794.163, 87
Trd, 2591794.913, 93
Trd, 2591795.479, 104
Trd, 2591796.546, 107
Trd, 2591797.163, 114
Trd, 2591797.379, 104
Trd, 2591799.429, 105
Trd, 2591799.796, 100
Trd, 2591801.079, 88
Trd, 2591801.413, 87
Trd, 2591801.579, 106
Trd, 2591801.596, 109
Trd, 2591802.046, 104
Trd, 2591802.896, 99
Trd, 2591803.063, 112
Trd, 2591804.379, 87
Trd, 2591804.896, 92
Trd, 2591806.029, 99
Trd, 2591806.313, 83
Trd, 2591806.579, 87
Trd, 2591807.179, 81
Trd, 2591807.213, 77
Trd, 2591808.446, 89
Trd, 2591808.463, 105
Trd, 2591809.846, 107
Trd, 2591810.563, 85
Trd, 2591811.546, 110
Trd, 2591812.296, 96
Trd, 2591812.513, 111
Trd, 2591812.879, 112
Trd, 2591812.946, 115
Trd, 2591813.329, 117
Trd, 2591814.546, 108
Trd, 2591814.929, 99
Trd, 2591815.663, 93
Trd, 2591816.113, 109
Trd, 2591817.046, 100
Trd, 2591817.196, 99
Trd, 2591817.263, 110
Trd, 2591818.179, 88
Trd, 2591819.096, 79
Trd, 2591819.963, 81
Trd, 2591820.263, 115
Trd, 2591821.296, 77
Trd, 2591821.429, 87
Trd, 2591821.513, 83
Trd, 2591821.646, 102
Trd, 2591822.163, 110
Trd, 2591822.263, 117
Trd, 2591823.713, 118
Trd, 2591824.196, 104
Trd, 2591825.029, 78
Trd, 2591825.646, 87
Trd, 2591825.879, 99
Trd, 2591827.596, 86
Trd, 2591828.696, 92
Trd, 2591829.079, 93
Trd, 2591829.379, 108
Trd, 2591830.296, 88
Trd, 2591830.329, 105
Trd, 2591831.146, 93
Trd, 2591831.529, 104
Trd, 2591831.796, 111
Trd, 2591833.263, 114
Trd, 2591833.313, 99
Trd, 2591833.396, 94
Trd, 2591834.063, 115
Trd, 2591835.346, 111
Trd, 2591836.329, 91
Trd, 2591836.396, 84
Trd, 2591836.896, 119
Trd, 2591836.929, 112
Trd, 2591838.279, 112
Trd, 2591838.413, 105
Trd, 2591839.229, 105
Trd, 2591839.846, 113
Trd, 2591839.963, 113
Trd, 2591840.113, 77
Trd, 2591840.263, 111
Trd, 2591840.563, 114
Trd, 2591840.913, 74
Trd, 2591843.813, 97
Trd, 2591844.363, 112
Trd, 2591844.696, 111
Trd, 2591845.263, 101
Trd, 2591845.413, 92
Trd, 2591846.029, 116
Trd, 2591846.729, 96
Trd, 2591846.896, 90
Trd, 2591847.446, 110
Trd, 2591847.546, 118
Trd, 2591847.996, 101
Trd, 2591848.313, 90
Trd, 2591849.046, 128
Trd, 2591851.446, 128
Trd, 2591851.479, 129
Trd, 2591851.713, 125
Trd, 2591852.346, 112
Trd, 2591853.479, 87
Trd, 2591853.679, 117
Trd, 2591855.563, 98
Trd, 2591855.846, 96
Trd, 2591855.896, 89
Trd, 2591855.913, 115
Trd, 2591856.313, 121
Trd, 2591857.013, 123
Trd, 2591857.746, 113
Trd, 2591858.029, 112
Trd, 2591859.479, 97
Trd, 2591859.813, 116
Trd, 2591860.313, 119
Trd, 2591861.746, 95
Trd, 2591862.446, 100
Trd, 2591862.946, 110
Trd, 2591865.513, 96
Trd, 2591866.263, 93
Trd, 2591866.279, 97
Trd, 2591866.346, 112
Trd, 2591866.513, 91
Trd, 2591866.763, 89
Trd, 2591868.213, 91
Trd, 2591869.479, 111
Trd, 2591869.579, 112
Trd, 2591872.029, 116
Trd, 2591872.713, 109
Trd, 2591873.113, 114
Trd, 2591873.546, 115
Trd, 2591874.329, 117
Trd, 2591874.463, 116
Trd, 2591874.713, 101
Trd, 2591874.796, 95
Trd, 2591875.013, 94
Trd, 2591875.846, 107
Trd, 2591876.246, 95
Trd, 2591876.346, 91
Trd, 2591877.363, 104
Trd, 2591877.563, 110
Trd, 2591878.146, 110
Trd, 2591880.079, 103
Trd, 2591880.213, 101
Trd, 2591882.496, 101
Trd, 2591882.863, 115
Trd, 2591882.996, 88
Trd, 2591883.429, 114
Trd, 2591884.629, 115
Trd, 2591886.279, 94
Trd, 2591887.146, 94
Trd, 2591887.213, 117
Trd, 2591887.446, 121
Trd, 2591887.679, 111
Trd, 2591887.763, 91
Trd, 2591889.329, 84
Trd, 2591889.513, 112
Trd, 2591891.163, 105
Trd, 2591891.296, 90
Trd, 2591892.063, 104
Trd, 2591892.579, 92
Trd, 2591892.646, 106
Trd, 2591892.713, 108
Trd, 2591892.746, 111
Trd, 2591893.529, 103
Trd, 2591894.846, 90
Trd, 2591895.313, 92
Trd, 2591895.446, 88
Trd, 2591896.079, 128
Trd, 2591896.696, 118
Trd, 2591897.146, 96
Trd, 2591897.263, 111
Trd, 2591898.729, 101
Trd, 2591898.896, 84
Trd, 2591899.363, 101
Trd, 2591900.213, 112
Trd, 2591900.229, 93
Trd, 2591900.729, 91
Trd, 2591901.046, 107
Trd, 2591902.629, 116
Trd, 2591902.713, 89
Trd, 2591903.196, 117
Trd, 2591903.546, 96
Trd, 2591905.046, 108
Trd, 2591905.146, 109
Trd, 2591905.196, 114
Trd, 2591905.296, 83
Trd, 2591905.579, 101
Trd, 2591906.413, 119
Trd, 2591906.763, 118
Trd, 2591908.596, 96
Trd, 2591909.029, 109
Trd, 2591909.196, 115
Trd, 2591910.396, 95
Trd, 2591910.763, 93
Trd, 2591910.863, 112
Trd, 2591911.296, 86
Trd, 2591913.646, 90
Trd, 2591915.413, 94
Trd, 2591915.679, 97
Trd, 2591916.363, 93
Trd, 2591916.379, 89
Trd, 2591916.679, 89
Trd, 2591917.563, 108
Trd, 2591918.029, 107
Trd, 2591918.296, 84
Trd, 2591918.713, 82
Trd, 2591919.063, 106
Trd, 2591920.713, 88
Trd, 2591920.796, 80
Trd, 2591921.263, 77
Trd, 2591922.013, 95
Trd, 2591922.546, 77
Trd, 2591923.229, 100
Trd, 2591923.529, 101
Trd, 2591923.629, 106
Trd, 2591924.863, 109
Trd, 2591925.479, 108
Trd, 2591925.563, 109
Trd, 2591926.063, 95
Trd, 2591926.096, 113
Trd, 2591926.813, 76
Trd, 2591927.179, 69
Trd, 2591927.629, 77
Trd, 2591927.729, 65
Trd, 2591929.046, 97
Trd, 2591930.096, 96
Trd, 2591930.413, 100
Trd, 2591931.763, 112
Trd, 2591932.813, 110
Trd, 2591934.046, 107
Trd, 2591935.063, 107
Trd, 2591935.229, 96
Trd, 2591935.346, 112
Trd, 2591935.929, 103
Trd, 2591937.129, 91
Trd, 2591937.513, 101
Trd, 2591938.196, 90
Trd, 2591939.413, 96
Trd, 2591939.929, 100
Trd, 2591940.146, 108
Trd, 2591940.446, 96
Trd, 2591940.713, 95
Trd, 2591941.879, 97
Trd, 2591942.413, 99
Trd, 2591942.713, 92
Trd, 2591942.746, 91
Trd, 2591942.879, 99
Trd, 2591944.029, 114
Trd, 2591944.063, 95
Trd, 2591944.296, 115
Trd, 2591946.413, 88
Trd, 2591946.563, 90
Trd, 2591947.113, 87
Trd, 2591947.229, 91
Trd, 2591947.729, 105
Trd, 2591949.413, 115
Trd, 2591949.663, 123
Trd, 2591950.196, 114
Trd, 2591951.179, 109
Trd, 2591951.313, 107
Trd, 2591951.496, 111
Trd, 2591951.729, 84
Trd, 2591952.996, 116
Trd, 2591953.629, 93
Trd, 2591953.946, 112
Trd, 2591953.963, 132
Trd, 2591954.813, 108
Trd, 2591955.213, 94
Trd, 2591955.646, 90
Trd, 2591956.729, 88
Trd, 2591958.529, 91
Trd, 2591959.446, 103
Trd, 2591959.979, 83
Trd, 2591960.029, 109
Trd, 2591960.529, 78
Trd, 2591960.546, 88
Trd, 2591961.213, 82
Trd, 2591961.779, 97
Trd, 2591962.079, 95
Trd, 2591962.179, 109
Trd, 2591962.963, 117
Trd, 2591963.346, 115
Trd, 2591964.646, 112
Trd, 2591965.579, 112
Trd, 2591966.379, 114
Trd, 2591967.029, 99
Trd, 2591967.579, 105
Trd, 2591968.929, 81
Trd, 2591969.413, 101
Trd, 2591969.779, 87
Trd, 2591970.563, 101
Trd, 2591970.596, 110
Trd, 2591970.646, 113
Trd, 2591970.679, 91
Trd, 2591971.029, 83
Trd, 2591971.946, 89
Trd, 2591971.963, 84
Trd, 2591972.996, 122
Trd, 2591973.046, 127
Trd, 2591973.513, 88
Trd, 2591974.179, 103
Trd, 2591974.279, 126
Trd, 2591974.613, 86
Trd, 2591974.796, 87
Trd, 2591976.796, 98
Trd, 2591977.029, 94
Trd, 2591978.279, 105
Trd, 2591978.946, 89
Trd, 2591979.479, 82
Trd, 2591980.179, 81
Trd, 2591980.363, 81
Trd, 2591980.879, 104
Trd, 2591981.646, 107
Trd, 2591982.529, 108
Trd, 2591983.796, 114
Trd, 2591984.096, 112
Trd, 2591984.546, 115
Trd, 2591984.913, 110
Trd, 2591984.946, 109
Trd, 2591985.129, 101
Trd, 2591986.396, 90
Trd, 2591986.529, 82
Trd, 2591986.879, 98
Trd, 2591987.296, 121
Trd, 2591987.379, 81
Trd, 2591988.579, 128
Trd, 2591991.146, 120
Trd, 2591991.446, 102
Trd, 2591991.813, 113
Trd, 2591991.929, 96
Trd, 2591992.446, 91
Trd, 2591992.863, 91
Trd, 2591993.263, 103
Trd, 2591994.713, 101
Trd, 2591994.863, 110
Trd, 2591995.929, 90
Trd, 2591995.946, 118
Trd, 2591996.129, 87
Trd, 2591996.729, 123
Trd, 2591996.996, 122
Trd, 2591997.529, 84
Trd, 2591998.196, 89
Trd, 2591999.329, 129
Trd, 2591999.463, 113
Trd, 2591999.596, 100
Trd, 2591999.979, 106
