Trd, 2590625.779, 90
Trd, 2590625.863, 107
Trd, 2590626.963, 87
Trd, 2590627.463, 81
Trd, 2590628.663, 98
Trd, 2590628.879, 101
Trd, 2590629.096, 93
Trd, 2590630.346, 104
Trd, 2590630.596, 103
Trd, 2590630.996, 104
Trd, 2590631.779, 104
Trd, 2590632.579, 110
Trd, 2590632.663, 103
Trd, 2590633.229, 100
Trd, 2590633.846, 99
Trd, 2590634.496, 112
Trd, 2590635.296, 90
Trd, 2590635.363, 90
Trd, 2590637.663, 90
Trd, 2590637.846, 104
Trd, 2590637.946, 88
Trd, 2590638.363, 90
Trd, 2590639.029, 93
Trd, 2590639.429, 101
Trd, 2590641.713, 102
Trd, 2590643.063, 101
Trd, 2590644.629, 99
Trd, 2590645.329, 95
Trd, 2590647.013, 101
Trd, 2590647.063, 94
Trd, 2590647.279, 93
Trd, 2590648.146, 101
Trd, 2590648.363, 109
Trd, 2590648.896, 114
Trd, 2590649.313, 94
Trd, 2590650.229, 93
Trd, 2590650.679, 90
Trd, 2590653.229, 107
Trd, 2590653.579, 108
Trd, 2590653.746, 113
Trd, 2590656.213, 104
Trd, 2590656.279, 103
Trd, 2590656.813, 101
Trd, 2590657.463, 124
Trd, 2590659.229, 104
Trd, 2590659.496, 111
Trd, 2590659.529, 99
Trd, 2590659.679, 93
Trd, 2590660.346, 109
Trd, 2590660.829, 103
Trd, 2590661.646, 101
Trd, 2590661.929, 111
Trd, 2590664.046, 96
Trd, 2590664.479, 99
Trd, 2590666.829, 93
Trd, 2590668.163, 101
Trd, 2590668.446, 114
Trd, 2590669.013, 108
Trd, 2590669.429, 94
Trd, 2590670.096, 98
Trd, 2590670.179, 103
Trd, 2590670.429, 91
Trd, 2590672.863, 108
Trd, 2590673.363, 114
Trd, 2590674.179, 102
Trd, 2590674.629, 101
Trd, 2590674.829, 96
Trd, 2590674.863, 95
Trd, 2590675.279, 108
Trd, 2590676.313, 105
Trd, 2590677.879, 111
Trd, 2590679.479, 109
Trd, 2590679.579, 108
Trd, 2590679.863, 103
Trd, 2590680.196, 113
Trd, 2590680.429, 103
Trd, 2590681.246, 114
Trd, 2590681.663, 96
Trd, 2590681.863, 93
Trd, 2590681.996, 90
Trd, 2590682.113, 120
Trd, 2590682.396, 108
Trd, 2590684.979, 84
Trd, 2590686.613, 109
Trd, 2590688.763, 98
Trd, 2590689.246, 97
Trd, 2590690.229, 97
Trd, 2590691.363, 102
Trd, 2590691.579, 110
Trd, 2590692.129, 113
Trd, 2590692.529, 102
Trd, 2590693.746, 105
Trd, 2590693.996, 101
Trd, 2590694.796, 104
Trd, 2590694.813, 103
Trd, 2590695.513, 107
Trd, 2590697.329, 105
Trd, 2590697.513, 103
Trd, 2590698.879, 96
Trd, 2590699.679, 93
Trd, 2590699.713, 117
Trd, 2590699.929, 91
Trd, 2590701.263, 115
Trd, 2590701.846, 108
Trd, 2590702.213, 114
Trd, 2590702.446, 107
Trd, 2590702.546, 103
Trd, 2590705.746, 96
Trd, 2590706.746, 108
Trd, 2590707.346, 97
Trd, 2590707.679, 97
Trd, 2590711.279, 94
Trd, 2590712.129, 99
Trd, 2590712.396, 113
Trd, 2590712.463, 97
Trd, 2590712.963, 100
Trd, 2590713.346, 100
Trd, 2590713.363, 93
Trd, 2590713.746, 104
Trd, 2590716.946, 109
Trd, 2590717.996, 110
Trd, 2590719.963, 114
Trd, 2590719.996, 108
Trd, 2590720.413, 111
Trd, 2590720.579, 108
Trd, 2590721.746, 116
Trd, 2590722.529, 102
Trd, 2590722.696, 101
Trd, 2590725.046, 101
Trd, 2590725.213, 112
Trd, 2590725.696, 102
Trd, 2590726.029, 101
Trd, 2590726.329, 99
Trd, 2590726.446, 122
Trd, 2590727.429, 115
Trd, 2590728.279, 101
Trd, 2590728.363, 97
Trd, 2590728.513, 93
Trd, 2590729.413, 86
Trd, 2590729.879, 103
Trd, 2590730.813, 96
Trd, 2590731.296, 110
Trd, 2590732.679, 112
Trd, 2590733.046, 105
Trd, 2590733.696, 97
Trd, 2590733.913, 85
Trd, 2590736.263, 106
Trd, 2590737.413, 101
Trd, 2590737.513, 112
Trd, 2590739.096, 97
Trd, 2590742.029, 100
Trd, 2590742.113, 127
Trd, 2590742.196, 99
Trd, 2590742.513, 98
Trd, 2590743.379, 121
Trd, 2590743.896, 93
Trd, 2590746.663, 108
Trd, 2590746.846, 103
Trd, 2590746.863, 110
Trd, 2590747.763, 97
Trd, 2590747.846, 100
Trd, 2590748.829, 108
Trd, 2590749.296, 94
Trd, 2590749.463, 102
Trd, 2590750.379, 97
Trd, 2590750.546, 98
Trd, 2590750.879, 96
Trd, 2590753.113, 109
Trd, 2590753.163, 93
Trd, 2590753.679, 100
Trd, 2590753.879, 112
Trd, 2590755.096, 110
Trd, 2590756.229, 101
Trd, 2590758.379, 96
Trd, 2590759.229, 86
Trd, 2590759.279, 101
Trd, 2590759.879, 86
Trd, 2590759.979, 108
Trd, 2590761.046, 105
Trd, 2590761.096, 92
Trd, 2590762.663, 93
Trd, 2590763.146, 95
Trd, 2590763.279, 94
Trd, 2590764.263, 93
Trd, 2590764.696, 95
Trd, 2590766.179, 94
Trd, 2590766.879, 91
Trd, 2590767.146, 108
Trd, 2590767.446, 100
Trd, 2590768.463, 102
Trd, 2590769.963, 101
Trd, 2590769.996, 100
Trd, 2590770.513, 93
Trd, 2590772.263, 87
Trd, 2590775.046, 95
Trd, 2590775.796, 105
Trd, 2590776.079, 112
Trd, 2590777.846, 95
Trd, 2590777.913, 92
Trd, 2590778.196, 98
Trd, 2590778.829, 100
Trd, 2590779.713, 112
Trd, 2590780.013, 113
Trd, 2590780.563, 101
Trd, 2590780.913, 94
Trd, 2590782.146, 93
Trd, 2590783.213, 104
Trd, 2590783.929, 97
Trd, 2590784.196, 116
Trd, 2590785.179, 93
Trd, 2590785.579, 92
Trd, 2590785.929, 102
Trd, 2590787.029, 104
Trd, 2590788.529, 101
Trd, 2590789.246, 109
Trd, 2590790.313, 104
Trd, 2590790.513, 94
Trd, 2590790.779, 114
Trd, 2590790.796, 93
Trd, 2590792.579, 93
Trd, 2590793.729, 103
Trd, 2590793.863, 115
Trd, 2590794.779, 98
Trd, 2590798.729, 113
Trd, 2590799.029, 112
Trd, 2590799.929, 115
Trd, 2590800.479, 114
Trd, 2590801.829, 101
Trd, 2590801.913, 109
Trd, 2590803.029, 103
Trd, 2590804.313, 106
Trd, 2590805.729, 99
Trd, 2590805.846, 97
Trd, 2590807.046, 93
Trd, 2590807.563, 93
Trd, 2590809.529, 95
Trd, 2590810.779, 91
Trd, 2590810.879, 110
Trd, 2590811.329, 105
Trd, 2590811.546, 109
Trd, 2590811.896, 86
Trd, 2590812.279, 110
Trd, 2590813.613, 94
Trd, 2590814.096, 109
Trd, 2590814.429, 112
Trd, 2590814.829, 92
Trd, 2590816.313, 86
Trd, 2590817.529, 124
Trd, 2590818.046, 91
Trd, 2590818.129, 104
Trd, 2590818.513, 112
Trd, 2590818.779, 86
Trd, 2590819.329, 88
Trd, 2590820.413, 126
Trd, 2590820.729, 93
Trd, 2590821.546, 108
Trd, 2590824.479, 100
Trd, 2590825.696, 97
Trd, 2590825.946, 97
Trd, 2590827.063, 104
Trd, 2590827.663, 92
Trd, 2590828.396, 104
Trd, 2590829.313, 91
Trd, 2590829.579, 93
Trd, 2590830.763, 100
Trd, 2590830.929, 112
Trd, 2590831.163, 94
Trd, 2590831.946, 97
Trd, 2590832.096, 113
Trd, 2590833.263, 102
Trd, 2590833.429, 94
Trd, 2590834.296, 125
Trd, 2590836.146, 110
Trd, 2590836.179, 97
Trd, 2590836.913, 93
Trd, 2590836.929, 114
Trd, 2590837.296, 90
Trd, 2590838.963, 111
Trd, 2590840.529, 93
Trd, 2590842.263, 103
Trd, 2590842.313, 108
Trd, 2590842.563, 103
Trd, 2590843.563, 95
Trd, 2590843.579, 98
Trd, 2590843.813, 113
Trd, 2590843.979, 95
Trd, 2590845.946, 90
Trd, 2590847.213, 104
Trd, 2590848.129, 112
Trd, 2590848.263, 94
Trd, 2590850.763, 106
Trd, 2590851.746, 101
Trd, 2590852.179, 101
Trd, 2590852.196, 95
Trd, 2590855.929, 95
Trd, 2590855.963, 94
Trd, 2590856.029, 104
Trd, 2590856.263, 93
Trd, 2590858.029, 112
Trd, 2590858.196, 109
Trd, 2590859.013, 105
Trd, 2590859.213, 103
Trd, 2590860.113, 100
Trd, 2590860.646, 112
Trd, 2590860.779, 116
Trd, 2590861.329, 93
Trd, 2590861.963, 117
Trd, 2590862.396, 102
Trd, 2590862.996, 96
Trd, 2590863.279, 97
Trd, 2590864.429, 94
Trd, 2590864.779, 116
Trd, 2590868.379, 110
Trd, 2590868.479, 112
Trd, 2590869.629, 105
Trd, 2590869.646, 103
Trd, 2590871.046, 101
Trd, 2590871.229, 97
Trd, 2590874.313, 96
Trd, 2590875.013, 108
Trd, 2590875.079, 96
Trd, 2590875.779, 93
Trd, 2590877.196, 100
Trd, 2590877.679, 99
Trd, 2590877.813, 103
Trd, 2590878.529, 103
Trd, 2590878.846, 108
Trd, 2590879.779, 109
Trd, 2590879.846, 115
Trd, 2590882.529, 110
Trd, 2590883.263, 105
Trd, 2590884.963, 107
Trd, 2590885.796, 110
Trd, 2590885.863, 111
Trd, 2590886.163, 115
Trd, 2590886.346, 106
Trd, 2590886.663, 102
Trd, 2590886.779, 98
Trd, 2590887.279, 96
Trd, 2590887.746, 102
Trd, 2590889.246, 107
Trd, 2590890.979, 101
Trd, 2590891.063, 100
Trd, 2590891.446, 100
Trd, 2590892.196, 99
Trd, 2590892.513, 108
Trd, 2590893.063, 94
Trd, 2590893.129, 93
Trd, 2590895.679, 103
Trd, 2590896.713, 107
Trd, 2590897.563, 110
Trd, 2590897.863, 110
Trd, 2590898.663, 109
Trd, 2590898.929, 92
Trd, 2590899.913, 101
Trd, 2590900.846, 100
Trd, 2590902.346, 107
Trd, 2590902.663, 99
Trd, 2590904.113, 102
Trd, 2590904.529, 98
Trd, 2590905.346, 102
Trd, 2590907.413, 109
Trd, 2590907.679, 90
Trd, 2590908.446, 107
Trd, 2590909.279, 104
Trd, 2590909.529, 99
Trd, 2590909.679, 108
Trd, 2590911.346, 94
Trd, 2590911.896, 93
Trd, 2590911.913, 113
Trd, 2590913.913, 88
Trd, 2590914.579, 101
Trd, 2590916.946, 99
Trd, 2590917.096, 96
Trd, 2590917.696, 92
Trd, 2590917.779, 114
Trd, 2590919.629, 102
Trd, 2590921.029, 99
Trd, 2590921.663, 96
Trd, 2590922.113, 93
Trd, 2590922.263, 102
Trd, 2590923.513, 104
Trd, 2590923.563, 84
Trd, 2590923.913, 100
Trd, 2590924.529, 100
Trd, 2590924.863, 103
Trd, 2590927.046, 110
Trd, 2590927.296, 110
Trd, 2590927.313, 105
Trd, 2590927.529, 103
Trd, 2590929.229, 98
Trd, 2590929.896, 101
Trd, 2590930.263, 93
Trd, 2590930.546, 104
Trd, 2590931.029, 93
Trd, 2590931.113, 92
Trd, 2590933.063, 111
Trd, 2590934.096, 106
Trd, 2590934.479, 112
Trd, 2590935.046, 94
Trd, 2590935.263, 93
Trd, 2590935.513, 93
Trd, 2590936.313, 98
Trd, 2590937.329, 100
Trd, 2590938.896, 108
Trd, 2590939.346, 102
Trd, 2590940.513, 99
Trd, 2590940.629, 95
Trd, 2590941.713, 103
Trd, 2590944.713, 112
Trd, 2590945.946, 96
Trd, 2590946.113, 93
Trd, 2590946.279, 101
Trd, 2590946.896, 107
Trd, 2590947.146, 103
Trd, 2590947.696, 113
Trd, 2590949.213, 111
Trd, 2590949.713, 113
Trd, 2590950.163, 112
Trd, 2590951.229, 107
Trd, 2590951.963, 101
Trd, 2590952.229, 100
Trd, 2590953.046, 117
Trd, 2590953.079, 99
Trd, 2590953.346, 92
Trd, 2590956.179, 95
Trd, 2590956.479, 101
Trd, 2590959.296, 108
Trd, 2590959.879, 103
Trd, 2590960.229, 100
Trd, 2590960.463, 99
Trd, 2590960.813, 97
Trd, 2590961.713, 93
Trd, 2590962.146, 100
Trd, 2590962.729, 89
Trd, 2590963.313, 90
Trd, 2590965.579, 87
Trd, 2590965.796, 100
Trd, 2590965.896, 91
Trd, 2590965.979, 87
Trd, 2590966.113, 85
Trd, 2590967.079, 98
Trd, 2590968.813, 114
Trd, 2590969.163, 92
Trd, 2590969.829, 85
Trd, 2590971.629, 113
Trd, 2590972.613, 100
Trd, 2590973.213, 89
Trd, 2590973.329, 89
Trd, 2590973.563, 88
Trd, 2590973.829, 87
Trd, 2590973.963, 100
Trd, 2590974.863, 113
Trd, 2590974.913, 86
Trd, 2590977.629, 111
Trd, 2590979.363, 116
Trd, 2590979.829, 105
Trd, 2590980.196, 103
Trd, 2590981.213, 118
Trd, 2590981.463, 103
Trd, 2590982.129, 96
Trd, 2590982.546, 110
Trd, 2590982.813, 107
Trd, 2590983.363, 105
Trd, 2590985.029, 115
Trd, 2590985.113, 118
Trd, 2590985.579, 101
Trd, 2590985.946, 111
Trd, 2590986.146, 97
Trd, 2590986.996, 96
Trd, 2590989.113, 94
Trd, 2590990.946, 93
Trd, 2590991.763, 94
Trd, 2590992.446, 98
Trd, 2590993.129, 93
Trd, 2590993.329, 93
Trd, 2590993.663, 94
Trd, 2590993.746, 93
Trd, 2590994.263, 92
Trd, 2590995.096, 102
Trd, 2590996.596, 112
Trd, 2590996.963, 107
Trd, 2590999.046, 102
Trd, 2591000.579, 92
Trd, 2591001.879, 107
Trd, 2591002.096, 105
Trd, 2591002.163, 113
Trd, 2591002.846, 105
Trd, 2591006.246, 108
Trd, 2591006.446, 96
Trd, 2591006.646, 114
Trd, 2591008.729, 95
Trd, 2591009.379, 105
Trd, 2591009.829, 106
Trd, 2591010.296, 114
Trd, 2591010.663, 106
Trd, 2591010.929, 126
Trd, 2591011.513, 103
Trd, 2591012.879, 108
Trd, 2591013.429, 103
Trd, 2591014.179, 103
Trd, 2591015.346, 109
Trd, 2591016.379, 101
Trd, 2591016.479, 112
Trd, 2591016.963, 118
Trd, 2591017.179, 118
Trd, 2591018.829, 105
Trd, 2591019.479, 99
Trd, 2591021.179, 101
Trd, 2591022.463, 108
Trd, 2591023.346, 101
Trd, 2591024.313, 99
Trd, 2591024.679, 93
Trd, 2591025.713, 88
Trd, 2591026.196, 88
Trd, 2591026.213, 87
Trd, 2591026.779, 106
Trd, 2591027.113, 90
Trd, 2591027.646, 114
Trd, 2591030.129, 111
Trd, 2591030.929, 105
Trd, 2591032.563, 111
Trd, 2591032.596, 101
Trd, 2591032.713, 97
Trd, 2591032.813, 109
Trd, 2591033.546, 94
Trd, 2591033.979, 94
Trd, 2591034.396, 100
Trd, 2591034.829, 110
Trd, 2591036.413, 101
Trd, 2591037.679, 95
Trd, 2591038.113, 106
Trd, 2591038.346, 108
Trd, 2591038.629, 93
Trd, 2591040.679, 101
Trd, 2591041.996, 110
Trd, 2591042.379, 97
Trd, 2591042.763, 88
Trd, 2591042.846, 84
Trd, 2591043.613, 92
Trd, 2591044.463, 115
Trd, 2591046.196, 99
Trd, 2591046.713, 107
Trd, 2591048.113, 112
Trd, 2591048.229, 105
Trd, 2591048.713, 117
Trd, 2591048.963, 123
Trd, 2591049.996, 104
Trd, 2591050.163, 108
Trd, 2591051.146, 103
Trd, 2591051.346, 101
Trd, 2591052.229, 96
Trd, 2591052.496, 96
Trd, 2591053.646, 93
Trd, 2591054.329, 91
Trd, 2591054.463, 109
Trd, 2591055.613, 102
Trd, 2591055.796, 111
Trd, 2591055.929, 101
Trd, 2591059.046, 90
Trd, 2591059.313, 96
Trd, 2591060.613, 95
Trd, 2591060.679, 94
Trd, 2591060.763, 108
Trd, 2591061.429, 113
Trd, 2591062.029, 93
Trd, 2591063.363, 104
Trd, 2591064.263, 93
Trd, 2591065.263, 101
Trd, 2591065.346, 104
Trd, 2591066.796, 99
Trd, 2591068.696, 105
Trd, 2591069.679, 90
Trd, 2591070.246, 110
Trd, 2591071.279, 91
Trd, 2591071.846, 91
Trd, 2591071.879, 100
Trd, 2591071.996, 91
Trd, 2591072.513, 92
Trd, 2591073.279, 106
Trd, 2591073.429, 91
Trd, 2591075.113, 110
Trd, 2591075.713, 115
Trd, 2591078.279, 98
Trd, 2591078.929, 121
Trd, 2591079.613, 95
Trd, 2591079.896, 94
Trd, 2591080.513, 109
Trd, 2591080.963, 97
Trd, 2591081.429, 93
Trd, 2591083.879, 101
Trd, 2591084.129, 105
Trd, 2591084.763, 114
Trd, 2591085.663, 113
Trd, 2591085.679, 103
Trd, 2591085.746, 122
Trd, 2591086.563, 103
Trd, 2591089.046, 100
Trd, 2591089.596, 100
Trd, 2591089.896, 98
Trd, 2591090.779, 93
Trd, 2591090.979, 109
Trd, 2591091.396, 105
Trd, 2591092.946, 98
Trd, 2591093.296, 93
Trd, 2591095.429, 100
Trd, 2591096.796, 103
Trd, 2591096.813, 108
Trd, 2591096.846, 101
Trd, 2591097.263, 100
Trd, 2591099.296, 98
Trd, 2591100.813, 110
Trd, 2591101.763, 112
Trd, 2591102.679, 99
Trd, 2591103.679, 97
Trd, 2591103.696, 104
Trd, 2591104.763, 93
Trd, 2591105.146, 96
Trd, 2591105.563, 106
Trd, 2591107.246, 93
Trd, 2591109.079, 103
Trd, 2591109.613, 96
Trd, 2591109.779, 95
Trd, 2591110.963, 109
Trd, 2591110.979, 89
Trd, 2591113.213, 108
Trd, 2591113.513, 86
Trd, 2591113.696, 112
Trd, 2591115.146, 87
Trd, 2591115.696, 102
Trd, 2591116.629, 87
Trd, 2591119.729, 91
Trd, 2591120.246, 115
Trd, 2591120.546, 115
Trd, 2591120.579, 104
Trd, 2591121.029, 117
Trd, 2591121.363, 103
Trd, 2591121.646, 101
Trd, 2591124.413, 108
Trd, 2591124.579, 102
Trd, 2591125.063, 97
Trd, 2591127.496, 98
Trd, 2591129.546, 108
Trd, 2591129.596, 125
Trd, 2591130.413, 103
Trd, 2591130.429, 99
Trd, 2591131.329, 95
Trd, 2591132.013, 113
Trd, 2591132.246, 93
Trd, 2591132.979, 102
Trd, 2591133.763, 119
Trd, 2591134.396, 110
Trd, 2591134.846, 104
Trd, 2591135.246, 108
Trd, 2591135.529, 103
Trd, 2591136.429, 103
Trd, 2591137.429, 101
Trd, 2591137.529, 105
Trd, 2591137.713, 93
Trd, 2591138.346, 101
Trd, 2591140.413, 112
Trd, 2591140.779, 112
Trd, 2591141.279, 101
Trd, 2591141.679, 107
Trd, 2591142.763, 95
Trd, 2591144.863, 92
Trd, 2591145.913, 102
Trd, 2591147.579, 109
Trd, 2591148.529, 98
Trd, 2591148.546, 95
Trd, 2591149.013, 94
Trd, 2591150.679, 120
Trd, 2591151.029, 88
Trd, 2591151.713, 106
Trd, 2591151.963, 101
Trd, 2591152.963, 98
Trd, 2591152.979, 93
Trd, 2591153.296, 119
Trd, 2591153.463, 106
Trd, 2591153.529, 93
Trd, 2591155.479, 98
Trd, 2591155.546, 91
Trd, 2591156.346, 87
Trd, 2591156.379, 115
Trd, 2591157.079, 87
Trd, 2591157.213, 86
Trd, 2591157.663, 92
Trd, 2591159.229, 95
Trd, 2591160.096, 98
Trd, 2591162.229, 90
Trd, 2591164.246, 110
Trd, 2591164.513, 106
Trd, 2591164.879, 104
Trd, 2591165.713, 103
Trd, 2591166.279, 118
Trd, 2591166.829, 103
Trd, 2591166.946, 101
Trd, 2591167.179, 112
Trd, 2591167.796, 117
Trd, 2591169.513, 98
Trd, 2591170.063, 117
Trd, 2591170.596, 110
Trd, 2591172.446, 105
Trd, 2591173.379, 100
Trd, 2591174.563, 103
Trd, 2591177.246, 123
Trd, 2591177.263, 94
Trd, 2591177.346, 118
Trd, 2591177.413, 93
Trd, 2591177.646, 130
Trd, 2591177.896, 92
Trd, 2591179.779, 119
Trd, 2591179.946, 115
Trd, 2591180.179, 96
Trd, 2591180.246, 96
Trd, 2591180.313, 95
Trd, 2591181.613, 106
Trd, 2591182.746, 103
Trd, 2591183.279, 112
Trd, 2591183.579, 81
Trd, 2591183.846, 80
Trd, 2591185.429, 101
Trd, 2591186.113, 113
Trd, 2591187.096, 95
Trd, 2591187.996, 104
Trd, 2591190.846, 104
Trd, 2591191.113, 105
Trd, 2591191.329, 118
Trd, 2591193.163, 105
Trd, 2591193.296, 121
Trd, 2591193.663, 101
Trd, 2591194.696, 106
Trd, 2591194.896, 104
Trd, 2591195.829, 102
Trd, 2591197.696, 115
Trd, 2591198.096, 101
Trd, 2591198.746, 100
Trd, 2591200.646, 106
Trd, 2591201.063, 98
Trd, 2591201.579, 98
Trd, 2591201.846, 98
Trd, 2591204.029, 101
Trd, 2591204.896, 108
Trd, 2591206.763, 93
Trd, 2591207.246, 95
Trd, 2591207.879, 92
Trd, 2591208.113, 92
Trd, 2591208.563, 87
Trd, 2591208.779, 81
Trd, 2591208.929, 96
Trd, 2591210.279, 111
Trd, 2591211.046, 115
Trd, 2591212.113, 102
Trd, 2591212.329, 101
Trd, 2591213.013, 102
Trd, 2591213.879, 100
Trd, 2591214.496, 109
Trd, 2591215.379, 102
Trd, 2591215.879, 101
Trd, 2591216.546, 104
Trd, 2591217.229, 115
Trd, 2591217.363, 101
Trd, 2591218.529, 93
Trd, 2591219.996, 93
Trd, 2591220.996, 96
Trd, 2591223.113, 98
Trd, 2591223.463, 102
Trd, 2591223.813, 105
Trd, 2591224.196, 98
Trd, 2591225.063, 96
Trd, 2591225.729, 95
Trd, 2591227.496, 108
Trd, 2591227.596, 110
Trd, 2591227.663, 101
Trd, 2591228.029, 114
Trd, 2591231.263, 92
Trd, 2591232.363, 89
Trd, 2591232.646, 87
Trd, 2591233.929, 119
Trd, 2591234.763, 109
Trd, 2591235.479, 105
Trd, 2591235.496, 97
Trd, 2591235.846, 93
Trd, 2591236.146, 108
Trd, 2591236.646, 102
Trd, 2591237.279, 102
Trd, 2591237.729, 101
Trd, 2591239.213, 106
Trd, 2591239.629, 103
Trd, 2591240.713, 92
Trd, 2591241.313, 95
Trd, 2591241.363, 93
Trd, 2591244.529, 104
Trd, 2591245.146, 108
Trd, 2591245.246, 103
Trd, 2591245.679, 110
Trd, 2591246.796, 96
Trd, 2591247.229, 96
Trd, 2591247.413, 108
Trd, 2591248.246, 111
Trd, 2591248.746, 112
Trd, 2591249.913, 94
Trd, 2591250.979, 93
Trd, 2591251.263, 94
Trd, 2591251.413, 91
Trd, 2591253.163, 97
Trd, 2591254.629, 115
Trd, 2591255.729, 101
Trd, 2591256.929, 96
Trd, 2591257.813, 97
Trd, 2591258.829, 107
Trd, 2591258.979, 99
Trd, 2591259.346, 100
Trd, 2591259.579, 100
Trd, 2591259.813, 98
Trd, 2591261.396, 101
Trd, 2591262.629, 113
Trd, 2591263.279, 108
Trd, 2591263.679, 93
Trd, 2591264.246, 97
Trd, 2591266.463, 103
Trd, 2591266.713, 103
Trd, 2591267.613, 119
Trd, 2591267.929, 105
Trd, 2591268.679, 115
Trd, 2591269.396, 113
Trd, 2591270.229, 112
Trd, 2591270.596, 103
Trd, 2591271.179, 105
Trd, 2591271.479, 104
Trd, 2591271.579, 103
Trd, 2591272.129, 101
Trd, 2591272.313, 102
Trd, 2591273.629, 109
Trd, 2591274.563, 95
Trd, 2591275.913, 117
Trd, 2591277.679, 94
Trd, 2591278.329, 93
Trd, 2591280.996, 107
Trd, 2591281.113, 105
Trd, 2591281.213, 98
Trd, 2591281.496, 92
Trd, 2591282.079, 91
Trd, 2591282.613, 88
Trd, 2591283.446, 104
Trd, 2591283.529, 109
Trd, 2591284.679, 96
Trd, 2591285.196, 89
Trd, 2591286.779, 99
Trd, 2591287.413, 113
Trd, 2591287.613, 106
Trd, 2591287.679, 91
Trd, 2591288.913, 112
Trd, 2591290.629, 97
Trd, 2591292.879, 115
Trd, 2591293.613, 113
Trd, 2591293.946, 115
Trd, 2591294.346, 97
Trd, 2591295.929, 107
Trd, 2591297.529, 93
Trd, 2591298.163, 108
Trd, 2591299.329, 99
Trd, 2591299.546, 119
Trd, 2591300.096, 96
Trd, 2591300.779, 92
Trd, 2591301.663, 112
Trd, 2591302.513, 101
Trd, 2591302.596, 101
Trd, 2591303.179, 110
Trd, 2591305.879, 97
Trd, 2591307.246, 92
Trd, 2591307.396, 94
Trd, 2591307.496, 93
Trd, 2591308.729, 97
Trd, 2591308.913, 97
Trd, 2591309.979, 89
Trd, 2591310.013, 91
Trd, 2591310.079, 86
Trd, 2591310.529, 109
Trd, 2591313.713, 91
Trd, 2591313.729, 108
Trd, 2591314.046, 110
Trd, 2591315.996, 116
Trd, 2591316.079, 95
Trd, 2591317.513, 100
Trd, 2591317.579, 101
Trd, 2591319.079, 108
Trd, 2591319.946, 101
Trd, 2591320.413, 99
Trd, 2591320.496, 97
Trd, 2591320.863, 94
Trd, 2591321.579, 96
Trd, 2591322.546, 93
Trd, 2591322.946, 94
Trd, 2591325.879, 98
Trd, 2591326.329, 95
Trd, 2591327.346, 94
Trd, 2591327.479, 94
Trd, 2591328.529, 94
Trd, 2591331.196, 107
Trd, 2591331.446, 108
Trd, 2591331.813, 95
Trd, 2591332.196, 114
Trd, 2591332.529, 97
Trd, 2591332.596, 96
Trd, 2591333.513, 113
Trd, 2591333.563, 117
Trd, 2591333.979, 103
Trd, 2591334.846, 100
Trd, 2591335.146, 110
Trd, 2591335.363, 93
Trd, 2591335.946, 87
Trd, 2591336.196, 106
Trd, 2591337.013, 82
Trd, 2591339.829, 109
Trd, 2591341.346, 97
Trd, 2591341.646, 95
Trd, 2591341.846, 113
Trd, 2591342.213, 114
Trd, 2591343.579, 102
Trd, 2591344.329, 113
Trd, 2591345.213, 111
Trd, 2591345.379, 107
Trd, 2591345.913, 103
Trd, 2591348.263, 96
Trd, 2591348.296, 87
Trd, 2591349.113, 93
Trd, 2591350.663, 93
Trd, 2591351.163, 98
Trd, 2591351.313, 115
Trd, 2591351.579, 100
Trd, 2591353.079, 94
Trd, 2591353.879, 91
Trd, 2591354.096, 98
Trd, 2591354.213, 100
Trd, 2591354.446, 89
Trd, 2591355.546, 100
Trd, 2591356.246, 89
Trd, 2591358.913, 104
Trd, 2591359.346, 99
Trd, 2591359.996, 101
Trd, 2591360.029, 99
Trd, 2591360.363, 115
Trd, 2591360.829, 97
Trd, 2591360.929, 120
Trd, 2591361.796, 102
Trd, 2591364.429, 98
Trd, 2591364.663, 110
Trd, 2591366.263, 114
Trd, 2591366.413, 112
Trd, 2591366.663, 97
Trd, 2591367.146, 93
Trd, 2591368.479, 91
Trd, 2591368.646, 97
Trd, 2591369.063, 90
Trd, 2591369.513, 111
Trd, 2591370.329, 104
Trd, 2591371.746, 88
Trd, 2591373.063, 96
Trd, 2591373.363, 110
Trd, 2591373.696, 116
Trd, 2591373.929, 90
Trd, 2591374.079, 88
Trd, 2591376.196, 87
Trd, 2591376.679, 105
Trd, 2591377.013, 106
Trd, 2591377.196, 100
Trd, 2591377.213, 99
Trd, 2591379.779, 110
Trd, 2591382.513, 108
Trd, 2591382.979, 107
Trd, 2591383.413, 112
Trd, 2591383.513, 103
Trd, 2591383.696, 102
Trd, 2591383.946, 101
Trd, 2591384.396, 96
Trd, 2591385.313, 101
Trd, 2591386.179, 110
Trd, 2591386.713, 123
Trd, 2591387.063, 101
Trd, 2591388.363, 95
Trd, 2591389.129, 96
Trd, 2591389.163, 93
Trd, 2591390.579, 99
Trd, 2591390.796, 91
Trd, 2591391.496, 94
Trd, 2591392.596, 102
Trd, 2591392.879, 114
Trd, 2591393.813, 101
Trd, 2591394.163, 100
Trd, 2591394.513, 91
Trd, 2591395.146, 110
Trd, 2591395.729, 91
Trd, 2591395.996, 87
Trd, 2591397.063, 116
Trd, 2591398.096, 100
Trd, 2591398.713, 123
Trd, 2591399.463, 82
Trd, 2591399.913, 90
Trd, 2591400.496, 97
Trd, 2591401.879, 93
Trd, 2591403.329, 96
Trd, 2591404.646, 94
Trd, 2591405.513, 89
Trd, 2591406.563, 102
Trd, 2591407.713, 95
Trd, 2591408.529, 115
Trd, 2591409.413, 114
Trd, 2591409.429, 129
Trd, 2591409.579, 112
Trd, 2591409.663, 93
Trd, 2591410.046, 86
Trd, 2591411.829, 101
Trd, 2591412.746, 95
Trd, 2591414.613, 93
Trd, 2591415.763, 88
Trd, 2591416.129, 93
Trd, 2591417.496, 101
Trd, 2591418.513, 111
Trd, 2591418.746, 115
Trd, 2591419.313, 109
Trd, 2591419.596, 103
Trd, 2591420.263, 101
Trd, 2591420.663, 102
Trd, 2591423.429, 104
Trd, 2591423.746, 108
Trd, 2591423.996, 98
Trd, 2591425.029, 98
Trd, 2591425.046, 112
Trd, 2591426.896, 97
Trd, 2591426.996, 93
Trd, 2591427.179, 93
Trd, 2591428.046, 96
Trd, 2591429.379, 92
Trd, 2591430.896, 103
Trd, 2591431.813, 103
Trd, 2591435.163, 110
Trd, 2591435.296, 114
Trd, 2591436.013, 103
Trd, 2591436.213, 102
Trd, 2591436.763, 96
Trd, 2591437.046, 95
Trd, 2591437.846, 98
Trd, 2591438.396, 88
Trd, 2591438.946, 98
Trd, 2591439.013, 100
Trd, 2591440.613, 84
Trd, 2591440.896, 89
Trd, 2591441.163, 83
Trd, 2591441.446, 112
Trd, 2591442.346, 94
Trd, 2591444.029, 105
Trd, 2591444.113, 104
Trd, 2591444.463, 109
Trd, 2591446.013, 96
Trd, 2591446.029, 108
Trd, 2591448.279, 97
Trd, 2591448.496, 94
Trd, 2591449.563, 112
Trd, 2591449.696, 93
Trd, 2591450.596, 93
Trd, 2591450.779, 111
Trd, 2591451.429, 86
Trd, 2591452.796, 108
Trd, 2591454.346, 125
Trd, 2591454.529, 115
Trd, 2591454.696, 93
Trd, 2591456.296, 103
Trd, 2591457.229, 93
Trd, 2591458.979, 89
Trd, 2591459.779, 88
Trd, 2591460.929, 97
Trd, 2591462.179, 102
Trd, 2591462.646, 105
Trd, 2591462.846, 97
Trd, 2591463.629, 93
Trd, 2591465.579, 101
Trd, 2591465.829, 110
Trd, 2591466.779, 101
Trd, 2591469.013, 111
Trd, 2591469.129, 101
Trd, 2591469.713, 103
Trd, 2591470.396, 101
Trd, 2591471.513, 99
Trd, 2591471.729, 103
Trd, 2591472.029, 96
Trd, 2591472.213, 108
Trd, 2591472.229, 110
Trd, 2591472.913, 113
Trd, 2591473.113, 96
Trd, 2591474.513, 93
Trd, 2591474.563, 116
Trd, 2591474.813, 85
Trd, 2591474.963, 127
Trd, 2591475.113, 109
Trd, 2591477.429, 108
Trd, 2591478.579, 99
Trd, 2591478.996, 98
Trd, 2591479.679, 97
Trd, 2591481.029, 93
Trd, 2591481.296, 91
Trd, 2591481.346, 90
Trd, 2591484.113, 108
Trd, 2591484.279, 102
Trd, 2591484.646, 123
Trd, 2591485.613, 124
Trd, 2591487.063, 109
Trd, 2591488.529, 101
Trd, 2591488.879, 100
Trd, 2591489.229, 92
Trd, 2591489.346, 92
Trd, 2591489.413, 122
Trd, 2591490.846, 106
Trd, 2591492.113, 92
Trd, 2591492.429, 102
Trd, 2591492.629, 109
Trd, 2591493.446, 94
Trd, 2591494.829, 97
Trd, 2591494.996, 99
Trd, 2591496.363, 96
Trd, 2591497.229, 95
Trd, 2591499.429, 115
Trd, 2591499.496, 99
Trd, 2591499.946, 101
Trd, 2591499.963, 99
Trd, 2591500.979, 93
Trd, 2591500.996, 92
Trd, 2591501.896, 110
Trd, 2591502.046, 113
Trd, 2591502.913, 116
Trd, 2591504.113, 93
Trd, 2591504.246, 92
Trd, 2591504.813, 131
Trd, 2591506.029, 117
Trd, 2591506.463, 110
Trd, 2591507.629, 109
Trd, 2591508.346, 115
Trd, 2591508.929, 95
Trd, 2591509.396, 107
Trd, 2591509.879, 101
Trd, 2591510.346, 98
Trd, 2591511.946, 94
Trd, 2591512.429, 93
Trd, 2591513.179, 91
Trd, 2591514.029, 96
Trd, 2591514.446, 88
Trd, 2591515.546, 96
Trd, 2591517.346, 90
Trd, 2591517.379, 99
Trd, 2591517.529, 91
Trd, 2591517.679, 108
Trd, 2591519.713, 124
Trd, 2591520.079, 114
Trd, 2591520.413, 109
Trd, 2591520.779, 103
Trd, 2591521.179, 101
Trd, 2591521.863, 93
Trd, 2591521.979, 100
Trd, 2591522.846, 109
Trd, 2591523.146, 90
Trd, 2591523.546, 112
Trd, 2591524.179, 111
Trd, 2591524.529, 92
Trd, 2591524.546, 91
Trd, 2591526.596, 98
Trd, 2591526.863, 81
Trd, 2591528.863, 90
Trd, 2591531.163, 96
Trd, 2591531.263, 111
Trd, 2591531.679, 98
Trd, 2591532.163, 94
Trd, 2591535.113, 113
Trd, 2591536.313, 101
Trd, 2591536.696, 109
Trd, 2591537.479, 97
Trd, 2591537.879, 101
Trd, 2591538.563, 99
Trd, 2591539.913, 102
Trd, 2591540.029, 99
Trd, 2591540.113, 123
Trd, 2591540.296, 129
Trd, 2591541.213, 117
Trd, 2591542.396, 107
Trd, 2591542.429, 106
Trd, 2591542.563, 96
Trd, 2591543.279, 101
Trd, 2591543.913, 93
Trd, 2591544.163, 94
Trd, 2591544.379, 90
Trd, 2591544.896, 85
Trd, 2591549.129, 83
Trd, 2591550.013, 94
Trd, 2591550.863, 88
Trd, 2591552.079, 91
Trd, 2591552.679, 116
Trd, 2591553.296, 105
Trd, 2591553.713, 100
Trd, 2591553.813, 94
Trd, 2591554.879, 109
Trd, 2591555.479, 102
Trd, 2591555.896, 113
Trd, 2591556.413, 103
Trd, 2591557.313, 102
Trd, 2591557.796, 112
Trd, 2591558.513, 101
Trd, 2591558.929, 101
Trd, 2591559.229, 98
Trd, 2591562.279, 109
Trd, 2591562.663, 120
Trd, 2591563.029, 101
Trd, 2591563.213, 100
Trd, 2591563.946, 93
Trd, 2591564.529, 89
Trd, 2591564.896, 110
Trd, 2591565.279, 115
Trd, 2591565.979, 87
Trd, 2591571.163, 103
Trd, 2591571.429, 102
Trd, 2591571.896, 102
Trd, 2591571.963, 113
Trd, 2591572.263, 102
Trd, 2591572.529, 100
Trd, 2591573.396, 102
Trd, 2591573.729, 101
Trd, 2591574.596, 108
Trd, 2591574.863, 100
Trd, 2591575.213, 95
Trd, 2591576.779, 109
Trd, 2591577.363, 105
Trd, 2591579.146, 101
Trd, 2591579.229, 122
Trd, 2591580.596, 123
Trd, 2591580.679, 116
Trd, 2591580.979, 115
Trd, 2591582.863, 105
Trd, 2591583.479, 110
Trd, 2591585.629, 108
Trd, 2591585.913, 114
Trd, 2591586.096, 111
Trd, 2591587.329, 100
Trd, 2591587.713, 102
Trd, 2591588.146, 115
Trd, 2591589.396, 100
Trd, 2591590.913, 97
Trd, 2591592.596, 98
Trd, 2591593.163, 110
Trd, 2591593.546, 101
Trd, 2591594.246, 102
Trd, 2591595.096, 114
Trd, 2591595.329, 104
Trd, 2591595.946, 107
Trd, 2591596.179, 92
Trd, 2591596.563, 82
Trd, 2591598.513, 97
Trd, 2591598.996, 97
Trd, 2591599.446, 97
Trd, 2591600.079, 105
Trd, 2591600.713, 94
Trd, 2591601.463, 110
Trd, 2591603.296, 93
Trd, 2591603.329, 93
Trd, 2591604.113, 110
Trd, 2591604.529, 109
Trd, 2591605.396, 112
Trd, 2591606.029, 101
Trd, 2591608.129, 110
Trd, 2591608.496, 106
Trd, 2591609.663, 106
Trd, 2591610.229, 103
Trd, 2591611.029, 104
Trd, 2591612.279, 102
Trd, 2591612.446, 98
Trd, 2591612.513, 94
Trd, 2591614.646, 112
Trd, 2591615.146, 114
Trd, 2591616.679, 109
Trd, 2591617.879, 118
Trd, 2591618.246, 114
Trd, 2591618.463, 106
Trd, 2591619.279, 106
Trd, 2591619.979, 103
Trd, 2591621.129, 120
Trd, 2591621.713, 101
Trd, 2591621.963, 93
Trd, 2591622.813, 116
Trd, 2591623.446, 89
Trd, 2591623.613, 104
Trd, 2591624.363, 86
Trd, 2591624.479, 93
Trd, 2591626.513, 112
Trd, 2591626.929, 88
Trd, 2591628.963, 120
Trd, 2591629.363, 95
Trd, 2591629.496, 99
Trd, 2591630.113, 104
Trd, 2591631.296, 96
Trd, 2591631.646, 93
Trd, 2591632.079, 93
Trd, 2591632.379, 91
Trd, 2591632.513, 87
Trd, 2591633.613, 108
Trd, 2591633.913, 100
Trd, 2591636.246, 88
Trd, 2591636.296, 108
Trd, 2591638.529, 113
Trd, 2591640.679, 125
Trd, 2591640.979, 108
Trd, 2591641.063, 103
Trd, 2591641.179, 118
Trd, 2591641.629, 98
Trd, 2591641.913, 93
Trd, 2591642.113, 97
Trd, 2591643.013, 105
Trd, 2591644.746, 110
Trd, 2591645.196, 103
Trd, 2591645.513, 93
Trd, 2591646.296, 83
Trd, 2591646.446, 104
Trd, 2591647.679, 85
Trd, 2591648.779, 94
Trd, 2591652.113, 103
Trd, 2591652.163, 104
Trd, 2591652.246, 105
Trd, 2591652.596, 102
Trd, 2591654.663, 107
Trd, 2591655.596, 105
Trd, 2591656.379, 103
Trd, 2591656.679, 104
Trd, 2591658.063, 101
Trd, 2591659.113, 103
Trd, 2591659.446, 98
Trd, 2591659.763, 97
Trd, 2591660.029, 95
Trd, 2591660.463, 112
Trd, 2591661.596, 91
Trd, 2591661.629, 106
Trd, 2591661.946, 92
Trd, 2591664.646, 100
Trd, 2591664.896, 101
Trd, 2591664.996, 114
Trd, 2591665.263, 99
Trd, 2591666.779, 112
Trd, 2591667.579, 110
Trd, 2591667.963, 93
Trd, 2591670.079, 113
Trd, 2591671.213, 116
Trd, 2591671.696, 121
Trd, 2591672.279, 105
Trd, 2591673.413, 102
Trd, 2591673.663, 101
Trd, 2591674.029, 111
Trd, 2591674.413, 101
Trd, 2591675.796, 93
Trd, 2591676.229, 103
Trd, 2591676.663, 109
Trd, 2591677.796, 106
Trd, 2591678.329, 104
Trd, 2591679.163, 98
Trd, 2591679.579, 113
Trd, 2591680.446, 95
Trd, 2591681.346, 95
Trd, 2591681.479, 98
Trd, 2591682.913, 107
Trd, 2591683.229, 109
Trd, 2591683.646, 117
Trd, 2591684.129, 95
Trd, 2591684.229, 93
Trd, 2591684.646, 123
Trd, 2591684.729, 91
Trd, 2591687.146, 99
Trd, 2591687.679, 93
Trd, 2591689.113, 93
Trd, 2591689.863, 113
Trd, 2591690.529, 91
Trd, 2591692.296, 96
Trd, 2591692.679, 116
Trd, 2591695.646, 101
Trd, 2591696.729, 101
Trd, 2591697.596, 98
Trd, 2591697.879, 93
Trd, 2591698.079, 101
Trd, 2591699.129, 92
Trd, 2591699.263, 105
Trd, 2591699.279, 112
Trd, 2591699.446, 92
Trd, 2591701.046, 106
Trd, 2591701.829, 107
Trd, 2591704.163, 103
Trd, 2591704.446, 101
Trd, 2591704.779, 121
Trd, 2591704.946, 94
Trd, 2591706.196, 103
Trd, 2591706.746, 99
Trd, 2591707.046, 104
Trd, 2591707.896, 101
Trd, 2591708.596, 101
Trd, 2591709.929, 106
Trd, 2591710.196, 105
Trd, 2591711.113, 108
Trd, 2591711.346, 104
Trd, 2591711.629, 99
Trd, 2591712.413, 118
Trd, 2591712.429, 99
Trd, 2591714.213, 93
Trd, 2591714.529, 87
Trd, 2591715.163, 84
Trd, 2591715.379, 81
Trd, 2591716.496, 105
Trd, 2591717.879, 83
Trd, 2591718.713, 91
Trd, 2591720.146, 80
Trd, 2591720.446, 81
Trd, 2591720.846, 94
Trd, 2591721.013, 107
Trd, 2591721.779, 103
Trd, 2591722.479, 100
Trd, 2591723.996, 102
Trd, 2591724.346, 106
Trd, 2591724.979, 101
Trd, 2591725.079, 114
Trd, 2591725.413, 100
Trd, 2591726.379, 99
Trd, 2591727.896, 111
Trd, 2591729.379, 102
Trd, 2591730.563, 113
Trd, 2591731.113, 113
Trd, 2591731.446, 119
Trd, 2591732.013, 101
Trd, 2591732.179, 99
Trd, 2591733.046, 101
Trd, 2591734.163, 122
Trd, 2591734.313, 111
Trd, 2591734.596, 103
Trd, 2591735.729, 104
Trd, 2591735.763, 101
Trd, 2591736.263, 111
Trd, 2591738.663, 108
Trd, 2591740.596, 105
Trd, 2591741.063, 111
Trd, 2591741.113, 103
Trd, 2591741.196, 98
Trd, 2591741.829, 94
Trd, 2591744.629, 93
Trd, 2591744.963, 106
Trd, 2591745.013, 91
Trd, 2591745.629, 102
Trd, 2591747.213, 112
Trd, 2591747.496, 122
Trd, 2591748.346, 104
Trd, 2591749.913, 111
Trd, 2591750.479, 106
Trd, 2591750.679, 103
Trd, 2591751.513, 101
Trd, 2591751.696, 98
Trd, 2591752.213, 97
Trd, 2591752.313, 94
Trd, 2591752.779, 93
Trd, 2591753.546, 99
Trd, 2591753.696, 110
Trd, 2591754.113, 89
Trd, 2591756.713, 110
Trd, 2591756.996, 104
Trd, 2591758.496, 111
Trd, 2591759.829, 109
Trd, 2591759.946, 105
Trd, 2591760.079, 122
Trd, 2591760.763, 113
Trd, 2591761.596, 102
Trd, 2591761.829, 100
Trd, 2591762.413, 98
Trd, 2591764.063, 97
Trd, 2591764.546, 93
Trd, 2591765.579, 87
Trd, 2591766.313, 101
Trd, 2591766.363, 115
Trd, 2591766.729, 89
Trd, 2591767.463, 95
Trd, 2591767.996, 98
Trd, 2591769.379, 93
Trd, 2591771.679, 102
Trd, 2591772.279, 101
Trd, 2591772.746, 110
Trd, 2591772.779, 112
Trd, 2591773.313, 119
Trd, 2591773.763, 125
Trd, 2591774.596, 103
Trd, 2591776.679, 110
Trd, 2591777.046, 99
Trd, 2591777.296, 95
Trd, 2591777.379, 93
Trd, 2591778.196, 107
Trd, 2591778.463, 86
Trd, 2591778.696, 85
Trd, 2591783.913, 107
Trd, 2591784.679, 119
Trd, 2591787.013, 107
Trd, 2591787.396, 103
Trd, 2591787.829, 105
Trd, 2591788.063, 105
Trd, 2591788.213, 101
Trd, 2591789.079, 113
Trd, 2591792.663, 103
Trd, 2591792.896, 101
Trd, 2591792.929, 113
Trd, 2591793.496, 114
Trd, 2591794.763, 101
Trd, 2591794.846, 120
Trd, 2591795.596, 107
Trd, 2591795.646, 103
Trd, 2591796.346, 109
Trd, 2591796.796, 113
Trd, 2591797.463, 107
Trd, 2591797.613, 111
Trd, 2591798.279, 106
Trd, 2591798.679, 104
Trd, 2591801.263, 112
Trd, 2591801.779, 101
Trd, 2591802.696, 106
Trd, 2591802.963, 98
Trd, 2591803.379, 107
Trd, 2591803.829, 96
Trd, 2591804.546, 93
Trd, 2591805.563, 98
Trd, 2591805.963, 113
Trd, 2591807.429, 115
Trd, 2591808.196, 95
Trd, 2591810.196, 112
Trd, 2591811.446, 111
Trd, 2591812.146, 101
Trd, 2591812.529, 111
Trd, 2591813.679, 104
Trd, 2591814.046, 124
Trd, 2591815.746, 108
Trd, 2591815.863, 113
Trd, 2591815.946, 103
Trd, 2591816.413, 105
Trd, 2591816.696, 103
Trd, 2591818.213, 106
Trd, 2591819.029, 101
Trd, 2591819.196, 100
Trd, 2591819.613, 97
Trd, 2591821.296, 104
Trd, 2591821.813, 103
Trd, 2591823.313, 111
Trd, 2591825.063, 103
Trd, 2591825.646, 102
Trd, 2591825.713, 113
Trd, 2591825.913, 101
Trd, 2591826.896, 97
Trd, 2591827.963, 99
Trd, 2591828.629, 100
Trd, 2591828.963, 99
Trd, 2591829.229, 103
Trd, 2591829.313, 101
Trd, 2591829.379, 95
Trd, 2591829.796, 94
Trd, 2591830.613, 109
Trd, 2591831.046, 93
Trd, 2591832.396, 91
Trd, 2591832.879, 99
Trd, 2591833.379, 111
Trd, 2591834.063, 88
Trd, 2591834.546, 96
Trd, 2591835.429, 112
Trd, 2591836.379, 110
Trd, 2591836.463, 101
Trd, 2591837.246, 94
Trd, 2591838.913, 112
Trd, 2591839.113, 124
Trd, 2591839.513, 117
Trd, 2591839.646, 106
Trd, 2591840.613, 107
Trd, 2591840.679, 115
Trd, 2591840.879, 124
Trd, 2591841.879, 113
Trd, 2591844.596, 100
Trd, 2591845.629, 95
Trd, 2591846.196, 122
Trd, 2591847.563, 111
Trd, 2591847.746, 103
Trd, 2591848.763, 102
Trd, 2591849.246, 110
Trd, 2591850.713, 92
Trd, 2591851.496, 93
Trd, 2591852.029, 93
Trd, 2591852.313, 93
Trd, 2591852.413, 91
Trd, 2591852.763, 90
Trd, 2591853.313, 91
Trd, 2591856.029, 96
Trd, 2591856.096, 107
Trd, 2591857.163, 93
Trd, 2591858.863, 97
Trd, 2591859.446, 94
Trd, 2591859.629, 108
Trd, 2591859.863, 110
Trd, 2591861.929, 100
Trd, 2591862.379, 99
Trd, 2591864.546, 98
Trd, 2591865.229, 93
Trd, 2591865.613, 91
Trd, 2591866.313, 95
Trd, 2591867.746, 96
Trd, 2591867.796, 93
Trd, 2591867.996, 91
Trd, 2591868.213, 108
Trd, 2591868.529, 88
Trd, 2591868.746, 112
Trd, 2591869.913, 89
Trd, 2591871.263, 101
Trd, 2591872.446, 110
Trd, 2591872.646, 102
Trd, 2591872.663, 91
Trd, 2591873.013, 86
Trd, 2591873.246, 111
Trd, 2591873.279, 86
Trd, 2591874.196, 95
Trd, 2591874.879, 126
Trd, 2591875.396, 100
Trd, 2591876.063, 113
Trd, 2591878.546, 122
Trd, 2591879.046, 101
Trd, 2591881.729, 108
Trd, 2591881.813, 112
Trd, 2591881.846, 100
Trd, 2591882.429, 97
Trd, 2591882.596, 101
Trd, 2591883.379, 93
Trd, 2591883.846, 108
Trd, 2591885.729, 92
Trd, 2591886.996, 104
Trd, 2591887.679, 99
Trd, 2591888.129, 93
Trd, 2591888.396, 98
Trd, 2591888.596, 108
Trd, 2591888.963, 94
Trd, 2591889.129, 93
Trd, 2591889.196, 104
Trd, 2591891.279, 91
Trd, 2591891.946, 88
Trd, 2591892.413, 119
Trd, 2591892.679, 123
Trd, 2591894.163, 114
Trd, 2591895.329, 110
Trd, 2591896.046, 101
Trd, 2591898.896, 105
Trd, 2591899.696, 117
Trd, 2591899.979, 114
Trd, 2591900.596, 121
Trd, 2591901.829, 115
Trd, 2591902.579, 103
Trd, 2591903.313, 114
Trd, 2591903.496, 101
Trd, 2591904.329, 105
Trd, 2591904.346, 97
Trd, 2591904.496, 114
Trd, 2591906.296, 93
Trd, 2591906.729, 112
Trd, 2591907.596, 105
Trd, 2591909.646, 124
Trd, 2591909.696, 110
Trd, 2591910.396, 106
Trd, 2591910.479, 103
Trd, 2591911.796, 102
Trd, 2591911.879, 101
Trd, 2591913.846, 108
Trd, 2591913.896, 101
Trd, 2591915.513, 96
Trd, 2591915.996, 94
Trd, 2591916.379, 93
Trd, 2591916.746, 89
Trd, 2591918.479, 90
Trd, 2591919.013, 111
Trd, 2591920.363, 107
Trd, 2591921.096, 99
Trd, 2591921.879, 103
Trd, 2591921.996, 101
Trd, 2591923.379, 100
Trd, 2591923.913, 104
Trd, 2591924.713, 98
Trd, 2591926.413, 94
Trd, 2591927.396, 93
Trd, 2591927.496, 91
Trd, 2591928.346, 95
Trd, 2591928.629, 105
Trd, 2591929.063, 110
Trd, 2591930.313, 99
Trd, 2591930.596, 98
Trd, 2591931.429, 108
Trd, 2591931.779, 93
Trd, 2591932.196, 102
Trd, 2591932.963, 115
Trd, 2591933.346, 116
Trd, 2591935.179, 100
Trd, 2591936.196, 96
Trd, 2591937.213, 96
Trd, 2591937.296, 115
Trd, 2591939.096, 125
Trd, 2591940.046, 94
Trd, 2591940.079, 93
Trd, 2591940.296, 87
Trd, 2591940.629, 104
Trd, 2591943.146, 109
Trd, 2591943.163, 112
Trd, 2591943.446, 91
Trd, 2591945.179, 92
Trd, 2591945.713, 91
Trd, 2591947.263, 106
Trd, 2591947.846, 114
Trd, 2591947.879, 114
Trd, 2591948.296, 106
Trd, 2591948.546, 103
Trd, 2591948.579, 103
Trd, 2591951.329, 95
Trd, 2591951.963, 94
Trd, 2591954.263, 108
Trd, 2591954.329, 106
Trd, 2591955.063, 104
Trd, 2591955.213, 102
Trd, 2591955.496, 100
Trd, 2591955.696, 113
Trd, 2591955.746, 93
Trd, 2591956.063, 112
Trd, 2591958.513, 109
Trd, 2591958.813, 101
Trd, 2591960.279, 87
Trd, 2591960.879, 109
Trd, 2591961.696, 97
Trd, 2591962.979, 98
Trd, 2591963.463, 96
Trd, 2591963.513, 124
Trd, 2591964.679, 96
Trd, 2591965.546, 114
Trd, 2591965.613, 93
Trd, 2591966.829, 103
Trd, 2591967.846, 97
Trd, 2591967.996, 96
Trd, 2591968.163, 100
Trd, 2591969.913, 103
Trd, 2591970.596, 103
Trd, 2591971.779, 103
Trd, 2591972.213, 102
Trd, 2591973.379, 112
Trd, 2591973.529, 107
Trd, 2591973.946, 105
Trd, 2591974.529, 81
Trd, 2591975.046, 89
Trd, 2591975.196, 93
Trd, 2591975.279, 106
Trd, 2591975.846, 86
Trd, 2591978.263, 112
Trd, 2591979.179, 96
Trd, 2591979.263, 102
Trd, 2591981.679, 101
Trd, 2591982.213, 109
Trd, 2591982.563, 109
Trd, 2591984.113, 94
Trd, 2591984.779, 111
Trd, 2591985.979, 96
Trd, 2591986.879, 98
Trd, 2591987.013, 110
Trd, 2591987.813, 93
Trd, 2591988.479, 95
Trd, 2591990.179, 95
Trd, 2591991.129, 114
Trd, 2591991.446, 104
Trd, 2591991.896, 102
Trd, 2591992.229, 116
Trd, 2591994.063, 112
Trd, 2591994.363, 98
Trd, 2591995.879, 111
Trd, 2591996.196, 103
Trd, 2591997.963, 102
Trd, 2591998.396, 102
Trd, 2591999.113, 102
Trd, 2591999.713, 105
