Trd, 2590672.946, 101
Trd, 2590673.179, 109
Trd, 2590673.946, 83
Trd, 2590674.329, 108
Trd, 2590674.713, 94
Trd, 2590675.813, 95
Trd, 2590677.296, 86
Trd, 2590677.529, 105
Trd, 2590677.663, 113
Trd, 2590677.896, 90
Trd, 2590678.096, 81
Trd, 2590680.579, 100
Trd, 2590680.996, 98
Trd, 2590683.746, 106
Trd, 2590685.163, 113
Trd, 2590685.579, 108
Trd, 2590685.629, 103
Trd, 2590686.313, 102
Trd, 2590686.613, 111
Trd, 2590686.946, 101
Trd, 2590687.096, 96
Trd, 2590687.346, 91
Trd, 2590688.246, 116
Trd, 2590688.329, 89
Trd, 2590688.613, 117
Trd, 2590689.496, 84
Trd, 2590689.913, 83
Trd, 2590690.113, 118
Trd, 2590690.629, 85
Trd, 2590690.713, 106
Trd, 2590691.996, 92
Trd, 2590692.113, 92
Trd, 2590692.596, 91
Trd, 2590693.613, 95
Trd, 2590693.896, 117
Trd, 2590695.129, 94
Trd, 2590696.213, 92
Trd, 2590696.296, 92
Trd, 2590696.913, 89
Trd, 2590697.163, 101
Trd, 2590697.879, 78
Trd, 2590697.979, 98
Trd, 2590698.479, 77
Trd, 2590700.829, 112
Trd, 2590700.963, 106
Trd, 2590701.079, 113
Trd, 2590701.479, 114
Trd, 2590701.629, 101
Trd, 2590703.413, 117
Trd, 2590703.696, 104
Trd, 2590703.779, 103
Trd, 2590704.379, 102
Trd, 2590705.413, 101
Trd, 2590705.829, 106
Trd, 2590707.146, 100
Trd, 2590707.696, 96
Trd, 2590709.179, 108
Trd, 2590709.879, 115
Trd, 2590709.896, 105
Trd, 2590710.229, 118
Trd, 2590710.463, 113
Trd, 2590710.846, 96
Trd, 2590712.246, 102
Trd, 2590712.863, 109
Trd, 2590712.996, 101
Trd, 2590713.763, 95
Trd, 2590714.313, 112
Trd, 2590715.013, 94
Trd, 2590715.179, 116
Trd, 2590715.563, 92
Trd, 2590716.629, 97
Trd, 2590717.013, 93
Trd, 2590718.413, 93
Trd, 2590718.796, 94
Trd, 2590719.196, 94
Trd, 2590719.546, 101
Trd, 2590720.746, 98
Trd, 2590721.596, 93
Trd, 2590722.163, 91
Trd, 2590722.213, 88
Trd, 2590723.013, 92
Trd, 2590723.713, 87
Trd, 2590725.329, 77
Trd, 2590725.913, 98
Trd, 2590726.146, 77
Trd, 2590727.179, 79
Trd, 2590728.113, 94
Trd, 2590728.613, 88
Trd, 2590729.246, 92
Trd, 2590729.263, 90
Trd, 2590730.129, 99
Trd, 2590731.179, 101
Trd, 2590732.046, 102
Trd, 2590732.163, 91
Trd, 2590732.313, 103
Trd, 2590734.796, 108
Trd, 2590735.196, 109
Trd, 2590735.713, 106
Trd, 2590736.096, 104
Trd, 2590736.846, 109
Trd, 2590737.596, 103
Trd, 2590738.613, 101
Trd, 2590739.179, 96
Trd, 2590739.613, 90
Trd, 2590740.363, 92
Trd, 2590741.613, 94
Trd, 2590742.296, 94
Trd, 2590742.546, 96
Trd, 2590742.813, 95
Trd, 2590744.096, 95
Trd, 2590744.363, 88
Trd, 2590744.879, 112
Trd, 2590746.613, 107
Trd, 2590746.679, 97
Trd, 2590747.063, 96
Trd, 2590747.496, 100
Trd, 2590747.546, 94
Trd, 2590749.196, 100
Trd, 2590750.296, 82
Trd, 2590750.546, 82
Trd, 2590751.013, 81
Trd, 2590751.746, 91
Trd, 2590752.746, 93
Trd, 2590753.863, 101
Trd, 2590753.996, 90
Trd, 2590755.579, 93
Trd, 2590756.929, 96
Trd, 2590758.429, 97
Trd, 2590758.996, 101
Trd, 2590759.113, 100
Trd, 2590759.713, 103
Trd, 2590760.213, 114
Trd, 2590760.346, 120
Trd, 2590760.646, 106
Trd, 2590761.146, 101
Trd, 2590761.279, 110
Trd, 2590761.646, 94
Trd, 2590764.296, 91
Trd, 2590765.696, 95
Trd, 2590765.763, 94
Trd, 2590766.296, 102
Trd, 2590766.363, 104
Trd, 2590766.746, 88
Trd, 2590766.929, 112
Trd, 2590766.979, 86
Trd, 2590767.863, 114
Trd, 2590769.563, 94
Trd, 2590770.779, 95
Trd, 2590771.229, 106
Trd, 2590771.296, 95
Trd, 2590773.196, 99
Trd, 2590773.446, 96
Trd, 2590773.746, 116
Trd, 2590774.463, 97
Trd, 2590775.296, 98
Trd, 2590775.863, 113
Trd, 2590776.113, 107
Trd, 2590776.296, 104
Trd, 2590776.546, 98
Trd, 2590777.079, 117
Trd, 2590780.979, 99
Trd, 2590781.379, 104
Trd, 2590781.829, 95
Trd, 2590781.963, 94
Trd, 2590782.463, 91
Trd, 2590782.629, 98
Trd, 2590782.763, 91
Trd, 2590784.196, 115
Trd, 2590784.729, 93
Trd, 2590784.963, 96
Trd, 2590785.213, 94
Trd, 2590785.313, 116
Trd, 2590786.613, 98
Trd, 2590787.463, 96
Trd, 2590787.796, 110
Trd, 2590788.329, 99
Trd, 2590788.346, 117
Trd, 2590789.563, 95
Trd, 2590790.263, 107
Trd, 2590791.846, 97
Trd, 2590791.929, 108
Trd, 2590793.013, 96
Trd, 2590794.463, 109
Trd, 2590795.163, 110
Trd, 2590795.213, 104
Trd, 2590795.796, 96
Trd, 2590796.379, 96
Trd, 2590797.296, 114
Trd, 2590797.313, 107
Trd, 2590797.463, 115
Trd, 2590798.196, 98
Trd, 2590798.729, 99
Trd, 2590799.129, 95
Trd, 2590800.029, 93
Trd, 2590801.813, 92
Trd, 2590802.079, 91
Trd, 2590802.263, 91
Trd, 2590802.979, 103
Trd, 2590803.713, 85
Trd, 2590804.729, 103
Trd, 2590805.129, 111
Trd, 2590805.279, 91
Trd, 2590806.113, 95
Trd, 2590806.863, 102
Trd, 2590807.063, 106
Trd, 2590807.679, 90
Trd, 2590808.013, 113
Trd, 2590808.696, 86
Trd, 2590809.596, 95
Trd, 2590810.529, 116
Trd, 2590811.963, 95
Trd, 2590812.463, 94
Trd, 2590813.329, 95
Trd, 2590813.696, 95
Trd, 2590814.646, 103
Trd, 2590814.729, 94
Trd, 2590816.863, 97
Trd, 2590817.746, 99
Trd, 2590818.779, 97
Trd, 2590819.046, 93
Trd, 2590820.046, 110
Trd, 2590820.479, 112
Trd, 2590821.246, 108
Trd, 2590821.613, 104
Trd, 2590821.896, 116
Trd, 2590821.913, 101
Trd, 2590822.496, 120
Trd, 2590823.879, 99
Trd, 2590824.029, 98
Trd, 2590824.113, 94
Trd, 2590824.813, 92
Trd, 2590825.829, 87
Trd, 2590825.913, 88
Trd, 2590826.563, 96
Trd, 2590827.913, 104
Trd, 2590828.046, 114
Trd, 2590829.113, 98
Trd, 2590829.646, 97
Trd, 2590829.996, 98
Trd, 2590831.096, 104
Trd, 2590831.529, 101
Trd, 2590831.563, 100
Trd, 2590832.763, 97
Trd, 2590833.329, 96
Trd, 2590834.396, 95
Trd, 2590834.729, 93
Trd, 2590835.663, 105
Trd, 2590836.546, 90
Trd, 2590836.879, 82
Trd, 2590837.063, 106
Trd, 2590837.796, 110
Trd, 2590838.029, 86
Trd, 2590839.413, 81
Trd, 2590839.813, 91
Trd, 2590840.013, 115
Trd, 2590840.146, 82
Trd, 2590840.279, 114
Trd, 2590842.679, 98
Trd, 2590842.763, 94
Trd, 2590843.379, 103
Trd, 2590843.446, 103
Trd, 2590844.529, 108
Trd, 2590845.879, 108
Trd, 2590846.379, 110
Trd, 2590846.513, 116
Trd, 2590846.663, 104
Trd, 2590847.213, 101
Trd, 2590847.279, 97
Trd, 2590847.413, 96
Trd, 2590847.496, 91
Trd, 2590847.563, 89
Trd, 2590848.513, 121
Trd, 2590848.796, 119
Trd, 2590848.896, 104
Trd, 2590850.013, 120
Trd, 2590850.063, 125
Trd, 2590851.046, 96
Trd, 2590851.813, 92
Trd, 2590852.229, 113
Trd, 2590852.646, 91
Trd, 2590853.679, 81
Trd, 2590854.196, 80
Trd, 2590854.546, 82
Trd, 2590856.246, 93
Trd, 2590857.063, 105
Trd, 2590858.613, 89
Trd, 2590859.046, 88
Trd, 2590859.396, 94
Trd, 2590860.196, 109
Trd, 2590861.079, 94
Trd, 2590861.363, 93
Trd, 2590861.913, 106
Trd, 2590862.429, 93
Trd, 2590862.646, 115
Trd, 2590863.729, 110
Trd, 2590865.796, 108
Trd, 2590866.163, 109
Trd, 2590866.263, 110
Trd, 2590867.646, 108
Trd, 2590867.713, 109
Trd, 2590867.796, 103
Trd, 2590868.213, 103
Trd, 2590868.746, 114
Trd, 2590869.579, 113
Trd, 2590869.679, 113
Trd, 2590869.996, 101
Trd, 2590870.163, 91
Trd, 2590870.746, 106
Trd, 2590870.979, 91
Trd, 2590871.129, 88
Trd, 2590873.396, 88
Trd, 2590873.713, 90
Trd, 2590874.363, 105
Trd, 2590874.546, 104
Trd, 2590874.846, 106
Trd, 2590874.996, 108
Trd, 2590875.113, 105
Trd, 2590877.046, 108
Trd, 2590877.613, 104
Trd, 2590878.596, 101
Trd, 2590878.696, 113
Trd, 2590878.996, 98
Trd, 2590880.396, 106
Trd, 2590880.896, 102
Trd, 2590881.529, 97
Trd, 2590882.046, 97
Trd, 2590883.029, 109
Trd, 2590884.246, 113
Trd, 2590884.546, 97
Trd, 2590885.946, 93
Trd, 2590886.063, 93
Trd, 2590886.196, 91
Trd, 2590886.513, 86
Trd, 2590886.796, 108
Trd, 2590886.996, 114
Trd, 2590887.629, 118
Trd, 2590889.013, 105
Trd, 2590890.163, 96
Trd, 2590890.679, 98
Trd, 2590890.879, 106
Trd, 2590891.779, 118
Trd, 2590891.946, 112
Trd, 2590891.979, 108
Trd, 2590892.079, 95
Trd, 2590892.896, 99
Trd, 2590893.063, 107
Trd, 2590893.813, 89
Trd, 2590895.663, 89
Trd, 2590897.396, 113
Trd, 2590897.863, 94
Trd, 2590898.279, 92
Trd, 2590898.546, 111
Trd, 2590899.213, 98
Trd, 2590899.613, 106
Trd, 2590900.879, 105
Trd, 2590901.663, 98
Trd, 2590903.829, 102
Trd, 2590904.613, 108
Trd, 2590904.696, 99
Trd, 2590905.313, 96
Trd, 2590906.079, 98
Trd, 2590906.329, 109
Trd, 2590906.496, 109
Trd, 2590907.696, 108
Trd, 2590907.796, 109
Trd, 2590907.813, 111
Trd, 2590908.496, 114
Trd, 2590909.329, 101
Trd, 2590909.763, 98
Trd, 2590911.496, 93
Trd, 2590911.846, 106
Trd, 2590912.096, 92
Trd, 2590912.963, 91
Trd, 2590913.696, 92
Trd, 2590914.896, 106
Trd, 2590915.079, 112
Trd, 2590915.596, 113
Trd, 2590916.296, 101
Trd, 2590916.946, 97
Trd, 2590917.596, 105
Trd, 2590917.746, 106
Trd, 2590918.229, 114
Trd, 2590918.679, 91
Trd, 2590918.846, 91
Trd, 2590920.146, 91
Trd, 2590920.629, 91
Trd, 2590921.463, 101
Trd, 2590921.696, 106
Trd, 2590922.529, 122
Trd, 2590922.946, 105
Trd, 2590923.946, 115
Trd, 2590924.229, 106
Trd, 2590924.396, 105
Trd, 2590924.529, 101
Trd, 2590925.963, 113
Trd, 2590926.879, 96
Trd, 2590926.913, 93
Trd, 2590926.929, 91
Trd, 2590927.329, 118
Trd, 2590927.946, 95
Trd, 2590928.146, 94
Trd, 2590930.279, 94
Trd, 2590930.746, 111
Trd, 2590932.829, 86
Trd, 2590933.979, 92
Trd, 2590934.163, 94
Trd, 2590934.829, 98
Trd, 2590934.946, 101
Trd, 2590936.529, 101
Trd, 2590937.196, 89
Trd, 2590937.213, 103
Trd, 2590937.279, 104
Trd, 2590938.663, 105
Trd, 2590939.379, 114
Trd, 2590939.829, 97
Trd, 2590940.363, 95
Trd, 2590941.129, 94
Trd, 2590942.513, 93
Trd, 2590944.129, 95
Trd, 2590944.946, 99
Trd, 2590945.563, 102
Trd, 2590946.213, 108
Trd, 2590947.279, 93
Trd, 2590948.363, 102
Trd, 2590948.379, 93
Trd, 2590948.529, 93
Trd, 2590949.046, 91
Trd, 2590950.046, 83
Trd, 2590950.113, 84
Trd, 2590950.779, 96
Trd, 2590951.979, 101
Trd, 2590952.246, 114
Trd, 2590953.096, 91
Trd, 2590953.329, 92
Trd, 2590954.263, 94
Trd, 2590954.429, 94
Trd, 2590954.779, 94
Trd, 2590956.496, 93
Trd, 2590957.263, 104
Trd, 2590958.729, 93
Trd, 2590959.563, 98
Trd, 2590959.663, 108
Trd, 2590959.796, 91
Trd, 2590959.979, 91
Trd, 2590960.046, 114
Trd, 2590961.063, 107
Trd, 2590961.546, 110
Trd, 2590962.546, 103
Trd, 2590962.729, 82
Trd, 2590964.646, 108
Trd, 2590965.013, 94
Trd, 2590965.213, 81
Trd, 2590968.246, 93
Trd, 2590968.396, 97
Trd, 2590968.763, 100
Trd, 2590968.879, 96
Trd, 2590969.129, 101
Trd, 2590969.946, 101
Trd, 2590970.646, 102
Trd, 2590971.079, 101
Trd, 2590971.663, 110
Trd, 2590971.979, 95
Trd, 2590971.996, 94
Trd, 2590972.113, 90
Trd, 2590972.263, 93
Trd, 2590973.146, 92
Trd, 2590974.029, 88
Trd, 2590974.096, 94
Trd, 2590974.696, 88
Trd, 2590976.946, 115
Trd, 2590977.379, 117
Trd, 2590978.263, 94
Trd, 2590979.479, 105
Trd, 2590980.279, 96
Trd, 2590980.646, 109
Trd, 2590981.729, 111
Trd, 2590983.163, 98
Trd, 2590983.396, 106
Trd, 2590983.479, 110
Trd, 2590983.546, 97
Trd, 2590983.979, 110
Trd, 2590984.046, 97
Trd, 2590984.513, 92
Trd, 2590986.529, 108
Trd, 2590986.629, 115
Trd, 2590987.596, 94
Trd, 2590988.063, 92
Trd, 2590988.646, 108
Trd, 2590989.329, 101
Trd, 2590989.363, 109
Trd, 2590989.546, 99
Trd, 2590991.813, 98
Trd, 2590991.979, 112
Trd, 2590993.196, 110
Trd, 2590994.346, 100
Trd, 2590994.713, 114
Trd, 2590994.913, 118
Trd, 2590995.463, 100
Trd, 2590995.829, 97
Trd, 2590995.946, 96
Trd, 2590996.963, 102
Trd, 2590998.313, 96
Trd, 2590999.613, 104
Trd, 2590999.663, 95
Trd, 2591000.113, 105
Trd, 2591000.796, 107
Trd, 2591000.813, 93
Trd, 2591000.829, 92
Trd, 2591001.713, 90
Trd, 2591004.629, 87
Trd, 2591004.996, 86
Trd, 2591005.113, 85
Trd, 2591005.446, 98
Trd, 2591005.546, 79
Trd, 2591006.213, 87
Trd, 2591007.729, 101
Trd, 2591007.813, 112
Trd, 2591008.163, 92
Trd, 2591010.946, 97
Trd, 2591011.013, 98
Trd, 2591011.929, 110
Trd, 2591012.279, 114
Trd, 2591012.296, 98
Trd, 2591012.929, 108
Trd, 2591013.496, 95
Trd, 2591014.246, 116
Trd, 2591015.196, 98
Trd, 2591016.163, 114
Trd, 2591016.963, 106
Trd, 2591017.246, 106
Trd, 2591018.479, 104
Trd, 2591018.946, 101
Trd, 2591019.796, 99
Trd, 2591020.079, 96
Trd, 2591020.279, 109
Trd, 2591020.629, 94
Trd, 2591021.696, 93
Trd, 2591022.196, 94
Trd, 2591022.346, 91
Trd, 2591022.429, 107
Trd, 2591023.079, 113
Trd, 2591023.429, 87
Trd, 2591023.479, 93
Trd, 2591023.796, 117
Trd, 2591023.879, 107
Trd, 2591026.579, 109
Trd, 2591027.196, 104
Trd, 2591027.346, 104
Trd, 2591027.496, 94
Trd, 2591028.013, 91
Trd, 2591028.913, 98
Trd, 2591029.163, 79
Trd, 2591029.446, 118
Trd, 2591029.763, 124
Trd, 2591029.863, 122
Trd, 2591031.129, 78
Trd, 2591031.429, 80
Trd, 2591032.613, 88
Trd, 2591032.996, 101
Trd, 2591033.313, 114
Trd, 2591035.579, 123
Trd, 2591036.129, 108
Trd, 2591037.079, 108
Trd, 2591037.229, 101
Trd, 2591038.513, 96
Trd, 2591039.129, 102
Trd, 2591039.229, 92
Trd, 2591039.879, 91
Trd, 2591039.996, 89
Trd, 2591040.246, 110
Trd, 2591041.379, 92
Trd, 2591041.913, 101
Trd, 2591042.313, 97
Trd, 2591042.429, 92
Trd, 2591043.946, 97
Trd, 2591045.696, 108
Trd, 2591046.179, 114
Trd, 2591047.513, 95
Trd, 2591047.579, 94
Trd, 2591047.646, 92
Trd, 2591048.529, 99
Trd, 2591049.096, 97
Trd, 2591049.379, 96
Trd, 2591049.463, 112
Trd, 2591050.796, 118
Trd, 2591051.246, 115
Trd, 2591051.463, 120
Trd, 2591052.863, 112
Trd, 2591053.863, 118
Trd, 2591054.079, 102
Trd, 2591054.113, 100
Trd, 2591054.779, 108
Trd, 2591055.696, 96
Trd, 2591056.446, 109
Trd, 2591056.463, 100
Trd, 2591056.729, 99
Trd, 2591057.046, 97
Trd, 2591057.463, 92
Trd, 2591059.229, 104
Trd, 2591059.496, 109
Trd, 2591060.829, 101
Trd, 2591061.629, 102
Trd, 2591061.763, 110
Trd, 2591062.213, 100
Trd, 2591062.479, 113
Trd, 2591064.246, 100
Trd, 2591064.596, 99
Trd, 2591065.513, 103
Trd, 2591066.179, 99
Trd, 2591066.346, 96
Trd, 2591066.796, 94
Trd, 2591067.096, 93
Trd, 2591067.196, 92
Trd, 2591068.229, 110
Trd, 2591068.696, 104
Trd, 2591068.896, 98
Trd, 2591068.913, 115
Trd, 2591070.229, 111
Trd, 2591070.729, 112
Trd, 2591070.846, 116
Trd, 2591072.029, 93
Trd, 2591072.079, 104
Trd, 2591072.913, 93
Trd, 2591073.696, 95
Trd, 2591073.979, 92
Trd, 2591075.196, 101
Trd, 2591075.279, 91
Trd, 2591076.279, 112
Trd, 2591076.663, 120
Trd, 2591077.113, 121
Trd, 2591078.163, 101
Trd, 2591078.913, 102
Trd, 2591079.146, 102
Trd, 2591079.263, 114
Trd, 2591080.113, 101
Trd, 2591080.579, 94
Trd, 2591080.929, 90
Trd, 2591085.046, 87
Trd, 2591085.379, 85
Trd, 2591085.879, 83
Trd, 2591086.163, 98
Trd, 2591086.229, 80
Trd, 2591087.196, 98
Trd, 2591087.579, 92
Trd, 2591087.763, 108
Trd, 2591088.246, 112
Trd, 2591088.763, 95
Trd, 2591089.113, 93
Trd, 2591090.513, 96
Trd, 2591091.013, 91
Trd, 2591091.563, 91
Trd, 2591091.679, 86
Trd, 2591091.913, 104
Trd, 2591093.713, 92
Trd, 2591095.129, 91
Trd, 2591095.329, 103
Trd, 2591096.546, 102
Trd, 2591097.529, 106
Trd, 2591098.013, 107
Trd, 2591098.063, 96
Trd, 2591099.496, 107
Trd, 2591099.913, 95
Trd, 2591100.246, 94
Trd, 2591100.413, 108
Trd, 2591100.863, 91
Trd, 2591102.146, 107
Trd, 2591102.579, 106
Trd, 2591102.946, 91
Trd, 2591103.763, 89
Trd, 2591104.029, 101
Trd, 2591104.629, 93
Trd, 2591105.979, 115
Trd, 2591106.329, 111
Trd, 2591106.446, 116
Trd, 2591106.729, 110
Trd, 2591107.063, 119
Trd, 2591107.463, 108
Trd, 2591107.813, 77
Trd, 2591108.146, 76
Trd, 2591108.663, 72
Trd, 2591109.429, 91
Trd, 2591109.679, 94
Trd, 2591110.596, 120
Trd, 2591111.246, 101
Trd, 2591111.763, 100
Trd, 2591111.863, 99
Trd, 2591112.929, 103
Trd, 2591113.279, 114
Trd, 2591114.046, 96
Trd, 2591114.179, 115
Trd, 2591114.213, 120
Trd, 2591114.479, 95
Trd, 2591114.646, 93
Trd, 2591115.113, 94
Trd, 2591118.246, 112
Trd, 2591118.829, 105
Trd, 2591119.446, 105
Trd, 2591119.813, 104
Trd, 2591120.163, 103
Trd, 2591120.546, 101
Trd, 2591120.646, 96
Trd, 2591120.696, 109
Trd, 2591120.796, 94
Trd, 2591121.113, 88
Trd, 2591121.613, 77
Trd, 2591121.829, 114
Trd, 2591123.313, 100
Trd, 2591124.163, 108
Trd, 2591124.229, 99
Trd, 2591124.313, 109
Trd, 2591124.929, 101
Trd, 2591128.113, 94
Trd, 2591128.379, 96
Trd, 2591128.446, 93
Trd, 2591129.829, 94
Trd, 2591130.013, 101
Trd, 2591130.279, 106
Trd, 2591130.646, 93
Trd, 2591131.046, 114
Trd, 2591131.646, 92
Trd, 2591132.196, 92
Trd, 2591133.846, 91
Trd, 2591134.113, 93
Trd, 2591134.446, 93
Trd, 2591134.713, 96
Trd, 2591135.513, 91
Trd, 2591135.729, 90
Trd, 2591136.496, 94
Trd, 2591138.779, 91
Trd, 2591139.513, 91
Trd, 2591140.613, 102
Trd, 2591141.129, 94
Trd, 2591141.196, 101
Trd, 2591141.546, 114
Trd, 2591141.746, 113
Trd, 2591143.029, 98
Trd, 2591143.179, 96
Trd, 2591143.496, 93
Trd, 2591143.863, 92
Trd, 2591144.463, 91
Trd, 2591145.063, 98
Trd, 2591145.913, 111
Trd, 2591147.513, 97
Trd, 2591148.313, 99
Trd, 2591148.663, 97
Trd, 2591148.796, 97
Trd, 2591150.029, 101
Trd, 2591150.913, 99
Trd, 2591151.096, 101
Trd, 2591151.113, 94
Trd, 2591151.563, 93
Trd, 2591152.913, 94
Trd, 2591153.079, 109
Trd, 2591153.413, 91
Trd, 2591155.213, 103
Trd, 2591155.579, 93
Trd, 2591156.346, 90
Trd, 2591157.179, 113
Trd, 2591158.146, 115
Trd, 2591158.579, 87
Trd, 2591159.463, 87
Trd, 2591160.379, 91
Trd, 2591160.829, 91
Trd, 2591161.563, 106
Trd, 2591161.713, 102
Trd, 2591162.579, 111
Trd, 2591162.896, 101
Trd, 2591163.496, 101
Trd, 2591164.263, 106
Trd, 2591164.946, 114
Trd, 2591165.146, 115
Trd, 2591165.429, 104
Trd, 2591166.129, 104
Trd, 2591167.496, 104
Trd, 2591167.996, 105
Trd, 2591168.413, 103
Trd, 2591168.446, 96
Trd, 2591169.746, 103
Trd, 2591170.213, 94
Trd, 2591170.963, 92
Trd, 2591171.046, 91
Trd, 2591171.646, 102
Trd, 2591171.879, 91
Trd, 2591171.929, 91
Trd, 2591171.946, 90
Trd, 2591172.363, 108
Trd, 2591173.929, 91
Trd, 2591174.063, 92
Trd, 2591175.163, 90
Trd, 2591176.029, 111
Trd, 2591177.146, 91
Trd, 2591178.629, 94
Trd, 2591179.629, 98
Trd, 2591180.496, 95
Trd, 2591180.563, 95
Trd, 2591181.363, 96
Trd, 2591181.513, 95
Trd, 2591181.713, 92
Trd, 2591182.213, 89
Trd, 2591182.296, 96
Trd, 2591182.396, 101
Trd, 2591182.946, 94
Trd, 2591183.013, 93
Trd, 2591185.463, 94
Trd, 2591185.963, 107
Trd, 2591185.979, 89
Trd, 2591187.079, 109
Trd, 2591188.163, 98
Trd, 2591188.279, 110
Trd, 2591188.329, 92
Trd, 2591188.879, 92
Trd, 2591189.729, 107
Trd, 2591190.596, 110
Trd, 2591191.229, 112
Trd, 2591191.713, 104
Trd, 2591192.179, 105
Trd, 2591193.463, 100
Trd, 2591193.513, 99
Trd, 2591193.779, 113
Trd, 2591195.146, 98
Trd, 2591197.629, 116
Trd, 2591199.129, 98
Trd, 2591199.563, 99
Trd, 2591199.879, 119
Trd, 2591200.546, 104
Trd, 2591200.613, 94
Trd, 2591201.513, 121
Trd, 2591201.679, 108
Trd, 2591202.063, 101
Trd, 2591202.629, 97
Trd, 2591202.913, 111
Trd, 2591203.196, 114
Trd, 2591203.479, 101
Trd, 2591205.079, 101
Trd, 2591205.129, 119
Trd, 2591205.613, 101
Trd, 2591206.046, 123
Trd, 2591206.163, 101
Trd, 2591207.929, 93
Trd, 2591209.329, 92
Trd, 2591210.496, 93
Trd, 2591211.246, 95
Trd, 2591211.929, 97
Trd, 2591213.613, 94
Trd, 2591213.963, 96
Trd, 2591214.246, 91
Trd, 2591214.646, 98
Trd, 2591216.063, 94
Trd, 2591216.596, 93
Trd, 2591217.196, 107
Trd, 2591217.329, 96
Trd, 2591218.163, 111
Trd, 2591218.729, 108
Trd, 2591219.463, 98
Trd, 2591219.879, 91
Trd, 2591220.346, 92
Trd, 2591222.329, 91
Trd, 2591222.529, 100
Trd, 2591223.496, 101
Trd, 2591223.796, 94
Trd, 2591223.946, 101
Trd, 2591224.879, 92
Trd, 2591225.063, 93
Trd, 2591225.129, 92
Trd, 2591225.796, 100
Trd, 2591227.279, 99
Trd, 2591227.596, 100
Trd, 2591228.929, 92
Trd, 2591229.629, 96
Trd, 2591230.013, 91
Trd, 2591230.096, 91
Trd, 2591231.413, 95
Trd, 2591231.463, 94
Trd, 2591231.646, 93
Trd, 2591231.796, 111
Trd, 2591232.713, 105
Trd, 2591233.013, 94
Trd, 2591236.929, 95
Trd, 2591237.746, 95
Trd, 2591237.846, 108
Trd, 2591238.963, 94
Trd, 2591239.346, 92
Trd, 2591239.496, 104
Trd, 2591239.979, 92
Trd, 2591241.463, 92
Trd, 2591242.396, 106
Trd, 2591242.413, 91
Trd, 2591242.796, 107
Trd, 2591244.413, 92
Trd, 2591244.463, 94
Trd, 2591244.763, 98
Trd, 2591244.813, 102
Trd, 2591246.379, 99
Trd, 2591248.196, 107
Trd, 2591248.246, 114
Trd, 2591248.946, 108
Trd, 2591249.829, 99
Trd, 2591250.313, 100
Trd, 2591250.629, 114
Trd, 2591251.046, 101
Trd, 2591251.513, 101
Trd, 2591252.129, 100
Trd, 2591252.163, 105
Trd, 2591253.663, 100
Trd, 2591253.679, 95
Trd, 2591255.963, 92
Trd, 2591256.379, 91
Trd, 2591256.863, 106
Trd, 2591257.429, 108
Trd, 2591258.263, 108
Trd, 2591258.379, 102
Trd, 2591258.463, 109
Trd, 2591258.913, 101
Trd, 2591258.946, 116
Trd, 2591259.029, 97
Trd, 2591259.196, 97
Trd, 2591259.963, 104
Trd, 2591259.996, 86
Trd, 2591261.646, 86
Trd, 2591263.129, 96
Trd, 2591263.713, 92
Trd, 2591264.096, 84
Trd, 2591264.779, 85
Trd, 2591265.663, 76
Trd, 2591266.629, 104
Trd, 2591266.763, 108
Trd, 2591267.063, 110
Trd, 2591267.129, 106
Trd, 2591268.646, 114
Trd, 2591268.763, 106
Trd, 2591269.029, 109
Trd, 2591269.179, 101
Trd, 2591270.779, 109
Trd, 2591271.096, 107
Trd, 2591271.296, 101
Trd, 2591271.829, 117
Trd, 2591272.113, 96
Trd, 2591272.246, 91
Trd, 2591274.263, 108
Trd, 2591276.746, 91
Trd, 2591277.013, 94
Trd, 2591277.213, 96
Trd, 2591277.779, 99
Trd, 2591277.929, 101
Trd, 2591278.046, 108
Trd, 2591278.813, 100
Trd, 2591279.313, 99
Trd, 2591279.396, 96
Trd, 2591279.646, 117
Trd, 2591280.229, 103
Trd, 2591280.263, 107
Trd, 2591280.613, 108
Trd, 2591281.896, 90
Trd, 2591282.146, 101
Trd, 2591284.596, 95
Trd, 2591285.779, 93
Trd, 2591285.846, 93
Trd, 2591285.996, 91
Trd, 2591286.013, 106
Trd, 2591286.979, 87
Trd, 2591288.196, 91
Trd, 2591288.663, 101
Trd, 2591289.763, 81
Trd, 2591289.929, 81
Trd, 2591290.479, 84
Trd, 2591290.579, 85
Trd, 2591293.496, 106
Trd, 2591293.746, 100
Trd, 2591293.896, 110
Trd, 2591294.213, 92
Trd, 2591294.646, 119
Trd, 2591294.829, 120
Trd, 2591295.429, 123
Trd, 2591297.079, 105
Trd, 2591298.696, 97
Trd, 2591298.879, 95
Trd, 2591299.129, 98
Trd, 2591299.363, 91
Trd, 2591300.396, 107
Trd, 2591300.479, 112
Trd, 2591301.713, 116
Trd, 2591301.763, 115
Trd, 2591302.846, 109
Trd, 2591303.329, 102
Trd, 2591304.063, 106
Trd, 2591304.213, 102
Trd, 2591304.896, 101
Trd, 2591305.329, 112
Trd, 2591305.479, 110
Trd, 2591306.079, 114
Trd, 2591307.279, 112
Trd, 2591308.296, 108
Trd, 2591308.529, 96
Trd, 2591311.096, 95
Trd, 2591311.179, 93
Trd, 2591311.346, 115
Trd, 2591312.179, 93
Trd, 2591313.329, 90
Trd, 2591313.379, 92
Trd, 2591314.146, 86
Trd, 2591315.096, 98
Trd, 2591315.429, 100
Trd, 2591315.579, 86
Trd, 2591315.796, 101
Trd, 2591315.879, 105
Trd, 2591316.463, 100
Trd, 2591319.179, 120
Trd, 2591320.529, 96
Trd, 2591321.696, 105
Trd, 2591322.663, 101
Trd, 2591322.829, 104
Trd, 2591324.563, 100
Trd, 2591324.963, 98
Trd, 2591326.446, 100
Trd, 2591327.429, 101
Trd, 2591327.546, 109
Trd, 2591328.296, 108
Trd, 2591328.463, 97
Trd, 2591330.163, 99
Trd, 2591330.263, 96
Trd, 2591331.263, 94
Trd, 2591331.429, 111
Trd, 2591331.479, 93
Trd, 2591331.896, 114
Trd, 2591332.146, 93
Trd, 2591332.829, 123
Trd, 2591334.296, 117
Trd, 2591335.229, 98
Trd, 2591336.463, 96
Trd, 2591337.113, 95
Trd, 2591337.446, 92
Trd, 2591338.129, 88
Trd, 2591339.129, 104
Trd, 2591340.229, 105
Trd, 2591340.513, 94
Trd, 2591340.879, 100
Trd, 2591341.229, 95
Trd, 2591341.846, 103
Trd, 2591342.079, 95
Trd, 2591342.513, 108
Trd, 2591342.729, 92
Trd, 2591343.496, 91
Trd, 2591345.346, 99
Trd, 2591345.913, 99
Trd, 2591348.329, 90
Trd, 2591348.396, 98
Trd, 2591348.579, 101
Trd, 2591349.379, 108
Trd, 2591350.096, 115
Trd, 2591350.179, 101
Trd, 2591350.696, 101
Trd, 2591351.263, 94
Trd, 2591351.863, 86
Trd, 2591352.296, 106
Trd, 2591352.879, 111
Trd, 2591353.529, 114
Trd, 2591353.579, 100
Trd, 2591353.763, 100
Trd, 2591355.513, 102
Trd, 2591356.246, 107
Trd, 2591356.679, 101
Trd, 2591356.946, 109
Trd, 2591357.346, 96
Trd, 2591357.679, 93
Trd, 2591357.913, 91
Trd, 2591357.979, 79
Trd, 2591358.013, 77
Trd, 2591359.046, 112
Trd, 2591359.463, 88
Trd, 2591360.363, 99
Trd, 2591360.929, 114
Trd, 2591361.579, 94
Trd, 2591362.613, 112
Trd, 2591363.379, 112
Trd, 2591363.946, 108
Trd, 2591364.929, 96
Trd, 2591365.346, 96
Trd, 2591365.863, 113
Trd, 2591365.963, 97
Trd, 2591366.646, 97
Trd, 2591367.929, 97
Trd, 2591368.079, 95
Trd, 2591369.379, 101
Trd, 2591369.779, 104
Trd, 2591369.946, 97
Trd, 2591370.746, 93
Trd, 2591370.979, 98
Trd, 2591374.629, 92
Trd, 2591375.013, 101
Trd, 2591375.346, 93
Trd, 2591376.563, 92
Trd, 2591376.596, 101
Trd, 2591378.213, 96
Trd, 2591378.363, 99
Trd, 2591378.429, 92
Trd, 2591379.363, 90
Trd, 2591379.446, 100
Trd, 2591380.029, 113
Trd, 2591380.996, 114
Trd, 2591381.679, 87
Trd, 2591381.746, 114
Trd, 2591381.896, 85
Trd, 2591382.096, 84
Trd, 2591382.179, 79
Trd, 2591383.079, 90
Trd, 2591383.479, 91
Trd, 2591383.696, 101
Trd, 2591383.813, 94
Trd, 2591384.913, 93
Trd, 2591386.763, 97
Trd, 2591387.479, 92
Trd, 2591387.513, 100
Trd, 2591388.413, 99
Trd, 2591388.563, 94
Trd, 2591390.829, 102
Trd, 2591392.396, 98
Trd, 2591392.763, 98
Trd, 2591393.296, 98
Trd, 2591393.796, 100
Trd, 2591393.829, 91
Trd, 2591394.763, 108
Trd, 2591395.446, 113
Trd, 2591395.529, 99
Trd, 2591395.996, 114
Trd, 2591396.029, 98
Trd, 2591396.113, 115
Trd, 2591396.146, 98
Trd, 2591396.296, 82
Trd, 2591397.613, 82
Trd, 2591397.679, 80
Trd, 2591397.846, 83
Trd, 2591399.329, 91
Trd, 2591400.963, 101
Trd, 2591402.929, 81
Trd, 2591403.096, 86
Trd, 2591403.496, 99
Trd, 2591403.763, 108
Trd, 2591403.779, 89
Trd, 2591404.396, 81
Trd, 2591406.313, 92
Trd, 2591406.496, 91
Trd, 2591407.379, 96
Trd, 2591408.896, 100
Trd, 2591410.913, 108
Trd, 2591411.213, 100
Trd, 2591411.229, 109
Trd, 2591411.313, 99
Trd, 2591411.496, 95
Trd, 2591412.329, 115
Trd, 2591412.629, 116
Trd, 2591412.713, 129
Trd, 2591413.596, 122
Trd, 2591413.846, 105
Trd, 2591415.346, 122
Trd, 2591416.496, 108
Trd, 2591418.329, 103
Trd, 2591419.213, 103
Trd, 2591419.396, 103
Trd, 2591419.696, 103
Trd, 2591420.413, 114
Trd, 2591420.629, 101
Trd, 2591422.729, 95
Trd, 2591423.046, 106
Trd, 2591424.229, 91
Trd, 2591424.713, 105
Trd, 2591425.163, 108
Trd, 2591425.363, 105
Trd, 2591425.796, 104
Trd, 2591425.813, 96
Trd, 2591426.063, 103
Trd, 2591426.829, 86
Trd, 2591427.246, 93
Trd, 2591427.296, 81
Trd, 2591428.579, 105
Trd, 2591428.929, 94
Trd, 2591430.279, 92
Trd, 2591431.979, 91
Trd, 2591432.563, 102
Trd, 2591432.763, 105
Trd, 2591433.029, 101
Trd, 2591433.629, 101
Trd, 2591433.946, 114
Trd, 2591434.563, 117
Trd, 2591435.863, 101
Trd, 2591436.846, 97
Trd, 2591436.963, 95
Trd, 2591437.413, 110
Trd, 2591437.479, 92
Trd, 2591438.346, 117
Trd, 2591438.463, 101
Trd, 2591439.046, 97
Trd, 2591439.279, 92
Trd, 2591439.313, 91
Trd, 2591440.546, 78
Trd, 2591441.046, 101
Trd, 2591443.029, 83
Trd, 2591443.113, 91
Trd, 2591443.146, 82
Trd, 2591443.546, 81
Trd, 2591443.863, 77
Trd, 2591444.563, 94
Trd, 2591444.846, 82
Trd, 2591445.146, 100
Trd, 2591446.613, 99
Trd, 2591446.796, 101
Trd, 2591446.829, 102
Trd, 2591447.079, 74
Trd, 2591447.513, 97
Trd, 2591447.796, 71
Trd, 2591447.879, 107
Trd, 2591448.796, 94
Trd, 2591450.946, 101
Trd, 2591453.613, 104
Trd, 2591453.829, 108
Trd, 2591454.313, 107
Trd, 2591454.779, 104
Trd, 2591455.096, 114
Trd, 2591455.979, 102
Trd, 2591456.929, 111
Trd, 2591457.196, 101
Trd, 2591457.329, 96
Trd, 2591457.346, 117
Trd, 2591457.463, 117
Trd, 2591458.113, 92
Trd, 2591458.329, 125
Trd, 2591458.479, 119
Trd, 2591459.379, 94
Trd, 2591460.929, 93
Trd, 2591462.229, 105
Trd, 2591462.613, 92
Trd, 2591463.596, 109
Trd, 2591463.663, 91
Trd, 2591465.363, 93
Trd, 2591466.313, 101
Trd, 2591466.813, 100
Trd, 2591468.263, 108
Trd, 2591469.346, 112
Trd, 2591469.463, 112
Trd, 2591470.463, 109
Trd, 2591470.829, 108
Trd, 2591471.146, 104
Trd, 2591471.279, 101
Trd, 2591471.546, 114
Trd, 2591471.979, 98
Trd, 2591472.063, 105
Trd, 2591472.429, 94
Trd, 2591472.929, 113
Trd, 2591473.129, 114
Trd, 2591473.596, 104
Trd, 2591474.313, 115
Trd, 2591474.363, 123
Trd, 2591475.779, 96
Trd, 2591476.563, 94
Trd, 2591476.613, 97
Trd, 2591478.963, 99
Trd, 2591479.196, 101
Trd, 2591479.513, 100
Trd, 2591479.729, 107
Trd, 2591480.046, 100
Trd, 2591480.113, 96
Trd, 2591480.546, 94
Trd, 2591481.013, 117
Trd, 2591481.213, 97
Trd, 2591482.813, 109
Trd, 2591483.163, 98
Trd, 2591483.613, 96
Trd, 2591484.296, 97
Trd, 2591484.913, 91
Trd, 2591486.246, 90
Trd, 2591486.379, 97
Trd, 2591487.213, 100
Trd, 2591487.729, 100
Trd, 2591489.129, 109
Trd, 2591489.629, 93
Trd, 2591489.763, 92
Trd, 2591490.163, 91
Trd, 2591490.246, 81
Trd, 2591490.396, 91
Trd, 2591490.846, 108
Trd, 2591492.429, 87
Trd, 2591493.363, 91
Trd, 2591493.379, 87
Trd, 2591493.529, 87
Trd, 2591494.013, 93
Trd, 2591494.846, 79
Trd, 2591495.313, 96
Trd, 2591495.663, 90
Trd, 2591499.146, 101
Trd, 2591499.696, 115
Trd, 2591500.129, 99
Trd, 2591500.463, 102
Trd, 2591500.979, 121
Trd, 2591502.163, 105
Trd, 2591502.779, 102
Trd, 2591504.013, 105
Trd, 2591504.079, 108
Trd, 2591504.146, 104
Trd, 2591504.279, 102
Trd, 2591505.513, 104
Trd, 2591507.096, 104
Trd, 2591507.296, 101
Trd, 2591508.313, 106
Trd, 2591508.529, 101
Trd, 2591508.546, 99
Trd, 2591509.813, 104
Trd, 2591510.429, 114
Trd, 2591510.546, 122
Trd, 2591510.713, 96
Trd, 2591510.846, 93
Trd, 2591512.779, 101
Trd, 2591512.913, 81
Trd, 2591514.363, 92
Trd, 2591514.629, 108
Trd, 2591514.679, 90
Trd, 2591514.996, 96
Trd, 2591516.013, 107
Trd, 2591516.313, 108
Trd, 2591516.963, 107
Trd, 2591517.163, 104
Trd, 2591518.213, 115
Trd, 2591518.329, 91
Trd, 2591520.113, 93
Trd, 2591520.163, 115
Trd, 2591521.079, 103
Trd, 2591521.763, 103
Trd, 2591522.179, 105
Trd, 2591522.779, 122
Trd, 2591524.929, 105
Trd, 2591526.396, 97
Trd, 2591526.613, 96
Trd, 2591527.079, 96
Trd, 2591528.346, 98
Trd, 2591529.513, 98
Trd, 2591529.663, 101
Trd, 2591529.963, 94
Trd, 2591530.646, 91
Trd, 2591531.146, 109
Trd, 2591531.696, 93
Trd, 2591532.096, 107
Trd, 2591532.463, 94
Trd, 2591533.113, 101
Trd, 2591533.463, 91
Trd, 2591533.679, 91
Trd, 2591534.529, 89
Trd, 2591534.779, 82
Trd, 2591535.129, 98
Trd, 2591535.529, 114
Trd, 2591535.746, 80
Trd, 2591535.963, 80
Trd, 2591536.563, 88
Trd, 2591538.429, 98
Trd, 2591538.679, 97
Trd, 2591538.829, 99
Trd, 2591539.579, 85
Trd, 2591539.779, 102
Trd, 2591540.063, 108
Trd, 2591540.879, 91
Trd, 2591542.463, 101
Trd, 2591542.696, 91
Trd, 2591543.296, 92
Trd, 2591543.879, 114
Trd, 2591544.663, 77
Trd, 2591544.696, 101
Trd, 2591545.079, 76
Trd, 2591546.179, 86
Trd, 2591546.663, 97
Trd, 2591548.079, 86
Trd, 2591549.746, 98
Trd, 2591550.246, 90
Trd, 2591552.963, 97
Trd, 2591554.363, 114
Trd, 2591554.713, 107
Trd, 2591555.329, 105
Trd, 2591555.696, 104
Trd, 2591555.963, 101
Trd, 2591556.829, 99
Trd, 2591557.779, 105
Trd, 2591557.846, 98
Trd, 2591558.113, 98
Trd, 2591558.129, 109
Trd, 2591559.513, 109
Trd, 2591559.546, 95
Trd, 2591561.029, 93
Trd, 2591561.763, 116
Trd, 2591564.213, 99
Trd, 2591564.529, 98
Trd, 2591565.179, 99
Trd, 2591566.296, 97
Trd, 2591566.396, 96
Trd, 2591566.829, 105
Trd, 2591567.996, 96
Trd, 2591568.729, 103
Trd, 2591568.829, 114
Trd, 2591569.529, 116
Trd, 2591570.446, 103
Trd, 2591570.679, 99
Trd, 2591571.479, 118
Trd, 2591572.246, 101
Trd, 2591572.379, 102
Trd, 2591572.596, 96
Trd, 2591572.613, 109
Trd, 2591573.446, 92
Trd, 2591574.813, 108
Trd, 2591575.629, 101
Trd, 2591575.946, 98
Trd, 2591576.629, 107
Trd, 2591577.563, 99
Trd, 2591577.579, 104
Trd, 2591578.063, 98
Trd, 2591578.363, 109
Trd, 2591579.246, 95
Trd, 2591579.946, 93
Trd, 2591580.196, 88
Trd, 2591580.396, 94
Trd, 2591581.429, 91
Trd, 2591581.613, 101
Trd, 2591581.879, 101
Trd, 2591582.096, 105
Trd, 2591584.796, 112
Trd, 2591586.163, 91
Trd, 2591586.396, 100
Trd, 2591587.513, 96
Trd, 2591588.113, 101
Trd, 2591589.113, 110
Trd, 2591589.546, 101
Trd, 2591591.063, 102
Trd, 2591591.146, 114
Trd, 2591591.346, 102
Trd, 2591591.546, 101
Trd, 2591592.296, 117
Trd, 2591592.929, 97
Trd, 2591593.129, 96
Trd, 2591593.713, 109
Trd, 2591594.613, 90
Trd, 2591595.013, 108
Trd, 2591596.246, 87
Trd, 2591596.746, 90
Trd, 2591597.379, 79
Trd, 2591597.863, 94
Trd, 2591598.079, 92
Trd, 2591598.513, 102
Trd, 2591598.696, 109
Trd, 2591599.396, 77
Trd, 2591600.046, 106
Trd, 2591601.196, 90
Trd, 2591602.596, 103
Trd, 2591602.846, 110
Trd, 2591602.913, 93
Trd, 2591605.679, 94
Trd, 2591606.779, 95
Trd, 2591607.113, 94
Trd, 2591608.546, 98
Trd, 2591608.979, 98
Trd, 2591609.196, 98
Trd, 2591609.263, 96
Trd, 2591609.346, 108
Trd, 2591610.279, 94
Trd, 2591610.479, 100
Trd, 2591610.946, 103
Trd, 2591611.496, 105
Trd, 2591611.763, 105
Trd, 2591612.096, 109
Trd, 2591612.213, 104
Trd, 2591613.313, 116
Trd, 2591613.896, 120
Trd, 2591615.013, 112
Trd, 2591615.846, 108
Trd, 2591615.863, 121
Trd, 2591616.013, 108
Trd, 2591616.963, 95
Trd, 2591617.113, 90
Trd, 2591617.979, 89
Trd, 2591619.496, 89
Trd, 2591619.563, 92
Trd, 2591619.913, 90
Trd, 2591619.996, 87
Trd, 2591620.296, 91
Trd, 2591622.429, 98
Trd, 2591622.596, 103
Trd, 2591624.513, 93
Trd, 2591624.729, 93
Trd, 2591625.163, 114
Trd, 2591626.413, 91
Trd, 2591627.163, 91
Trd, 2591627.729, 92
Trd, 2591628.563, 95
Trd, 2591629.296, 101
Trd, 2591629.646, 97
Trd, 2591630.379, 101
Trd, 2591632.163, 101
Trd, 2591632.279, 100
Trd, 2591632.479, 100
Trd, 2591632.513, 103
Trd, 2591632.596, 97
Trd, 2591633.463, 107
Trd, 2591633.596, 111
Trd, 2591635.146, 112
Trd, 2591635.513, 112
Trd, 2591635.696, 101
Trd, 2591635.829, 98
Trd, 2591636.079, 93
Trd, 2591637.313, 91
Trd, 2591637.513, 109
Trd, 2591637.696, 91
Trd, 2591638.279, 95
Trd, 2591639.213, 98
Trd, 2591640.379, 98
Trd, 2591640.446, 97
Trd, 2591641.629, 95
Trd, 2591642.029, 103
Trd, 2591643.896, 97
Trd, 2591644.513, 97
Trd, 2591644.546, 92
Trd, 2591645.496, 97
Trd, 2591646.096, 99
Trd, 2591646.179, 99
Trd, 2591646.563, 101
Trd, 2591646.929, 100
Trd, 2591647.146, 101
Trd, 2591647.529, 106
Trd, 2591648.763, 108
Trd, 2591648.846, 98
Trd, 2591650.096, 110
Trd, 2591650.196, 114
Trd, 2591650.663, 93
Trd, 2591650.829, 92
Trd, 2591650.946, 91
Trd, 2591651.079, 116
Trd, 2591652.796, 76
Trd, 2591654.379, 109
Trd, 2591655.096, 77
Trd, 2591655.429, 78
Trd, 2591656.913, 94
Trd, 2591658.479, 101
Trd, 2591658.929, 101
Trd, 2591658.996, 99
Trd, 2591659.413, 101
Trd, 2591660.963, 97
Trd, 2591661.063, 96
Trd, 2591661.313, 103
Trd, 2591661.963, 108
Trd, 2591662.079, 107
Trd, 2591662.679, 96
Trd, 2591662.763, 91
Trd, 2591663.596, 103
Trd, 2591664.313, 93
Trd, 2591666.179, 91
Trd, 2591666.479, 89
Trd, 2591666.563, 82
Trd, 2591667.496, 95
Trd, 2591668.529, 103
Trd, 2591669.596, 93
Trd, 2591670.296, 91
Trd, 2591671.079, 98
Trd, 2591672.096, 101
Trd, 2591672.263, 105
Trd, 2591672.729, 109
Trd, 2591673.513, 93
Trd, 2591674.563, 94
Trd, 2591674.963, 102
Trd, 2591676.129, 97
Trd, 2591676.329, 97
Trd, 2591676.596, 96
Trd, 2591676.863, 95
Trd, 2591676.896, 100
Trd, 2591677.079, 116
Trd, 2591677.346, 103
Trd, 2591677.929, 93
Trd, 2591680.596, 107
Trd, 2591681.029, 91
Trd, 2591681.346, 104
Trd, 2591681.379, 88
Trd, 2591681.729, 117
Trd, 2591682.296, 110
Trd, 2591684.679, 95
Trd, 2591685.363, 97
Trd, 2591685.729, 89
Trd, 2591685.979, 99
Trd, 2591687.313, 102
Trd, 2591687.779, 104
Trd, 2591688.263, 91
Trd, 2591688.646, 90
Trd, 2591689.063, 89
Trd, 2591690.246, 105
Trd, 2591690.313, 104
Trd, 2591691.146, 103
Trd, 2591692.096, 111
Trd, 2591692.613, 94
Trd, 2591693.579, 108
Trd, 2591693.663, 109
Trd, 2591695.513, 106
Trd, 2591696.063, 112
Trd, 2591696.263, 114
Trd, 2591697.063, 108
Trd, 2591697.596, 112
Trd, 2591698.529, 116
Trd, 2591698.663, 106
Trd, 2591699.513, 100
Trd, 2591700.763, 101
Trd, 2591701.063, 102
Trd, 2591701.746, 108
Trd, 2591702.813, 110
Trd, 2591703.179, 98
Trd, 2591703.946, 108
Trd, 2591703.963, 92
Trd, 2591704.796, 93
Trd, 2591705.563, 104
Trd, 2591707.096, 102
Trd, 2591707.196, 95
Trd, 2591707.963, 95
Trd, 2591708.529, 106
Trd, 2591708.763, 94
Trd, 2591709.563, 92
Trd, 2591709.779, 98
Trd, 2591709.813, 108
Trd, 2591710.613, 91
Trd, 2591710.929, 107
Trd, 2591712.096, 93
Trd, 2591712.213, 89
Trd, 2591712.479, 108
Trd, 2591712.963, 87
Trd, 2591713.896, 95
Trd, 2591715.429, 103
Trd, 2591715.863, 101
Trd, 2591716.213, 91
Trd, 2591716.229, 77
Trd, 2591716.829, 77
Trd, 2591717.663, 101
Trd, 2591717.896, 108
Trd, 2591718.629, 115
Trd, 2591719.663, 115
Trd, 2591719.713, 116
Trd, 2591720.513, 100
Trd, 2591721.213, 99
Trd, 2591721.263, 98
Trd, 2591722.913, 103
Trd, 2591722.979, 104
Trd, 2591724.563, 96
Trd, 2591724.829, 96
Trd, 2591724.929, 94
Trd, 2591726.329, 96
Trd, 2591726.996, 112
Trd, 2591727.113, 96
Trd, 2591727.979, 112
Trd, 2591730.096, 100
Trd, 2591730.129, 97
Trd, 2591730.463, 96
Trd, 2591731.246, 91
Trd, 2591731.529, 97
Trd, 2591732.579, 96
Trd, 2591733.179, 100
Trd, 2591733.313, 105
Trd, 2591734.329, 100
Trd, 2591735.013, 114
Trd, 2591736.646, 96
Trd, 2591737.346, 97
Trd, 2591737.729, 95
Trd, 2591737.879, 94
Trd, 2591739.446, 99
Trd, 2591739.779, 101
Trd, 2591740.346, 91
Trd, 2591741.479, 91
Trd, 2591741.763, 92
Trd, 2591743.246, 94
Trd, 2591743.296, 105
Trd, 2591743.729, 91
Trd, 2591744.146, 94
Trd, 2591744.213, 109
Trd, 2591744.363, 98
Trd, 2591745.146, 98
Trd, 2591745.829, 90
Trd, 2591746.829, 109
Trd, 2591747.463, 96
Trd, 2591747.713, 115
Trd, 2591748.796, 105
Trd, 2591749.163, 105
Trd, 2591750.913, 110
Trd, 2591752.363, 101
Trd, 2591752.729, 109
Trd, 2591752.746, 101
Trd, 2591753.179, 111
Trd, 2591754.229, 100
Trd, 2591754.846, 104
Trd, 2591756.313, 96
Trd, 2591756.913, 96
Trd, 2591757.013, 95
Trd, 2591757.179, 98
Trd, 2591758.929, 102
Trd, 2591760.013, 96
Trd, 2591760.463, 96
Trd, 2591760.713, 93
Trd, 2591760.946, 105
Trd, 2591761.079, 116
Trd, 2591761.363, 105
Trd, 2591761.579, 112
Trd, 2591763.263, 105
Trd, 2591763.863, 119
Trd, 2591764.846, 95
Trd, 2591765.663, 95
Trd, 2591765.763, 122
Trd, 2591765.846, 94
Trd, 2591766.479, 110
Trd, 2591767.263, 91
Trd, 2591768.113, 91
Trd, 2591769.013, 122
Trd, 2591769.279, 97
Trd, 2591773.196, 96
Trd, 2591773.263, 101
Trd, 2591773.713, 101
Trd, 2591773.796, 100
Trd, 2591773.896, 96
Trd, 2591774.413, 117
Trd, 2591775.196, 103
Trd, 2591775.579, 95
Trd, 2591775.846, 94
Trd, 2591776.296, 93
Trd, 2591776.679, 86
Trd, 2591777.313, 77
Trd, 2591778.946, 102
Trd, 2591779.663, 94
Trd, 2591779.979, 99
Trd, 2591781.863, 102
Trd, 2591784.129, 96
Trd, 2591784.313, 109
Trd, 2591784.779, 112
Trd, 2591785.046, 113
Trd, 2591785.129, 97
Trd, 2591785.679, 98
Trd, 2591786.313, 102
Trd, 2591786.479, 97
Trd, 2591786.796, 113
Trd, 2591788.213, 96
Trd, 2591789.079, 98
Trd, 2591789.463, 101
Trd, 2591790.429, 92
Trd, 2591790.513, 91
Trd, 2591791.746, 94
Trd, 2591792.146, 91
Trd, 2591792.846, 92
Trd, 2591792.896, 91
Trd, 2591793.863, 112
Trd, 2591793.996, 108
Trd, 2591795.846, 106
Trd, 2591796.529, 110
Trd, 2591796.763, 101
Trd, 2591797.196, 100
Trd, 2591797.913, 95
Trd, 2591799.463, 103
Trd, 2591799.763, 98
Trd, 2591801.663, 95
Trd, 2591801.746, 97
Trd, 2591801.913, 101
Trd, 2591802.479, 103
Trd, 2591802.513, 95
Trd, 2591803.063, 93
Trd, 2591803.963, 95
Trd, 2591804.813, 108
Trd, 2591805.513, 115
Trd, 2591805.963, 115
Trd, 2591806.846, 115
Trd, 2591807.229, 105
Trd, 2591807.279, 104
Trd, 2591807.996, 100
Trd, 2591808.379, 104
Trd, 2591808.479, 115
Trd, 2591809.646, 101
Trd, 2591810.663, 101
Trd, 2591810.729, 102
Trd, 2591811.346, 93
Trd, 2591811.446, 92
Trd, 2591812.329, 91
Trd, 2591812.713, 91
Trd, 2591813.363, 92
Trd, 2591814.863, 91
Trd, 2591815.229, 101
Trd, 2591816.079, 90
Trd, 2591817.663, 114
Trd, 2591817.846, 112
Trd, 2591818.929, 91
Trd, 2591819.329, 91
Trd, 2591819.346, 91
Trd, 2591819.929, 114
Trd, 2591820.579, 114
Trd, 2591820.829, 99
Trd, 2591820.846, 98
Trd, 2591821.129, 93
Trd, 2591821.996, 101
Trd, 2591823.563, 90
Trd, 2591824.013, 97
Trd, 2591826.046, 98
Trd, 2591826.679, 106
Trd, 2591827.046, 101
Trd, 2591827.946, 89
Trd, 2591829.113, 92
Trd, 2591829.246, 93
Trd, 2591829.363, 91
Trd, 2591829.596, 101
Trd, 2591830.529, 115
Trd, 2591832.196, 112
Trd, 2591833.379, 100
Trd, 2591833.896, 101
Trd, 2591834.596, 102
Trd, 2591835.079, 103
Trd, 2591835.946, 101
Trd, 2591836.463, 101
Trd, 2591836.763, 109
Trd, 2591837.479, 95
Trd, 2591838.513, 114
Trd, 2591838.579, 97
Trd, 2591839.613, 96
Trd, 2591841.113, 100
Trd, 2591842.096, 93
Trd, 2591843.046, 104
Trd, 2591843.613, 102
Trd, 2591843.663, 92
Trd, 2591843.796, 90
Trd, 2591844.579, 102
Trd, 2591844.846, 77
Trd, 2591845.046, 103
Trd, 2591845.779, 94
Trd, 2591846.729, 110
Trd, 2591847.046, 105
Trd, 2591847.113, 91
Trd, 2591847.146, 90
Trd, 2591847.613, 78
Trd, 2591847.679, 100
Trd, 2591849.196, 112
Trd, 2591849.546, 113
Trd, 2591850.296, 98
Trd, 2591851.879, 99
Trd, 2591852.729, 92
Trd, 2591852.813, 94
Trd, 2591853.013, 91
Trd, 2591853.946, 114
Trd, 2591854.663, 108
Trd, 2591855.613, 104
Trd, 2591855.879, 104
Trd, 2591856.413, 120
Trd, 2591858.763, 100
Trd, 2591858.913, 122
Trd, 2591860.096, 101
Trd, 2591861.213, 108
Trd, 2591862.463, 102
Trd, 2591862.613, 100
Trd, 2591863.096, 96
Trd, 2591863.163, 91
Trd, 2591863.613, 107
Trd, 2591863.996, 93
Trd, 2591864.163, 108
Trd, 2591864.713, 102
Trd, 2591864.779, 91
Trd, 2591865.263, 108
Trd, 2591866.146, 86
Trd, 2591867.613, 79
Trd, 2591868.429, 89
Trd, 2591869.029, 90
Trd, 2591869.429, 93
Trd, 2591870.413, 93
Trd, 2591870.863, 103
Trd, 2591871.129, 110
Trd, 2591872.213, 111
Trd, 2591872.329, 116
Trd, 2591872.796, 95
Trd, 2591872.979, 109
Trd, 2591873.496, 92
Trd, 2591874.613, 88
Trd, 2591875.896, 90
Trd, 2591876.346, 105
Trd, 2591877.029, 89
Trd, 2591878.996, 103
Trd, 2591879.079, 89
Trd, 2591879.929, 109
Trd, 2591880.179, 88
Trd, 2591880.679, 115
Trd, 2591881.613, 98
Trd, 2591881.746, 91
Trd, 2591883.479, 108
Trd, 2591883.779, 107
Trd, 2591883.796, 106
Trd, 2591884.263, 113
Trd, 2591884.296, 102
Trd, 2591884.496, 101
Trd, 2591885.379, 110
Trd, 2591886.179, 109
Trd, 2591887.563, 110
Trd, 2591887.863, 91
Trd, 2591888.729, 110
Trd, 2591890.013, 94
Trd, 2591890.279, 94
Trd, 2591890.779, 116
Trd, 2591890.979, 117
Trd, 2591892.096, 101
Trd, 2591892.713, 96
Trd, 2591892.779, 91
Trd, 2591893.646, 89
Trd, 2591895.346, 111
Trd, 2591896.363, 106
Trd, 2591896.463, 95
Trd, 2591898.246, 96
Trd, 2591898.963, 96
Trd, 2591899.113, 90
Trd, 2591899.196, 97
Trd, 2591900.779, 101
Trd, 2591900.979, 92
Trd, 2591901.646, 98
Trd, 2591902.396, 84
Trd, 2591902.763, 91
Trd, 2591902.813, 113
Trd, 2591902.863, 118
Trd, 2591904.363, 108
Trd, 2591905.079, 117
Trd, 2591905.346, 114
Trd, 2591905.713, 105
Trd, 2591906.179, 101
Trd, 2591907.196, 96
Trd, 2591907.279, 98
Trd, 2591907.729, 93
Trd, 2591908.813, 101
Trd, 2591910.029, 123
Trd, 2591910.313, 91
Trd, 2591910.329, 123
Trd, 2591910.379, 91
Trd, 2591911.346, 90
Trd, 2591911.496, 109
Trd, 2591911.529, 83
Trd, 2591911.713, 124
Trd, 2591913.213, 103
Trd, 2591914.213, 96
Trd, 2591914.313, 92
Trd, 2591914.696, 87
Trd, 2591915.396, 104
Trd, 2591915.796, 103
Trd, 2591916.763, 97
Trd, 2591917.279, 102
Trd, 2591917.846, 110
Trd, 2591919.979, 98
Trd, 2591920.646, 100
Trd, 2591921.046, 101
Trd, 2591921.413, 99
Trd, 2591923.129, 108
Trd, 2591923.396, 101
Trd, 2591923.596, 108
Trd, 2591924.296, 101
Trd, 2591924.629, 104
Trd, 2591924.929, 101
Trd, 2591926.413, 94
Trd, 2591928.996, 101
Trd, 2591929.196, 92
Trd, 2591929.446, 99
Trd, 2591930.296, 91
Trd, 2591930.363, 91
Trd, 2591930.946, 91
Trd, 2591931.046, 117
Trd, 2591931.096, 118
Trd, 2591931.196, 121
Trd, 2591931.396, 88
Trd, 2591931.813, 130
Trd, 2591932.613, 86
Trd, 2591934.146, 91
Trd, 2591934.729, 91
Trd, 2591935.279, 90
Trd, 2591935.313, 109
Trd, 2591935.363, 89
Trd, 2591937.729, 104
Trd, 2591938.329, 88
Trd, 2591939.413, 92
Trd, 2591939.513, 90
Trd, 2591939.746, 89
Trd, 2591940.279, 91
Trd, 2591941.113, 97
Trd, 2591941.329, 89
Trd, 2591941.479, 88
Trd, 2591941.763, 99
Trd, 2591943.979, 96
Trd, 2591944.546, 96
Trd, 2591945.329, 95
Trd, 2591945.529, 94
Trd, 2591947.279, 104
Trd, 2591947.946, 98
Trd, 2591948.513, 101
Trd, 2591949.846, 90
Trd, 2591949.996, 108
Trd, 2591950.613, 108
Trd, 2591950.979, 89
Trd, 2591951.696, 105
Trd, 2591953.046, 89
Trd, 2591953.213, 103
Trd, 2591953.979, 103
Trd, 2591954.113, 102
Trd, 2591955.246, 115
Trd, 2591955.713, 116
Trd, 2591957.496, 109
Trd, 2591957.979, 118
Trd, 2591958.796, 120
Trd, 2591959.013, 108
Trd, 2591959.379, 104
Trd, 2591959.829, 117
Trd, 2591961.013, 114
Trd, 2591961.896, 104
Trd, 2591961.929, 102
Trd, 2591962.363, 101
Trd, 2591963.229, 97
Trd, 2591963.396, 96
Trd, 2591964.613, 91
Trd, 2591965.863, 94
Trd, 2591965.913, 93
Trd, 2591966.546, 97
Trd, 2591967.246, 94
Trd, 2591969.013, 99
Trd, 2591969.113, 103
Trd, 2591970.096, 110
Trd, 2591971.113, 103
Trd, 2591972.813, 98
Trd, 2591973.013, 92
Trd, 2591973.313, 92
Trd, 2591974.546, 112
Trd, 2591975.163, 100
Trd, 2591976.679, 91
Trd, 2591976.696, 100
Trd, 2591977.113, 113
Trd, 2591977.646, 99
Trd, 2591978.279, 114
Trd, 2591980.563, 118
Trd, 2591980.663, 108
Trd, 2591980.796, 102
Trd, 2591980.963, 101
Trd, 2591981.646, 102
Trd, 2591981.696, 101
Trd, 2591981.879, 96
Trd, 2591982.079, 93
Trd, 2591982.146, 111
Trd, 2591982.529, 91
Trd, 2591983.313, 117
Trd, 2591984.113, 96
Trd, 2591984.763, 95
Trd, 2591985.063, 92
Trd, 2591985.513, 78
Trd, 2591987.496, 84
Trd, 2591987.546, 83
Trd, 2591989.863, 96
Trd, 2591990.129, 85
Trd, 2591991.129, 88
Trd, 2591991.629, 91
Trd, 2591992.679, 90
Trd, 2591992.879, 89
Trd, 2591994.196, 95
Trd, 2591994.629, 101
Trd, 2591994.779, 98
Trd, 2591995.179, 104
Trd, 2591995.463, 115
Trd, 2591995.629, 104
Trd, 2591995.763, 97
Trd, 2591995.813, 115
Trd, 2591997.563, 114
Trd, 2591997.863, 98
Trd, 2591997.913, 98
Trd, 2591998.213, 97
Trd, 2591998.363, 96
Trd, 2591998.813, 117
Trd, 2591999.063, 126
Trd, 2591999.896, 91
