Trd, 2590641.979, 84
Trd, 2590642.146, 84
Trd, 2590642.779, 86
Trd, 2590643.096, 84
Trd, 2590643.979, 94
Trd, 2590645.396, 100
Trd, 2590646.546, 101
Trd, 2590646.629, 77
Trd, 2590646.996, 92
Trd, 2590647.313, 109
Trd, 2590648.113, 87
Trd, 2590648.679, 106
Trd, 2590648.779, 86
Trd, 2590649.029, 83
Trd, 2590650.163, 85
Trd, 2590650.229, 112
Trd, 2590650.463, 116
Trd, 2590651.563, 106
Trd, 2590652.163, 107
Trd, 2590652.629, 96
Trd, 2590655.179, 82
Trd, 2590655.629, 85
Trd, 2590655.929, 85
Trd, 2590656.463, 88
Trd, 2590657.696, 88
Trd, 2590657.863, 94
Trd, 2590658.313, 77
Trd, 2590659.329, 84
Trd, 2590660.313, 85
Trd, 2590660.796, 88
Trd, 2590660.996, 88
Trd, 2590661.079, 98
Trd, 2590661.429, 84
Trd, 2590661.446, 103
Trd, 2590662.829, 90
Trd, 2590663.029, 99
Trd, 2590663.863, 85
Trd, 2590664.329, 102
Trd, 2590665.796, 106
Trd, 2590666.396, 82
Trd, 2590667.996, 87
Trd, 2590669.213, 101
Trd, 2590669.863, 95
Trd, 2590670.496, 94
Trd, 2590671.463, 93
Trd, 2590671.996, 93
Trd, 2590672.046, 86
Trd, 2590673.296, 94
Trd, 2590673.363, 81
Trd, 2590673.663, 95
Trd, 2590675.113, 82
Trd, 2590675.229, 91
Trd, 2590675.863, 97
Trd, 2590678.613, 96
Trd, 2590679.213, 98
Trd, 2590680.363, 92
Trd, 2590681.479, 102
Trd, 2590682.396, 96
Trd, 2590682.996, 92
Trd, 2590683.379, 90
Trd, 2590683.479, 100
Trd, 2590683.879, 92
Trd, 2590684.146, 101
Trd, 2590684.446, 88
Trd, 2590685.529, 81
Trd, 2590687.196, 93
Trd, 2590688.529, 91
Trd, 2590689.413, 95
Trd, 2590689.829, 100
Trd, 2590690.046, 107
Trd, 2590691.113, 109
Trd, 2590691.546, 89
Trd, 2590692.263, 87
Trd, 2590693.979, 112
Trd, 2590695.846, 95
Trd, 2590695.929, 87
Trd, 2590697.396, 96
Trd, 2590697.763, 98
Trd, 2590698.146, 85
Trd, 2590698.379, 95
Trd, 2590699.246, 103
Trd, 2590699.713, 81
Trd, 2590699.996, 80
Trd, 2590700.113, 103
Trd, 2590700.446, 107
Trd, 2590700.946, 112
Trd, 2590701.929, 84
Trd, 2590704.496, 98
Trd, 2590704.563, 99
Trd, 2590705.096, 94
Trd, 2590707.146, 86
Trd, 2590707.163, 86
Trd, 2590707.313, 102
Trd, 2590707.579, 84
Trd, 2590707.979, 80
Trd, 2590708.096, 81
Trd, 2590708.263, 79
Trd, 2590709.179, 103
Trd, 2590710.163, 101
Trd, 2590710.363, 95
Trd, 2590710.596, 95
Trd, 2590711.829, 96
Trd, 2590713.763, 98
Trd, 2590714.013, 102
Trd, 2590716.129, 86
Trd, 2590716.746, 93
Trd, 2590717.296, 84
Trd, 2590717.596, 92
Trd, 2590718.129, 77
Trd, 2590718.996, 99
Trd, 2590719.246, 89
Trd, 2590719.929, 99
Trd, 2590721.046, 100
Trd, 2590721.413, 102
Trd, 2590721.696, 87
Trd, 2590722.146, 107
Trd, 2590722.529, 92
Trd, 2590724.629, 83
Trd, 2590725.546, 111
Trd, 2590725.796, 82
Trd, 2590726.796, 95
Trd, 2590729.363, 87
Trd, 2590730.363, 87
Trd, 2590730.429, 86
Trd, 2590732.196, 83
Trd, 2590732.379, 100
Trd, 2590733.213, 82
Trd, 2590733.629, 82
Trd, 2590734.129, 91
Trd, 2590734.146, 92
Trd, 2590734.629, 83
Trd, 2590735.313, 87
Trd, 2590736.629, 87
Trd, 2590736.679, 102
Trd, 2590737.996, 84
Trd, 2590738.913, 91
Trd, 2590741.479, 91
Trd, 2590741.663, 98
Trd, 2590742.029, 90
Trd, 2590742.696, 85
Trd, 2590743.896, 82
Trd, 2590744.963, 100
Trd, 2590745.513, 105
Trd, 2590745.646, 95
Trd, 2590746.046, 108
Trd, 2590746.229, 94
Trd, 2590747.296, 101
Trd, 2590748.229, 104
Trd, 2590748.846, 87
Trd, 2590749.446, 106
Trd, 2590750.496, 80
Trd, 2590751.446, 105
Trd, 2590753.096, 85
Trd, 2590753.263, 112
Trd, 2590753.763, 83
Trd, 2590754.413, 114
Trd, 2590755.263, 106
Trd, 2590755.663, 101
Trd, 2590756.346, 110
Trd, 2590757.413, 101
Trd, 2590757.796, 100
Trd, 2590758.279, 99
Trd, 2590758.763, 100
Trd, 2590759.513, 105
Trd, 2590759.596, 103
Trd, 2590761.463, 88
Trd, 2590762.013, 96
Trd, 2590762.563, 96
Trd, 2590763.863, 86
Trd, 2590764.396, 101
Trd, 2590765.496, 112
Trd, 2590766.829, 100
Trd, 2590766.979, 98
Trd, 2590767.196, 90
Trd, 2590768.596, 99
Trd, 2590768.713, 87
Trd, 2590768.829, 84
Trd, 2590769.096, 77
Trd, 2590769.596, 99
Trd, 2590769.646, 78
Trd, 2590770.296, 76
Trd, 2590771.413, 77
Trd, 2590771.779, 99
Trd, 2590772.396, 82
Trd, 2590773.079, 98
Trd, 2590775.463, 94
Trd, 2590776.679, 101
Trd, 2590777.079, 84
Trd, 2590777.196, 102
Trd, 2590777.629, 110
Trd, 2590778.263, 102
Trd, 2590780.096, 89
Trd, 2590780.229, 84
Trd, 2590780.263, 81
Trd, 2590782.163, 103
Trd, 2590782.429, 109
Trd, 2590783.913, 110
Trd, 2590784.279, 94
Trd, 2590785.279, 95
Trd, 2590785.963, 107
Trd, 2590786.429, 81
Trd, 2590787.046, 101
Trd, 2590788.146, 79
Trd, 2590788.779, 78
Trd, 2590789.713, 86
Trd, 2590791.379, 104
Trd, 2590792.213, 104
Trd, 2590792.829, 90
Trd, 2590794.213, 93
Trd, 2590794.563, 86
Trd, 2590795.013, 86
Trd, 2590797.796, 93
Trd, 2590797.996, 94
Trd, 2590798.379, 100
Trd, 2590798.679, 85
Trd, 2590798.863, 95
Trd, 2590799.129, 84
Trd, 2590800.629, 99
Trd, 2590801.029, 93
Trd, 2590801.829, 104
Trd, 2590803.379, 87
Trd, 2590803.696, 88
Trd, 2590806.013, 92
Trd, 2590806.413, 87
Trd, 2590807.529, 108
Trd, 2590807.963, 84
Trd, 2590808.663, 79
Trd, 2590808.796, 98
Trd, 2590809.063, 101
Trd, 2590809.929, 112
Trd, 2590810.096, 87
Trd, 2590810.246, 82
Trd, 2590811.263, 77
Trd, 2590811.396, 76
Trd, 2590812.096, 83
Trd, 2590812.179, 98
Trd, 2590812.696, 104
Trd, 2590812.963, 106
Trd, 2590815.079, 92
Trd, 2590815.863, 107
Trd, 2590816.279, 84
Trd, 2590817.696, 80
Trd, 2590818.363, 94
Trd, 2590818.563, 97
Trd, 2590819.246, 96
Trd, 2590819.263, 96
Trd, 2590819.279, 109
Trd, 2590819.413, 94
Trd, 2590823.629, 100
Trd, 2590823.796, 88
Trd, 2590824.579, 91
Trd, 2590825.229, 91
Trd, 2590825.479, 99
Trd, 2590825.496, 107
Trd, 2590825.796, 92
Trd, 2590825.946, 111
Trd, 2590826.613, 88
Trd, 2590826.946, 114
Trd, 2590827.013, 80
Trd, 2590827.946, 92
Trd, 2590829.696, 101
Trd, 2590830.196, 111
Trd, 2590830.313, 112
Trd, 2590831.196, 96
Trd, 2590832.446, 83
Trd, 2590832.513, 95
Trd, 2590833.146, 87
Trd, 2590833.229, 97
Trd, 2590833.279, 98
Trd, 2590833.563, 88
Trd, 2590836.113, 87
Trd, 2590837.229, 82
Trd, 2590837.529, 95
Trd, 2590839.129, 94
Trd, 2590839.696, 87
Trd, 2590839.813, 94
Trd, 2590840.446, 85
Trd, 2590841.296, 88
Trd, 2590841.746, 84
Trd, 2590842.313, 99
Trd, 2590842.363, 77
Trd, 2590844.079, 93
Trd, 2590844.496, 101
Trd, 2590844.946, 86
Trd, 2590847.329, 94
Trd, 2590849.046, 86
Trd, 2590849.646, 95
Trd, 2590849.979, 100
Trd, 2590850.479, 91
Trd, 2590851.263, 94
Trd, 2590851.663, 101
Trd, 2590852.163, 103
Trd, 2590853.629, 86
Trd, 2590853.796, 85
Trd, 2590854.979, 99
Trd, 2590855.279, 108
Trd, 2590855.946, 90
Trd, 2590857.513, 91
Trd, 2590858.396, 106
Trd, 2590858.429, 88
Trd, 2590859.379, 93
Trd, 2590861.879, 88
Trd, 2590861.929, 87
Trd, 2590862.313, 92
Trd, 2590863.646, 88
Trd, 2590866.113, 95
Trd, 2590866.179, 88
Trd, 2590866.396, 98
Trd, 2590866.446, 101
Trd, 2590868.179, 96
Trd, 2590868.396, 88
Trd, 2590869.046, 85
Trd, 2590869.363, 81
Trd, 2590871.346, 95
Trd, 2590871.363, 90
Trd, 2590871.396, 98
Trd, 2590871.429, 101
Trd, 2590871.613, 113
Trd, 2590872.396, 100
Trd, 2590873.446, 86
Trd, 2590874.379, 95
Trd, 2590875.779, 88
Trd, 2590877.463, 94
Trd, 2590877.813, 87
Trd, 2590878.263, 102
Trd, 2590878.713, 92
Trd, 2590879.863, 92
Trd, 2590880.363, 103
Trd, 2590880.563, 91
Trd, 2590880.779, 106
Trd, 2590881.429, 112
Trd, 2590881.913, 88
Trd, 2590883.163, 101
Trd, 2590883.263, 109
Trd, 2590883.329, 122
Trd, 2590884.013, 87
Trd, 2590884.096, 83
Trd, 2590885.079, 101
Trd, 2590885.629, 112
Trd, 2590886.113, 97
Trd, 2590888.229, 114
Trd, 2590888.796, 100
Trd, 2590889.646, 96
Trd, 2590889.829, 96
Trd, 2590890.129, 94
Trd, 2590890.246, 89
Trd, 2590890.563, 104
Trd, 2590891.246, 89
Trd, 2590892.179, 79
Trd, 2590892.863, 85
Trd, 2590893.396, 99
Trd, 2590894.213, 83
Trd, 2590895.163, 99
Trd, 2590895.179, 100
Trd, 2590897.879, 101
Trd, 2590898.029, 90
Trd, 2590899.046, 93
Trd, 2590899.946, 99
Trd, 2590900.696, 89
Trd, 2590901.029, 87
Trd, 2590901.279, 84
Trd, 2590901.563, 103
Trd, 2590903.679, 92
Trd, 2590903.729, 101
Trd, 2590903.829, 113
Trd, 2590905.979, 94
Trd, 2590906.213, 115
Trd, 2590906.496, 94
Trd, 2590908.929, 102
Trd, 2590909.329, 98
Trd, 2590909.996, 103
Trd, 2590910.046, 90
Trd, 2590910.363, 100
Trd, 2590910.846, 89
Trd, 2590912.063, 93
Trd, 2590912.163, 84
Trd, 2590912.396, 86
Trd, 2590912.979, 112
Trd, 2590914.096, 86
Trd, 2590914.896, 83
Trd, 2590917.763, 96
Trd, 2590917.896, 85
Trd, 2590919.796, 86
Trd, 2590919.946, 96
Trd, 2590920.096, 97
Trd, 2590920.279, 86
Trd, 2590921.679, 99
Trd, 2590922.029, 102
Trd, 2590922.163, 96
Trd, 2590922.196, 96
Trd, 2590922.679, 96
Trd, 2590922.746, 109
Trd, 2590923.729, 100
Trd, 2590923.763, 101
Trd, 2590924.779, 79
Trd, 2590928.179, 94
Trd, 2590929.096, 97
Trd, 2590929.729, 94
Trd, 2590929.929, 100
Trd, 2590930.546, 83
Trd, 2590930.879, 83
Trd, 2590932.413, 99
Trd, 2590932.929, 79
Trd, 2590933.913, 87
Trd, 2590934.013, 78
Trd, 2590934.563, 91
Trd, 2590936.346, 91
Trd, 2590936.646, 92
Trd, 2590937.213, 87
Trd, 2590937.529, 94
Trd, 2590938.229, 86
Trd, 2590938.946, 98
Trd, 2590939.446, 83
Trd, 2590940.446, 92
Trd, 2590940.613, 101
Trd, 2590940.763, 109
Trd, 2590941.779, 106
Trd, 2590942.013, 89
Trd, 2590943.246, 91
Trd, 2590944.063, 98
Trd, 2590944.246, 116
Trd, 2590946.529, 90
Trd, 2590946.796, 108
Trd, 2590946.913, 105
Trd, 2590947.013, 96
Trd, 2590947.179, 110
Trd, 2590947.346, 90
Trd, 2590948.746, 89
Trd, 2590951.879, 94
Trd, 2590951.979, 92
Trd, 2590952.463, 96
Trd, 2590953.279, 105
Trd, 2590954.796, 105
Trd, 2590955.263, 106
Trd, 2590955.296, 91
Trd, 2590955.346, 90
Trd, 2590955.846, 94
Trd, 2590956.963, 103
Trd, 2590957.596, 86
Trd, 2590957.879, 81
Trd, 2590959.296, 99
Trd, 2590961.296, 86
Trd, 2590962.396, 95
Trd, 2590964.279, 93
Trd, 2590964.996, 83
Trd, 2590966.046, 92
Trd, 2590966.113, 97
Trd, 2590966.129, 98
Trd, 2590966.213, 104
Trd, 2590968.396, 105
Trd, 2590968.413, 105
Trd, 2590968.779, 108
Trd, 2590969.463, 83
Trd, 2590970.796, 113
Trd, 2590971.329, 85
Trd, 2590971.563, 93
Trd, 2590972.479, 82
Trd, 2590972.813, 92
Trd, 2590972.913, 80
Trd, 2590973.796, 86
Trd, 2590974.196, 85
Trd, 2590975.413, 86
Trd, 2590976.096, 77
Trd, 2590976.346, 93
Trd, 2590976.779, 82
Trd, 2590977.463, 94
Trd, 2590978.196, 83
Trd, 2590978.363, 88
Trd, 2590981.246, 102
Trd, 2590981.846, 89
Trd, 2590983.479, 91
Trd, 2590983.963, 113
Trd, 2590984.446, 96
Trd, 2590984.463, 95
Trd, 2590984.713, 114
Trd, 2590985.963, 91
Trd, 2590987.213, 83
Trd, 2590987.329, 104
Trd, 2590987.429, 106
Trd, 2590988.229, 82
Trd, 2590988.496, 88
Trd, 2590989.129, 89
Trd, 2590990.229, 86
Trd, 2590990.913, 85
Trd, 2590992.413, 98
Trd, 2590992.479, 90
Trd, 2590993.113, 94
Trd, 2590993.296, 91
Trd, 2590994.029, 92
Trd, 2590994.396, 104
Trd, 2590995.296, 84
Trd, 2590996.779, 88
Trd, 2590998.679, 84
Trd, 2590998.813, 83
Trd, 2590999.329, 83
Trd, 2590999.696, 84
Trd, 2590999.779, 94
Trd, 2590999.929, 99
Trd, 2591000.246, 89
Trd, 2591001.046, 83
Trd, 2591001.296, 111
Trd, 2591002.296, 109
Trd, 2591002.563, 100
Trd, 2591002.663, 111
Trd, 2591003.179, 96
Trd, 2591005.279, 101
Trd, 2591007.846, 96
Trd, 2591007.929, 82
Trd, 2591008.363, 98
Trd, 2591008.546, 99
Trd, 2591009.046, 82
Trd, 2591009.663, 80
Trd, 2591009.979, 103
Trd, 2591011.879, 96
Trd, 2591013.546, 95
Trd, 2591013.563, 96
Trd, 2591013.713, 108
Trd, 2591015.463, 102
Trd, 2591016.446, 95
Trd, 2591017.663, 104
Trd, 2591017.963, 93
Trd, 2591018.163, 102
Trd, 2591018.179, 104
Trd, 2591018.363, 92
Trd, 2591018.479, 87
Trd, 2591018.863, 77
Trd, 2591019.913, 91
Trd, 2591020.946, 89
Trd, 2591021.729, 106
Trd, 2591022.679, 102
Trd, 2591025.396, 99
Trd, 2591026.363, 88
Trd, 2591027.479, 102
Trd, 2591028.246, 93
Trd, 2591028.279, 89
Trd, 2591028.663, 87
Trd, 2591029.013, 98
Trd, 2591030.129, 86
Trd, 2591030.279, 96
Trd, 2591030.413, 98
Trd, 2591030.996, 95
Trd, 2591031.096, 91
Trd, 2591031.679, 105
Trd, 2591031.879, 115
Trd, 2591033.196, 112
Trd, 2591033.396, 87
Trd, 2591035.063, 96
Trd, 2591036.029, 104
Trd, 2591036.263, 90
Trd, 2591038.729, 80
Trd, 2591038.746, 79
Trd, 2591039.163, 94
Trd, 2591039.363, 103
Trd, 2591039.579, 105
Trd, 2591042.163, 104
Trd, 2591042.463, 105
Trd, 2591042.846, 100
Trd, 2591043.779, 94
Trd, 2591043.946, 97
Trd, 2591044.279, 89
Trd, 2591045.096, 105
Trd, 2591046.696, 103
Trd, 2591046.879, 96
Trd, 2591048.179, 111
Trd, 2591048.213, 104
Trd, 2591048.413, 91
Trd, 2591048.763, 94
Trd, 2591049.013, 88
Trd, 2591049.963, 117
Trd, 2591050.029, 99
Trd, 2591050.829, 99
Trd, 2591052.313, 93
Trd, 2591052.446, 89
Trd, 2591053.996, 113
Trd, 2591055.246, 92
Trd, 2591055.479, 88
Trd, 2591055.579, 97
Trd, 2591056.813, 98
Trd, 2591057.713, 85
Trd, 2591059.029, 88
Trd, 2591059.463, 87
Trd, 2591059.863, 113
Trd, 2591060.879, 106
Trd, 2591061.046, 86
Trd, 2591061.096, 84
Trd, 2591061.496, 77
Trd, 2591061.579, 107
Trd, 2591063.546, 109
Trd, 2591064.846, 85
Trd, 2591065.846, 80
Trd, 2591066.579, 80
Trd, 2591067.279, 84
Trd, 2591067.596, 79
Trd, 2591067.813, 94
Trd, 2591067.846, 94
Trd, 2591069.429, 103
Trd, 2591069.779, 93
Trd, 2591070.163, 110
Trd, 2591070.479, 98
Trd, 2591071.213, 109
Trd, 2591071.346, 112
Trd, 2591072.546, 91
Trd, 2591073.613, 90
Trd, 2591074.196, 101
Trd, 2591075.879, 95
Trd, 2591076.329, 116
Trd, 2591077.713, 90
Trd, 2591077.763, 93
Trd, 2591078.313, 105
Trd, 2591078.529, 106
Trd, 2591078.646, 116
Trd, 2591079.246, 100
Trd, 2591080.679, 109
Trd, 2591081.013, 79
Trd, 2591081.763, 78
Trd, 2591083.396, 93
Trd, 2591083.729, 99
Trd, 2591084.246, 109
Trd, 2591084.896, 108
Trd, 2591085.379, 112
Trd, 2591086.879, 94
Trd, 2591087.029, 96
Trd, 2591087.796, 97
Trd, 2591087.879, 94
Trd, 2591087.896, 85
Trd, 2591088.296, 82
Trd, 2591090.013, 82
Trd, 2591090.996, 91
Trd, 2591092.196, 92
Trd, 2591093.379, 92
Trd, 2591093.396, 91
Trd, 2591093.496, 97
Trd, 2591095.196, 94
Trd, 2591095.313, 91
Trd, 2591096.679, 90
Trd, 2591097.063, 89
Trd, 2591097.679, 91
Trd, 2591098.779, 82
Trd, 2591098.913, 94
Trd, 2591099.296, 82
Trd, 2591099.779, 85
Trd, 2591100.979, 103
Trd, 2591101.796, 100
Trd, 2591102.229, 96
Trd, 2591102.746, 90
Trd, 2591105.196, 84
Trd, 2591105.213, 80
Trd, 2591107.063, 94
Trd, 2591107.346, 97
Trd, 2591107.546, 97
Trd, 2591107.863, 103
Trd, 2591108.979, 87
Trd, 2591109.713, 85
Trd, 2591111.513, 93
Trd, 2591111.679, 85
Trd, 2591112.896, 90
Trd, 2591115.629, 92
Trd, 2591116.763, 94
Trd, 2591119.063, 93
Trd, 2591119.663, 87
Trd, 2591119.713, 89
Trd, 2591120.046, 83
Trd, 2591120.163, 97
Trd, 2591120.296, 99
Trd, 2591120.913, 100
Trd, 2591121.413, 98
Trd, 2591122.329, 87
Trd, 2591123.396, 94
Trd, 2591124.313, 94
Trd, 2591125.779, 100
Trd, 2591126.013, 90
Trd, 2591126.196, 88
Trd, 2591126.713, 88
Trd, 2591126.779, 88
Trd, 2591127.263, 86
Trd, 2591127.929, 90
Trd, 2591130.779, 90
Trd, 2591131.013, 84
Trd, 2591131.263, 101
Trd, 2591132.863, 79
Trd, 2591135.213, 84
Trd, 2591135.629, 94
Trd, 2591136.079, 100
Trd, 2591137.013, 95
Trd, 2591137.879, 103
Trd, 2591137.896, 105
Trd, 2591137.996, 107
Trd, 2591138.346, 103
Trd, 2591139.113, 113
Trd, 2591139.279, 98
Trd, 2591139.579, 98
Trd, 2591140.246, 96
Trd, 2591141.546, 108
Trd, 2591142.013, 102
Trd, 2591142.129, 98
Trd, 2591142.413, 89
Trd, 2591143.196, 115
Trd, 2591143.563, 103
Trd, 2591143.746, 93
Trd, 2591144.796, 105
Trd, 2591146.379, 110
Trd, 2591147.313, 106
Trd, 2591147.429, 100
Trd, 2591147.996, 103
Trd, 2591148.179, 95
Trd, 2591148.279, 108
Trd, 2591149.096, 95
Trd, 2591149.413, 82
Trd, 2591150.063, 95
Trd, 2591151.496, 88
Trd, 2591154.079, 83
Trd, 2591155.596, 83
Trd, 2591156.113, 85
Trd, 2591156.529, 82
Trd, 2591157.496, 95
Trd, 2591158.113, 83
Trd, 2591159.796, 84
Trd, 2591160.113, 95
Trd, 2591160.263, 103
Trd, 2591160.963, 80
Trd, 2591160.979, 107
Trd, 2591161.596, 103
Trd, 2591162.579, 79
Trd, 2591163.713, 81
Trd, 2591164.896, 104
Trd, 2591165.796, 83
Trd, 2591166.763, 92
Trd, 2591167.146, 94
Trd, 2591167.379, 115
Trd, 2591168.279, 108
Trd, 2591168.613, 90
Trd, 2591168.896, 89
Trd, 2591169.229, 87
Trd, 2591169.713, 93
Trd, 2591169.863, 84
Trd, 2591171.646, 87
Trd, 2591172.363, 97
Trd, 2591172.963, 98
Trd, 2591174.313, 99
Trd, 2591174.663, 93
Trd, 2591175.263, 101
Trd, 2591175.829, 93
Trd, 2591176.063, 87
Trd, 2591176.329, 84
Trd, 2591176.479, 79
Trd, 2591177.029, 94
Trd, 2591177.313, 91
Trd, 2591179.813, 98
Trd, 2591180.113, 91
Trd, 2591180.229, 101
Trd, 2591181.629, 90
Trd, 2591183.429, 87
Trd, 2591184.163, 94
Trd, 2591185.463, 87
Trd, 2591186.296, 94
Trd, 2591186.546, 87
Trd, 2591186.829, 94
Trd, 2591187.079, 101
Trd, 2591187.946, 103
Trd, 2591188.863, 105
Trd, 2591189.263, 88
Trd, 2591189.479, 107
Trd, 2591190.346, 88
Trd, 2591191.463, 82
Trd, 2591192.046, 89
Trd, 2591192.396, 89
Trd, 2591192.746, 100
Trd, 2591194.529, 82
Trd, 2591194.996, 92
Trd, 2591196.963, 97
Trd, 2591197.179, 116
Trd, 2591198.429, 98
Trd, 2591198.696, 106
Trd, 2591199.529, 96
Trd, 2591200.413, 91
Trd, 2591202.413, 94
Trd, 2591203.129, 99
Trd, 2591203.179, 100
Trd, 2591203.879, 92
Trd, 2591203.963, 92
Trd, 2591204.496, 99
Trd, 2591204.963, 92
Trd, 2591205.879, 89
Trd, 2591206.579, 90
Trd, 2591207.763, 95
Trd, 2591208.179, 97
Trd, 2591208.629, 93
Trd, 2591208.779, 93
Trd, 2591208.813, 102
Trd, 2591209.046, 89
Trd, 2591209.879, 99
Trd, 2591212.446, 92
Trd, 2591212.629, 92
Trd, 2591212.696, 91
Trd, 2591213.029, 94
Trd, 2591213.346, 94
Trd, 2591214.079, 84
Trd, 2591214.279, 87
Trd, 2591215.046, 93
Trd, 2591215.529, 104
Trd, 2591217.696, 108
Trd, 2591218.379, 111
Trd, 2591219.646, 98
Trd, 2591220.463, 110
Trd, 2591221.113, 91
Trd, 2591221.363, 91
Trd, 2591221.796, 95
Trd, 2591222.079, 87
Trd, 2591222.746, 84
Trd, 2591224.179, 100
Trd, 2591224.279, 106
Trd, 2591224.629, 107
Trd, 2591225.646, 80
Trd, 2591226.063, 97
Trd, 2591226.929, 77
Trd, 2591228.063, 77
Trd, 2591228.963, 89
Trd, 2591229.479, 88
Trd, 2591230.829, 94
Trd, 2591231.929, 87
Trd, 2591232.279, 94
Trd, 2591232.979, 99
Trd, 2591233.846, 90
Trd, 2591234.579, 93
Trd, 2591236.796, 111
Trd, 2591237.113, 112
Trd, 2591237.263, 90
Trd, 2591237.779, 87
Trd, 2591238.679, 99
Trd, 2591239.229, 87
Trd, 2591239.929, 91
Trd, 2591239.996, 97
Trd, 2591240.246, 103
Trd, 2591240.346, 86
Trd, 2591240.763, 83
Trd, 2591242.479, 87
Trd, 2591243.446, 94
Trd, 2591243.746, 91
Trd, 2591243.879, 91
Trd, 2591245.396, 81
Trd, 2591245.846, 87
Trd, 2591246.313, 87
Trd, 2591246.479, 94
Trd, 2591248.013, 87
Trd, 2591248.829, 96
Trd, 2591250.013, 96
Trd, 2591250.446, 96
Trd, 2591250.946, 95
Trd, 2591250.979, 102
Trd, 2591251.413, 92
Trd, 2591251.463, 102
Trd, 2591251.563, 92
Trd, 2591252.563, 97
Trd, 2591253.163, 90
Trd, 2591253.263, 98
Trd, 2591253.279, 107
Trd, 2591254.146, 83
Trd, 2591255.929, 83
Trd, 2591256.813, 103
Trd, 2591258.963, 78
Trd, 2591259.629, 77
Trd, 2591260.563, 94
Trd, 2591261.429, 81
Trd, 2591261.546, 101
Trd, 2591262.713, 79
Trd, 2591262.963, 100
Trd, 2591263.013, 102
Trd, 2591263.779, 79
Trd, 2591264.313, 107
Trd, 2591264.479, 115
Trd, 2591264.646, 103
Trd, 2591265.429, 97
Trd, 2591265.529, 109
Trd, 2591265.629, 91
Trd, 2591266.029, 85
Trd, 2591267.313, 77
Trd, 2591268.346, 103
Trd, 2591268.863, 97
Trd, 2591270.429, 99
Trd, 2591270.863, 88
Trd, 2591271.446, 86
Trd, 2591271.813, 96
Trd, 2591273.179, 98
Trd, 2591274.646, 91
Trd, 2591276.029, 91
Trd, 2591276.146, 91
Trd, 2591276.496, 85
Trd, 2591277.179, 101
Trd, 2591277.796, 105
Trd, 2591278.946, 100
Trd, 2591279.046, 101
Trd, 2591279.946, 81
Trd, 2591280.096, 101
Trd, 2591281.029, 77
Trd, 2591281.046, 107
Trd, 2591282.663, 113
Trd, 2591282.779, 115
Trd, 2591285.029, 85
Trd, 2591285.096, 78
Trd, 2591286.113, 90
Trd, 2591286.396, 79
Trd, 2591287.679, 77
Trd, 2591287.779, 76
Trd, 2591288.496, 101
Trd, 2591288.729, 83
Trd, 2591288.863, 107
Trd, 2591291.246, 88
Trd, 2591291.379, 98
Trd, 2591291.513, 107
Trd, 2591292.713, 85
Trd, 2591293.046, 104
Trd, 2591293.296, 84
Trd, 2591296.129, 87
Trd, 2591296.996, 91
Trd, 2591297.463, 94
Trd, 2591297.696, 81
Trd, 2591298.446, 101
Trd, 2591298.563, 105
Trd, 2591300.363, 84
Trd, 2591300.813, 100
Trd, 2591301.246, 95
Trd, 2591302.146, 95
Trd, 2591302.346, 111
Trd, 2591302.713, 112
Trd, 2591303.546, 86
Trd, 2591304.029, 110
Trd, 2591304.796, 104
Trd, 2591306.096, 115
Trd, 2591306.279, 94
Trd, 2591307.179, 113
Trd, 2591307.579, 86
Trd, 2591308.413, 99
Trd, 2591308.663, 112
Trd, 2591311.913, 84
Trd, 2591312.463, 87
Trd, 2591313.363, 88
Trd, 2591313.496, 85
Trd, 2591313.529, 91
Trd, 2591314.779, 105
Trd, 2591315.696, 85
Trd, 2591315.996, 84
Trd, 2591318.579, 87
Trd, 2591319.963, 90
Trd, 2591320.713, 87
Trd, 2591322.246, 104
Trd, 2591322.329, 90
Trd, 2591322.563, 86
Trd, 2591322.679, 99
Trd, 2591322.696, 100
Trd, 2591323.429, 88
Trd, 2591323.813, 103
Trd, 2591324.879, 103
Trd, 2591325.179, 80
Trd, 2591325.996, 79
Trd, 2591326.529, 101
Trd, 2591328.746, 86
Trd, 2591329.363, 96
Trd, 2591329.396, 97
Trd, 2591331.363, 92
Trd, 2591331.546, 84
Trd, 2591332.113, 84
Trd, 2591332.429, 84
Trd, 2591332.813, 104
Trd, 2591332.996, 79
Trd, 2591333.563, 81
Trd, 2591335.929, 99
Trd, 2591335.979, 97
Trd, 2591338.329, 101
Trd, 2591338.663, 96
Trd, 2591338.796, 101
Trd, 2591339.496, 90
Trd, 2591340.129, 90
Trd, 2591340.346, 87
Trd, 2591340.629, 101
Trd, 2591343.829, 94
Trd, 2591344.863, 91
Trd, 2591345.429, 89
Trd, 2591346.063, 96
Trd, 2591346.329, 86
Trd, 2591346.896, 108
Trd, 2591348.363, 99
Trd, 2591348.396, 86
Trd, 2591349.079, 106
Trd, 2591350.529, 95
Trd, 2591351.129, 93
Trd, 2591352.379, 93
Trd, 2591352.663, 113
Trd, 2591352.746, 96
Trd, 2591353.029, 96
Trd, 2591353.096, 101
Trd, 2591353.629, 100
Trd, 2591354.529, 109
Trd, 2591354.713, 88
Trd, 2591356.263, 96
Trd, 2591356.579, 90
Trd, 2591356.779, 87
Trd, 2591357.179, 101
Trd, 2591357.279, 105
Trd, 2591357.763, 89
Trd, 2591358.363, 112
Trd, 2591358.879, 118
Trd, 2591359.196, 88
Trd, 2591361.729, 90
Trd, 2591362.429, 101
Trd, 2591362.913, 82
Trd, 2591364.229, 84
Trd, 2591364.329, 102
Trd, 2591365.763, 83
Trd, 2591365.996, 97
Trd, 2591366.813, 79
Trd, 2591368.179, 86
Trd, 2591369.713, 89
Trd, 2591369.946, 101
Trd, 2591372.646, 103
Trd, 2591372.696, 96
Trd, 2591372.946, 102
Trd, 2591372.963, 111
Trd, 2591373.563, 96
Trd, 2591374.196, 92
Trd, 2591375.496, 92
Trd, 2591375.946, 104
Trd, 2591377.763, 94
Trd, 2591377.796, 95
Trd, 2591379.779, 93
Trd, 2591379.846, 94
Trd, 2591380.563, 85
Trd, 2591381.979, 94
Trd, 2591382.263, 98
Trd, 2591382.629, 87
Trd, 2591383.413, 103
Trd, 2591383.679, 94
Trd, 2591384.079, 91
Trd, 2591384.529, 89
Trd, 2591385.429, 91
Trd, 2591386.196, 88
Trd, 2591387.279, 84
Trd, 2591387.529, 105
Trd, 2591388.129, 104
Trd, 2591389.213, 88
Trd, 2591392.113, 98
Trd, 2591392.196, 100
Trd, 2591393.079, 84
Trd, 2591393.296, 83
Trd, 2591393.346, 101
Trd, 2591393.846, 87
Trd, 2591394.063, 102
Trd, 2591398.013, 100
Trd, 2591399.363, 97
Trd, 2591399.429, 102
Trd, 2591399.963, 96
Trd, 2591400.529, 92
Trd, 2591400.546, 86
Trd, 2591400.979, 93
Trd, 2591400.996, 85
Trd, 2591402.346, 89
Trd, 2591402.596, 91
Trd, 2591402.913, 94
Trd, 2591403.079, 110
Trd, 2591403.679, 91
Trd, 2591404.046, 87
Trd, 2591404.546, 84
Trd, 2591406.013, 107
Trd, 2591406.396, 82
Trd, 2591406.446, 77
Trd, 2591406.963, 84
Trd, 2591409.079, 112
Trd, 2591409.546, 106
Trd, 2591409.863, 114
Trd, 2591411.779, 97
Trd, 2591411.846, 98
Trd, 2591412.013, 89
Trd, 2591412.046, 108
Trd, 2591412.696, 87
Trd, 2591413.979, 94
Trd, 2591415.029, 82
Trd, 2591415.679, 99
Trd, 2591416.263, 105
Trd, 2591416.813, 94
Trd, 2591417.079, 105
Trd, 2591417.496, 92
Trd, 2591417.929, 86
Trd, 2591418.279, 115
Trd, 2591418.796, 81
Trd, 2591419.296, 116
Trd, 2591420.529, 101
Trd, 2591420.896, 103
Trd, 2591421.013, 100
Trd, 2591422.846, 93
Trd, 2591423.163, 92
Trd, 2591423.829, 110
Trd, 2591426.246, 93
Trd, 2591427.113, 92
Trd, 2591427.329, 85
Trd, 2591427.946, 93
Trd, 2591429.179, 83
Trd, 2591429.479, 101
Trd, 2591429.846, 103
Trd, 2591430.196, 77
Trd, 2591430.379, 107
Trd, 2591430.729, 79
Trd, 2591432.463, 100
Trd, 2591433.046, 112
Trd, 2591434.696, 105
Trd, 2591435.296, 92
Trd, 2591435.946, 94
Trd, 2591436.596, 95
Trd, 2591437.613, 98
Trd, 2591438.563, 98
Trd, 2591439.296, 98
Trd, 2591439.996, 96
Trd, 2591440.013, 95
Trd, 2591440.329, 103
Trd, 2591441.446, 98
Trd, 2591441.663, 86
Trd, 2591442.213, 109
Trd, 2591444.029, 91
Trd, 2591444.529, 92
Trd, 2591445.579, 96
Trd, 2591445.979, 89
Trd, 2591446.863, 86
Trd, 2591447.746, 89
Trd, 2591448.246, 89
Trd, 2591448.896, 83
Trd, 2591450.663, 93
Trd, 2591450.763, 94
Trd, 2591451.379, 85
Trd, 2591452.363, 99
Trd, 2591452.479, 93
Trd, 2591453.813, 102
Trd, 2591454.463, 100
Trd, 2591455.363, 92
Trd, 2591455.813, 88
Trd, 2591456.513, 89
Trd, 2591457.579, 97
Trd, 2591457.963, 98
Trd, 2591458.096, 101
Trd, 2591458.379, 106
Trd, 2591460.063, 107
Trd, 2591460.763, 99
Trd, 2591461.629, 96
Trd, 2591462.213, 92
Trd, 2591462.263, 89
Trd, 2591463.863, 95
Trd, 2591463.963, 89
Trd, 2591464.396, 81
Trd, 2591466.563, 91
Trd, 2591466.863, 102
Trd, 2591468.146, 80
Trd, 2591468.863, 93
Trd, 2591469.079, 108
Trd, 2591470.013, 101
Trd, 2591471.396, 104
Trd, 2591471.863, 99
Trd, 2591472.613, 106
Trd, 2591473.046, 92
Trd, 2591473.063, 92
Trd, 2591474.163, 96
Trd, 2591475.063, 93
Trd, 2591475.613, 90
Trd, 2591475.946, 95
Trd, 2591476.579, 84
Trd, 2591479.029, 100
Trd, 2591480.429, 95
Trd, 2591481.646, 99
Trd, 2591482.363, 94
Trd, 2591482.779, 94
Trd, 2591482.796, 91
Trd, 2591483.063, 92
Trd, 2591483.779, 102
Trd, 2591484.296, 92
Trd, 2591485.613, 103
Trd, 2591485.729, 94
Trd, 2591486.629, 93
Trd, 2591486.846, 107
Trd, 2591488.663, 90
Trd, 2591489.479, 87
Trd, 2591489.496, 91
Trd, 2591491.046, 88
Trd, 2591491.063, 86
Trd, 2591491.146, 84
Trd, 2591492.129, 95
Trd, 2591492.729, 94
Trd, 2591493.263, 98
Trd, 2591493.779, 90
Trd, 2591494.563, 91
Trd, 2591495.296, 94
Trd, 2591495.413, 89
Trd, 2591495.696, 88
Trd, 2591496.429, 99
Trd, 2591499.213, 96
Trd, 2591499.946, 91
Trd, 2591499.996, 88
Trd, 2591500.496, 87
Trd, 2591500.746, 81
Trd, 2591501.229, 83
Trd, 2591502.813, 100
Trd, 2591503.929, 96
Trd, 2591504.546, 88
Trd, 2591505.279, 96
Trd, 2591505.513, 102
Trd, 2591505.996, 107
Trd, 2591507.313, 112
Trd, 2591508.396, 89
Trd, 2591508.696, 86
Trd, 2591508.896, 84
Trd, 2591509.379, 94
Trd, 2591512.179, 86
Trd, 2591512.829, 89
Trd, 2591513.946, 83
Trd, 2591514.646, 84
Trd, 2591515.029, 84
Trd, 2591515.346, 77
Trd, 2591515.363, 75
Trd, 2591515.379, 87
Trd, 2591515.396, 91
Trd, 2591516.763, 94
Trd, 2591517.063, 83
Trd, 2591517.196, 80
Trd, 2591518.896, 101
Trd, 2591519.296, 89
Trd, 2591520.929, 94
Trd, 2591520.963, 88
Trd, 2591521.563, 102
Trd, 2591524.513, 98
Trd, 2591525.063, 93
Trd, 2591526.063, 93
Trd, 2591526.379, 97
Trd, 2591526.779, 87
Trd, 2591527.796, 87
Trd, 2591528.396, 90
Trd, 2591528.596, 88
Trd, 2591529.063, 105
Trd, 2591529.796, 107
Trd, 2591531.629, 91
Trd, 2591532.946, 94
Trd, 2591533.096, 85
Trd, 2591533.796, 106
Trd, 2591535.446, 84
Trd, 2591535.479, 82
Trd, 2591536.779, 85
Trd, 2591537.796, 97
Trd, 2591538.663, 84
Trd, 2591538.729, 83
Trd, 2591539.746, 98
Trd, 2591539.879, 98
Trd, 2591540.463, 84
Trd, 2591541.263, 86
Trd, 2591541.479, 84
Trd, 2591544.546, 95
Trd, 2591545.296, 89
Trd, 2591545.363, 88
Trd, 2591545.629, 91
Trd, 2591545.713, 98
Trd, 2591546.513, 83
Trd, 2591547.246, 105
Trd, 2591548.363, 97
Trd, 2591548.463, 98
Trd, 2591549.963, 91
Trd, 2591550.529, 102
Trd, 2591550.563, 100
Trd, 2591550.713, 90
Trd, 2591552.246, 89
Trd, 2591552.329, 104
Trd, 2591553.029, 83
Trd, 2591554.496, 97
Trd, 2591554.546, 84
Trd, 2591556.113, 94
Trd, 2591556.279, 83
Trd, 2591557.229, 95
Trd, 2591557.529, 96
Trd, 2591557.913, 106
Trd, 2591558.413, 89
Trd, 2591559.779, 83
Trd, 2591560.379, 101
Trd, 2591560.846, 82
Trd, 2591561.113, 88
Trd, 2591564.296, 94
Trd, 2591564.646, 88
Trd, 2591564.746, 103
Trd, 2591565.263, 103
Trd, 2591565.329, 91
Trd, 2591565.446, 90
Trd, 2591565.546, 87
Trd, 2591567.229, 95
Trd, 2591567.379, 90
Trd, 2591567.829, 113
Trd, 2591569.079, 104
Trd, 2591569.729, 96
Trd, 2591571.479, 97
Trd, 2591572.496, 82
Trd, 2591573.379, 90
Trd, 2591574.113, 97
Trd, 2591575.029, 102
Trd, 2591577.413, 88
Trd, 2591577.529, 86
Trd, 2591577.763, 99
Trd, 2591578.129, 96
Trd, 2591580.796, 96
Trd, 2591580.829, 93
Trd, 2591580.896, 98
Trd, 2591581.379, 88
Trd, 2591581.746, 82
Trd, 2591583.779, 87
Trd, 2591584.246, 94
Trd, 2591585.796, 103
Trd, 2591585.829, 91
Trd, 2591586.379, 99
Trd, 2591586.679, 85
Trd, 2591587.613, 106
Trd, 2591588.463, 83
Trd, 2591588.646, 82
Trd, 2591589.296, 81
Trd, 2591590.546, 91
Trd, 2591590.979, 94
Trd, 2591591.529, 81
Trd, 2591592.696, 101
Trd, 2591592.796, 81
Trd, 2591593.713, 102
Trd, 2591594.046, 89
Trd, 2591595.746, 88
Trd, 2591596.529, 90
Trd, 2591596.713, 104
Trd, 2591597.096, 107
Trd, 2591598.463, 98
Trd, 2591598.746, 109
Trd, 2591599.079, 112
Trd, 2591600.446, 113
Trd, 2591600.763, 91
Trd, 2591601.413, 93
Trd, 2591602.413, 90
Trd, 2591602.913, 89
Trd, 2591603.279, 79
Trd, 2591604.129, 83
Trd, 2591604.829, 99
Trd, 2591606.229, 104
Trd, 2591606.563, 111
Trd, 2591606.996, 90
Trd, 2591607.263, 96
Trd, 2591607.463, 112
Trd, 2591609.279, 91
Trd, 2591611.813, 90
Trd, 2591611.929, 90
Trd, 2591612.263, 89
Trd, 2591612.379, 89
Trd, 2591612.829, 113
Trd, 2591612.929, 81
Trd, 2591614.896, 98
Trd, 2591615.113, 80
Trd, 2591615.379, 100
Trd, 2591618.229, 92
Trd, 2591618.413, 96
Trd, 2591621.696, 94
Trd, 2591621.963, 96
Trd, 2591622.013, 90
Trd, 2591623.113, 86
Trd, 2591623.329, 109
Trd, 2591623.896, 98
Trd, 2591623.996, 91
Trd, 2591624.013, 106
Trd, 2591624.146, 91
Trd, 2591624.279, 86
Trd, 2591625.329, 99
Trd, 2591626.779, 98
Trd, 2591627.713, 95
Trd, 2591628.063, 103
Trd, 2591629.263, 92
Trd, 2591631.013, 91
Trd, 2591631.613, 91
Trd, 2591632.729, 89
Trd, 2591633.279, 84
Trd, 2591634.863, 86
Trd, 2591635.079, 90
Trd, 2591635.629, 89
Trd, 2591638.079, 86
Trd, 2591638.196, 94
Trd, 2591638.896, 84
Trd, 2591639.113, 98
Trd, 2591639.829, 87
Trd, 2591640.963, 83
Trd, 2591641.329, 84
Trd, 2591642.379, 101
Trd, 2591642.646, 107
Trd, 2591642.963, 107
Trd, 2591643.279, 102
Trd, 2591643.396, 81
Trd, 2591643.479, 113
Trd, 2591643.629, 78
Trd, 2591644.879, 90
Trd, 2591646.046, 116
Trd, 2591646.896, 113
Trd, 2591647.446, 122
Trd, 2591648.179, 90
Trd, 2591648.563, 89
Trd, 2591648.663, 90
Trd, 2591649.079, 104
Trd, 2591649.396, 86
Trd, 2591649.829, 106
Trd, 2591651.663, 111
Trd, 2591651.763, 100
Trd, 2591653.896, 99
Trd, 2591654.046, 95
Trd, 2591654.296, 93
Trd, 2591654.579, 91
Trd, 2591654.996, 100
Trd, 2591655.229, 87
Trd, 2591658.046, 96
Trd, 2591658.446, 98
Trd, 2591658.546, 90
Trd, 2591659.179, 97
Trd, 2591660.946, 91
Trd, 2591661.813, 101
Trd, 2591662.029, 95
Trd, 2591662.829, 102
Trd, 2591664.063, 90
Trd, 2591664.663, 97
Trd, 2591667.679, 88
Trd, 2591667.729, 101
Trd, 2591668.163, 108
Trd, 2591668.813, 87
Trd, 2591668.896, 86
Trd, 2591670.346, 90
Trd, 2591670.513, 83
Trd, 2591670.546, 77
Trd, 2591671.446, 94
Trd, 2591671.863, 94
Trd, 2591675.129, 80
Trd, 2591675.313, 79
Trd, 2591675.896, 98
Trd, 2591676.513, 79
Trd, 2591677.513, 79
Trd, 2591677.746, 94
Trd, 2591679.113, 102
Trd, 2591679.746, 102
Trd, 2591680.163, 106
Trd, 2591680.563, 109
Trd, 2591680.913, 91
Trd, 2591682.579, 98
Trd, 2591683.013, 91
Trd, 2591683.246, 87
Trd, 2591684.013, 85
Trd, 2591684.279, 96
Trd, 2591684.829, 98
Trd, 2591685.813, 91
Trd, 2591685.979, 88
Trd, 2591686.696, 84
Trd, 2591686.879, 99
Trd, 2591686.996, 77
Trd, 2591688.013, 81
Trd, 2591688.263, 106
Trd, 2591688.546, 97
Trd, 2591689.229, 113
Trd, 2591689.463, 115
Trd, 2591690.213, 96
Trd, 2591692.129, 95
Trd, 2591692.163, 95
Trd, 2591692.529, 95
Trd, 2591692.563, 105
Trd, 2591695.296, 89
Trd, 2591696.479, 88
Trd, 2591697.029, 91
Trd, 2591698.113, 86
Trd, 2591698.629, 94
Trd, 2591698.913, 95
Trd, 2591698.929, 77
Trd, 2591699.563, 98
Trd, 2591700.496, 89
Trd, 2591702.413, 86
Trd, 2591702.679, 108
Trd, 2591703.096, 89
Trd, 2591703.213, 112
Trd, 2591703.596, 90
Trd, 2591703.813, 89
Trd, 2591705.229, 79
Trd, 2591705.363, 77
Trd, 2591706.796, 108
Trd, 2591706.896, 92
Trd, 2591707.913, 90
Trd, 2591708.613, 89
Trd, 2591709.613, 101
Trd, 2591711.879, 92
Trd, 2591712.796, 89
Trd, 2591713.029, 99
Trd, 2591714.263, 105
Trd, 2591715.196, 91
Trd, 2591715.963, 101
Trd, 2591716.396, 94
Trd, 2591717.063, 90
Trd, 2591717.646, 99
Trd, 2591717.713, 87
Trd, 2591718.213, 84
Trd, 2591718.429, 83
Trd, 2591718.846, 81
Trd, 2591720.579, 91
Trd, 2591721.429, 108
Trd, 2591722.596, 105
Trd, 2591723.379, 107
Trd, 2591723.579, 84
Trd, 2591723.596, 108
Trd, 2591724.079, 81
Trd, 2591724.096, 78
Trd, 2591724.796, 89
Trd, 2591725.746, 107
Trd, 2591725.896, 103
Trd, 2591727.663, 84
Trd, 2591727.763, 92
Trd, 2591730.229, 97
Trd, 2591731.213, 88
Trd, 2591731.629, 85
Trd, 2591731.879, 84
Trd, 2591731.929, 82
Trd, 2591732.096, 94
Trd, 2591732.779, 80
Trd, 2591735.329, 93
Trd, 2591736.096, 77
Trd, 2591737.329, 84
Trd, 2591737.646, 85
Trd, 2591738.163, 89
Trd, 2591738.713, 94
Trd, 2591738.829, 98
Trd, 2591739.679, 85
Trd, 2591740.479, 84
Trd, 2591741.196, 100
Trd, 2591742.046, 109
Trd, 2591742.246, 81
Trd, 2591743.763, 96
Trd, 2591744.046, 103
Trd, 2591746.029, 88
Trd, 2591746.496, 85
Trd, 2591746.646, 103
Trd, 2591748.279, 108
Trd, 2591748.813, 87
Trd, 2591749.029, 99
Trd, 2591750.563, 101
Trd, 2591750.729, 100
Trd, 2591750.846, 104
Trd, 2591751.546, 98
Trd, 2591753.046, 92
Trd, 2591754.529, 92
Trd, 2591754.863, 98
Trd, 2591755.579, 84
Trd, 2591755.913, 81
Trd, 2591756.063, 97
Trd, 2591756.729, 91
Trd, 2591757.029, 100
Trd, 2591759.129, 103
Trd, 2591759.779, 89
Trd, 2591760.396, 94
Trd, 2591760.913, 112
Trd, 2591761.463, 89
Trd, 2591761.979, 87
Trd, 2591762.113, 96
Trd, 2591762.579, 83
Trd, 2591762.679, 110
Trd, 2591764.463, 89
Trd, 2591767.763, 91
Trd, 2591767.896, 93
Trd, 2591768.729, 94
Trd, 2591769.263, 98
Trd, 2591770.029, 91
Trd, 2591770.096, 89
Trd, 2591770.279, 104
Trd, 2591770.446, 85
Trd, 2591770.846, 82
Trd, 2591770.863, 81
Trd, 2591770.896, 78
Trd, 2591773.279, 86
Trd, 2591774.563, 103
Trd, 2591774.713, 102
Trd, 2591775.146, 103
Trd, 2591775.329, 83
Trd, 2591776.996, 85
Trd, 2591777.096, 101
Trd, 2591777.396, 84
Trd, 2591778.613, 81
Trd, 2591780.246, 82
Trd, 2591780.896, 92
Trd, 2591781.079, 81
Trd, 2591781.596, 97
Trd, 2591781.629, 98
Trd, 2591781.646, 109
Trd, 2591783.563, 90
Trd, 2591784.629, 101
Trd, 2591786.063, 105
Trd, 2591786.546, 89
Trd, 2591787.296, 95
Trd, 2591787.613, 94
Trd, 2591788.963, 90
Trd, 2591788.979, 89
Trd, 2591789.046, 81
Trd, 2591791.529, 91
Trd, 2591791.929, 94
Trd, 2591792.113, 91
Trd, 2591792.646, 94
Trd, 2591792.896, 98
Trd, 2591793.279, 106
Trd, 2591795.913, 91
Trd, 2591796.096, 100
Trd, 2591796.513, 92
Trd, 2591797.729, 107
Trd, 2591798.063, 97
Trd, 2591798.096, 101
Trd, 2591798.963, 91
Trd, 2591799.079, 90
Trd, 2591801.463, 103
Trd, 2591801.546, 106
Trd, 2591801.696, 96
Trd, 2591802.763, 95
Trd, 2591802.963, 106
Trd, 2591803.979, 90
Trd, 2591804.013, 107
Trd, 2591804.813, 97
Trd, 2591805.229, 112
Trd, 2591806.146, 88
Trd, 2591806.179, 85
Trd, 2591806.929, 104
Trd, 2591808.063, 77
Trd, 2591808.379, 87
Trd, 2591808.479, 94
Trd, 2591810.246, 86
Trd, 2591812.779, 94
Trd, 2591812.796, 97
Trd, 2591812.829, 99
Trd, 2591814.763, 99
Trd, 2591815.596, 94
Trd, 2591815.763, 108
Trd, 2591815.846, 92
Trd, 2591817.079, 86
Trd, 2591817.129, 85
Trd, 2591818.529, 111
Trd, 2591818.996, 97
Trd, 2591819.413, 104
Trd, 2591820.463, 93
Trd, 2591820.546, 111
Trd, 2591820.979, 91
Trd, 2591821.013, 111
Trd, 2591822.029, 87
Trd, 2591822.396, 84
Trd, 2591823.429, 84
Trd, 2591825.529, 107
Trd, 2591826.629, 86
Trd, 2591826.779, 113
Trd, 2591827.429, 83
Trd, 2591828.363, 90
Trd, 2591829.329, 95
Trd, 2591829.746, 104
Trd, 2591829.813, 95
Trd, 2591829.863, 92
Trd, 2591830.379, 87
Trd, 2591830.729, 101
Trd, 2591834.046, 96
Trd, 2591834.679, 97
Trd, 2591834.979, 91
Trd, 2591835.013, 89
Trd, 2591835.629, 95
Trd, 2591837.079, 90
Trd, 2591837.863, 95
Trd, 2591838.529, 90
Trd, 2591839.229, 90
Trd, 2591840.029, 92
Trd, 2591841.496, 93
Trd, 2591841.513, 88
Trd, 2591842.196, 97
Trd, 2591842.663, 96
Trd, 2591842.796, 91
Trd, 2591843.746, 98
Trd, 2591844.629, 93
Trd, 2591845.363, 101
Trd, 2591845.513, 87
Trd, 2591845.629, 86
Trd, 2591845.779, 111
Trd, 2591846.613, 93
Trd, 2591846.646, 86
Trd, 2591846.946, 84
Trd, 2591846.979, 98
Trd, 2591848.113, 96
Trd, 2591849.046, 98
Trd, 2591852.713, 102
Trd, 2591852.763, 114
Trd, 2591853.563, 96
Trd, 2591856.379, 85
Trd, 2591856.429, 87
Trd, 2591857.746, 87
Trd, 2591857.796, 91
Trd, 2591858.029, 83
Trd, 2591858.346, 87
Trd, 2591860.046, 83
Trd, 2591860.179, 83
Trd, 2591860.313, 85
Trd, 2591860.779, 86
Trd, 2591861.579, 87
Trd, 2591861.679, 91
Trd, 2591861.979, 99
Trd, 2591862.213, 111
Trd, 2591863.879, 94
Trd, 2591863.896, 94
Trd, 2591864.146, 78
Trd, 2591865.546, 80
Trd, 2591865.796, 81
Trd, 2591865.879, 83
Trd, 2591866.046, 84
Trd, 2591866.479, 83
Trd, 2591867.463, 99
Trd, 2591867.763, 77
Trd, 2591868.213, 95
Trd, 2591868.296, 111
Trd, 2591870.129, 94
Trd, 2591870.196, 102
Trd, 2591872.596, 93
Trd, 2591875.429, 99
Trd, 2591875.596, 92
Trd, 2591876.096, 86
Trd, 2591876.813, 83
Trd, 2591878.363, 82
Trd, 2591878.663, 94
Trd, 2591878.946, 97
Trd, 2591880.096, 92
Trd, 2591880.213, 102
Trd, 2591880.479, 88
Trd, 2591882.163, 99
Trd, 2591882.746, 100
Trd, 2591882.846, 86
Trd, 2591883.279, 100
Trd, 2591884.846, 87
Trd, 2591885.213, 86
Trd, 2591887.879, 100
Trd, 2591888.529, 92
Trd, 2591889.263, 98
Trd, 2591889.613, 103
Trd, 2591890.479, 99
Trd, 2591890.713, 100
Trd, 2591891.063, 102
Trd, 2591891.396, 101
Trd, 2591892.363, 99
Trd, 2591894.229, 99
Trd, 2591894.646, 96
Trd, 2591895.396, 95
Trd, 2591897.479, 96
Trd, 2591897.763, 88
Trd, 2591897.813, 95
Trd, 2591898.513, 86
Trd, 2591899.029, 85
Trd, 2591899.563, 103
Trd, 2591900.146, 88
Trd, 2591901.313, 86
Trd, 2591901.479, 101
Trd, 2591903.013, 96
Trd, 2591904.379, 99
Trd, 2591904.846, 98
Trd, 2591905.346, 95
Trd, 2591905.679, 103
Trd, 2591906.179, 93
Trd, 2591906.813, 94
Trd, 2591907.563, 103
Trd, 2591908.446, 99
Trd, 2591908.679, 100
Trd, 2591909.546, 88
Trd, 2591910.796, 90
Trd, 2591912.779, 92
Trd, 2591912.929, 91
Trd, 2591914.413, 90
Trd, 2591914.646, 94
Trd, 2591915.279, 111
Trd, 2591915.663, 112
Trd, 2591917.046, 89
Trd, 2591917.196, 93
Trd, 2591917.263, 107
Trd, 2591917.396, 89
Trd, 2591919.263, 85
Trd, 2591919.879, 86
Trd, 2591920.479, 87
Trd, 2591920.529, 103
Trd, 2591920.829, 109
Trd, 2591922.029, 93
Trd, 2591923.229, 91
Trd, 2591924.563, 98
Trd, 2591926.796, 103
Trd, 2591927.729, 86
Trd, 2591928.329, 96
Trd, 2591930.096, 93
Trd, 2591930.563, 94
Trd, 2591930.613, 107
Trd, 2591931.513, 87
Trd, 2591932.646, 96
Trd, 2591932.846, 91
Trd, 2591933.046, 85
Trd, 2591933.513, 78
Trd, 2591933.963, 101
Trd, 2591934.246, 103
Trd, 2591935.479, 101
Trd, 2591935.663, 107
Trd, 2591936.046, 93
Trd, 2591937.596, 89
Trd, 2591938.313, 88
Trd, 2591938.679, 91
Trd, 2591939.129, 88
Trd, 2591939.146, 94
Trd, 2591939.529, 87
Trd, 2591939.979, 92
Trd, 2591939.996, 82
Trd, 2591940.063, 80
Trd, 2591941.946, 92
Trd, 2591943.246, 99
Trd, 2591944.196, 96
Trd, 2591944.696, 98
Trd, 2591944.913, 102
Trd, 2591945.663, 83
Trd, 2591946.396, 80
Trd, 2591947.646, 108
Trd, 2591947.946, 109
Trd, 2591948.013, 111
Trd, 2591948.279, 91
Trd, 2591949.013, 88
Trd, 2591949.896, 88
Trd, 2591950.013, 85
Trd, 2591950.496, 105
Trd, 2591951.913, 90
Trd, 2591952.396, 108
Trd, 2591953.013, 83
Trd, 2591953.246, 82
Trd, 2591954.529, 82
Trd, 2591955.596, 99
Trd, 2591956.663, 98
Trd, 2591956.963, 99
Trd, 2591957.146, 95
Trd, 2591958.746, 92
Trd, 2591960.696, 97
Trd, 2591961.879, 87
Trd, 2591962.696, 97
Trd, 2591962.763, 111
Trd, 2591963.113, 82
Trd, 2591963.779, 112
Trd, 2591964.479, 87
Trd, 2591965.996, 89
Trd, 2591966.213, 87
Trd, 2591968.113, 87
Trd, 2591969.079, 105
Trd, 2591969.129, 87
Trd, 2591969.846, 86
Trd, 2591969.996, 112
Trd, 2591971.779, 85
Trd, 2591973.263, 97
Trd, 2591973.629, 86
Trd, 2591973.913, 92
Trd, 2591974.046, 102
Trd, 2591976.096, 97
Trd, 2591979.846, 88
Trd, 2591981.246, 102
Trd, 2591981.396, 87
Trd, 2591981.946, 110
Trd, 2591982.779, 87
Trd, 2591982.979, 88
Trd, 2591983.646, 88
Trd, 2591983.979, 102
Trd, 2591984.129, 93
Trd, 2591984.446, 83
Trd, 2591984.979, 84
Trd, 2591985.429, 88
Trd, 2591985.496, 82
Trd, 2591986.129, 85
Trd, 2591988.613, 91
Trd, 2591989.329, 82
Trd, 2591989.846, 82
Trd, 2591990.496, 82
Trd, 2591990.913, 81
Trd, 2591992.513, 84
Trd, 2591993.346, 84
Trd, 2591993.379, 85
Trd, 2591993.629, 88
Trd, 2591994.329, 94
Trd, 2591996.413, 94
Trd, 2591997.363, 93
Trd, 2591997.463, 94
Trd, 2591998.463, 82
Trd, 2591999.463, 87
Trd, 2591999.546, 100
Trd, 2591999.696, 101
