Trd, 2590661.746, 73
Trd, 2590662.879, 96
Trd, 2590663.479, 93
Trd, 2590663.763, 94
Trd, 2590665.179, 92
Trd, 2590665.513, 81
Trd, 2590666.179, 98
Trd, 2590666.896, 96
Trd, 2590667.113, 108
Trd, 2590667.846, 104
Trd, 2590668.846, 103
Trd, 2590669.813, 101
Trd, 2590670.196, 106
Trd, 2590670.229, 100
Trd, 2590670.329, 93
Trd, 2590670.746, 87
Trd, 2590671.163, 120
Trd, 2590671.529, 104
Trd, 2590672.529, 87
Trd, 2590672.679, 79
Trd, 2590673.029, 99
Trd, 2590673.529, 77
Trd, 2590674.996, 84
Trd, 2590675.996, 89
Trd, 2590676.196, 81
Trd, 2590676.296, 91
Trd, 2590676.463, 98
Trd, 2590678.729, 95
Trd, 2590679.229, 93
Trd, 2590679.613, 87
Trd, 2590680.329, 108
Trd, 2590681.163, 104
Trd, 2590682.246, 104
Trd, 2590682.546, 101
Trd, 2590684.013, 102
Trd, 2590684.363, 106
Trd, 2590684.596, 99
Trd, 2590684.913, 88
Trd, 2590685.596, 100
Trd, 2590687.396, 86
Trd, 2590687.713, 87
Trd, 2590688.246, 103
Trd, 2590688.613, 90
Trd, 2590688.729, 84
Trd, 2590691.429, 92
Trd, 2590691.913, 81
Trd, 2590692.496, 84
Trd, 2590692.729, 98
Trd, 2590693.396, 88
Trd, 2590693.629, 86
Trd, 2590694.496, 90
Trd, 2590694.763, 91
Trd, 2590696.779, 93
Trd, 2590697.196, 93
Trd, 2590698.696, 90
Trd, 2590698.913, 98
Trd, 2590699.063, 88
Trd, 2590699.779, 101
Trd, 2590700.096, 88
Trd, 2590700.579, 105
Trd, 2590701.279, 95
Trd, 2590701.679, 84
Trd, 2590701.813, 84
Trd, 2590702.679, 90
Trd, 2590704.996, 93
Trd, 2590705.196, 106
Trd, 2590705.229, 102
Trd, 2590705.296, 92
Trd, 2590705.413, 89
Trd, 2590705.696, 81
Trd, 2590707.196, 93
Trd, 2590707.496, 100
Trd, 2590708.563, 105
Trd, 2590710.463, 96
Trd, 2590711.496, 94
Trd, 2590712.346, 100
Trd, 2590714.979, 104
Trd, 2590715.129, 90
Trd, 2590716.513, 93
Trd, 2590716.713, 93
Trd, 2590717.096, 98
Trd, 2590717.479, 92
Trd, 2590717.546, 105
Trd, 2590718.063, 104
Trd, 2590718.863, 93
Trd, 2590719.196, 105
Trd, 2590719.746, 92
Trd, 2590720.029, 91
Trd, 2590720.363, 93
Trd, 2590721.963, 95
Trd, 2590722.046, 93
Trd, 2590722.996, 105
Trd, 2590724.263, 105
Trd, 2590725.346, 91
Trd, 2590725.613, 89
Trd, 2590726.179, 83
Trd, 2590726.696, 108
Trd, 2590727.246, 102
Trd, 2590727.363, 100
Trd, 2590727.513, 92
Trd, 2590728.546, 105
Trd, 2590728.596, 86
Trd, 2590729.579, 83
Trd, 2590729.846, 81
Trd, 2590730.029, 80
Trd, 2590730.446, 89
Trd, 2590730.729, 107
Trd, 2590730.879, 117
Trd, 2590731.346, 86
Trd, 2590731.663, 121
Trd, 2590733.363, 83
Trd, 2590735.663, 82
Trd, 2590736.196, 99
Trd, 2590737.213, 99
Trd, 2590737.229, 95
Trd, 2590738.013, 100
Trd, 2590739.746, 97
Trd, 2590740.763, 93
Trd, 2590740.829, 87
Trd, 2590741.346, 95
Trd, 2590741.729, 90
Trd, 2590742.729, 86
Trd, 2590743.079, 94
Trd, 2590743.563, 89
Trd, 2590744.763, 91
Trd, 2590745.446, 87
Trd, 2590745.529, 98
Trd, 2590746.329, 99
Trd, 2590746.563, 109
Trd, 2590747.963, 95
Trd, 2590749.429, 105
Trd, 2590749.713, 82
Trd, 2590751.129, 82
Trd, 2590751.529, 100
Trd, 2590752.179, 81
Trd, 2590752.846, 80
Trd, 2590753.063, 115
Trd, 2590753.546, 108
Trd, 2590754.129, 87
Trd, 2590754.846, 90
Trd, 2590756.013, 91
Trd, 2590756.979, 87
Trd, 2590758.113, 92
Trd, 2590758.613, 90
Trd, 2590759.229, 92
Trd, 2590759.496, 91
Trd, 2590759.596, 90
Trd, 2590759.746, 98
Trd, 2590759.846, 89
Trd, 2590764.846, 105
Trd, 2590765.413, 97
Trd, 2590765.879, 90
Trd, 2590765.979, 103
Trd, 2590766.579, 105
Trd, 2590766.713, 88
Trd, 2590767.246, 88
Trd, 2590767.929, 87
Trd, 2590769.096, 96
Trd, 2590769.213, 93
Trd, 2590769.513, 92
Trd, 2590769.913, 93
Trd, 2590770.263, 89
Trd, 2590770.929, 102
Trd, 2590770.963, 92
Trd, 2590771.346, 103
Trd, 2590772.113, 91
Trd, 2590772.213, 110
Trd, 2590772.646, 88
Trd, 2590774.729, 90
Trd, 2590774.979, 87
Trd, 2590775.446, 93
Trd, 2590775.579, 85
Trd, 2590775.646, 106
Trd, 2590776.346, 83
Trd, 2590777.279, 107
Trd, 2590777.363, 91
Trd, 2590780.679, 90
Trd, 2590781.579, 91
Trd, 2590781.763, 98
Trd, 2590782.396, 87
Trd, 2590782.979, 104
Trd, 2590784.046, 91
Trd, 2590784.429, 93
Trd, 2590785.496, 88
Trd, 2590785.663, 104
Trd, 2590785.713, 109
Trd, 2590785.813, 83
Trd, 2590786.396, 81
Trd, 2590787.813, 82
Trd, 2590789.496, 81
Trd, 2590790.263, 89
Trd, 2590790.913, 100
Trd, 2590791.229, 93
Trd, 2590791.663, 100
Trd, 2590793.379, 96
Trd, 2590793.496, 95
Trd, 2590793.646, 90
Trd, 2590793.729, 84
Trd, 2590793.913, 104
Trd, 2590793.979, 77
Trd, 2590794.196, 107
Trd, 2590795.063, 90
Trd, 2590795.346, 103
Trd, 2590796.929, 88
Trd, 2590797.296, 84
Trd, 2590797.479, 80
Trd, 2590798.046, 96
Trd, 2590799.879, 91
Trd, 2590799.963, 90
Trd, 2590800.096, 81
Trd, 2590801.079, 77
Trd, 2590802.129, 79
Trd, 2590803.163, 91
Trd, 2590803.296, 92
Trd, 2590803.896, 98
Trd, 2590804.796, 105
Trd, 2590804.829, 85
Trd, 2590806.446, 106
Trd, 2590806.746, 73
Trd, 2590807.013, 68
Trd, 2590807.296, 83
Trd, 2590807.846, 107
Trd, 2590808.913, 107
Trd, 2590809.363, 102
Trd, 2590810.846, 100
Trd, 2590810.946, 98
Trd, 2590811.896, 105
Trd, 2590813.079, 110
Trd, 2590813.213, 86
Trd, 2590814.013, 83
Trd, 2590814.163, 91
Trd, 2590814.663, 110
Trd, 2590814.713, 83
Trd, 2590814.979, 121
Trd, 2590815.229, 98
Trd, 2590815.646, 98
Trd, 2590816.629, 89
Trd, 2590817.679, 95
Trd, 2590818.096, 89
Trd, 2590819.563, 88
Trd, 2590820.013, 91
Trd, 2590820.329, 109
Trd, 2590820.796, 122
Trd, 2590821.063, 88
Trd, 2590821.346, 86
Trd, 2590822.179, 107
Trd, 2590825.896, 123
Trd, 2590826.029, 95
Trd, 2590826.746, 105
Trd, 2590827.379, 108
Trd, 2590827.779, 98
Trd, 2590828.129, 99
Trd, 2590828.763, 100
Trd, 2590829.963, 96
Trd, 2590830.113, 91
Trd, 2590830.413, 86
Trd, 2590830.746, 85
Trd, 2590830.813, 85
Trd, 2590831.946, 81
Trd, 2590832.196, 80
Trd, 2590832.846, 87
Trd, 2590834.563, 98
Trd, 2590835.479, 102
Trd, 2590835.613, 101
Trd, 2590835.779, 81
Trd, 2590837.813, 82
Trd, 2590838.263, 105
Trd, 2590838.329, 80
Trd, 2590839.113, 87
Trd, 2590839.213, 83
Trd, 2590839.363, 79
Trd, 2590840.513, 95
Trd, 2590840.529, 85
Trd, 2590841.363, 99
Trd, 2590841.413, 86
Trd, 2590842.563, 106
Trd, 2590845.596, 91
Trd, 2590846.329, 89
Trd, 2590846.779, 88
Trd, 2590847.296, 87
Trd, 2590847.413, 85
Trd, 2590847.696, 92
Trd, 2590847.713, 99
Trd, 2590848.346, 104
Trd, 2590848.746, 108
Trd, 2590848.896, 108
Trd, 2590849.463, 98
Trd, 2590849.996, 81
Trd, 2590850.196, 104
Trd, 2590850.796, 76
Trd, 2590851.446, 89
Trd, 2590852.079, 93
Trd, 2590852.213, 102
Trd, 2590852.546, 109
Trd, 2590853.313, 87
Trd, 2590853.946, 99
Trd, 2590855.163, 83
Trd, 2590856.346, 88
Trd, 2590856.379, 85
Trd, 2590857.946, 89
Trd, 2590858.313, 88
Trd, 2590858.479, 87
Trd, 2590859.896, 109
Trd, 2590860.646, 90
Trd, 2590860.696, 98
Trd, 2590860.713, 114
Trd, 2590861.079, 109
Trd, 2590861.896, 83
Trd, 2590863.096, 83
Trd, 2590864.963, 81
Trd, 2590865.229, 97
Trd, 2590865.313, 98
Trd, 2590866.429, 91
Trd, 2590867.079, 92
Trd, 2590868.479, 96
Trd, 2590868.629, 89
Trd, 2590869.213, 85
Trd, 2590869.379, 89
Trd, 2590870.463, 95
Trd, 2590871.713, 97
Trd, 2590872.746, 87
Trd, 2590873.213, 86
Trd, 2590874.546, 81
Trd, 2590875.179, 106
Trd, 2590876.096, 88
Trd, 2590876.829, 89
Trd, 2590877.796, 88
Trd, 2590878.129, 91
Trd, 2590878.329, 105
Trd, 2590878.913, 89
Trd, 2590879.113, 86
Trd, 2590879.446, 97
Trd, 2590879.813, 106
Trd, 2590881.179, 101
Trd, 2590881.679, 100
Trd, 2590883.229, 97
Trd, 2590883.846, 107
Trd, 2590885.313, 92
Trd, 2590886.246, 99
Trd, 2590886.429, 116
Trd, 2590886.613, 95
Trd, 2590886.996, 117
Trd, 2590887.413, 90
Trd, 2590888.146, 111
Trd, 2590888.596, 106
Trd, 2590889.046, 95
Trd, 2590889.963, 86
Trd, 2590891.296, 92
Trd, 2590891.546, 97
Trd, 2590892.829, 89
Trd, 2590893.796, 98
Trd, 2590894.263, 88
Trd, 2590894.413, 87
Trd, 2590895.379, 92
Trd, 2590896.063, 91
Trd, 2590896.879, 96
Trd, 2590897.129, 96
Trd, 2590897.229, 89
Trd, 2590897.696, 108
Trd, 2590898.146, 87
Trd, 2590898.996, 87
Trd, 2590901.613, 89
Trd, 2590902.213, 92
Trd, 2590902.413, 91
Trd, 2590903.696, 89
Trd, 2590904.813, 87
Trd, 2590904.846, 98
Trd, 2590904.913, 85
Trd, 2590905.179, 108
Trd, 2590907.013, 89
Trd, 2590907.429, 97
Trd, 2590908.129, 91
Trd, 2590908.913, 104
Trd, 2590909.329, 95
Trd, 2590909.363, 112
Trd, 2590909.563, 90
Trd, 2590910.463, 89
Trd, 2590910.529, 104
Trd, 2590913.096, 113
Trd, 2590913.113, 90
Trd, 2590914.696, 94
Trd, 2590914.946, 114
Trd, 2590915.796, 104
Trd, 2590915.913, 89
Trd, 2590916.063, 82
Trd, 2590917.796, 103
Trd, 2590918.496, 111
Trd, 2590918.813, 81
Trd, 2590919.179, 88
Trd, 2590919.313, 81
Trd, 2590920.179, 111
Trd, 2590921.029, 89
Trd, 2590921.079, 87
Trd, 2590921.146, 84
Trd, 2590921.196, 81
Trd, 2590921.729, 73
Trd, 2590921.913, 83
Trd, 2590924.629, 83
Trd, 2590924.679, 101
Trd, 2590924.946, 110
Trd, 2590925.463, 80
Trd, 2590925.863, 117
Trd, 2590927.196, 87
Trd, 2590927.879, 103
Trd, 2590928.413, 87
Trd, 2590930.996, 85
Trd, 2590931.129, 99
Trd, 2590931.863, 87
Trd, 2590933.113, 90
Trd, 2590933.979, 83
Trd, 2590934.063, 113
Trd, 2590936.763, 87
Trd, 2590936.979, 84
Trd, 2590937.179, 89
Trd, 2590937.329, 81
Trd, 2590938.046, 90
Trd, 2590938.096, 98
Trd, 2590938.279, 90
Trd, 2590939.446, 115
Trd, 2590940.329, 108
Trd, 2590942.029, 101
Trd, 2590942.696, 111
Trd, 2590942.846, 93
Trd, 2590943.346, 90
Trd, 2590945.246, 99
Trd, 2590945.513, 101
Trd, 2590945.796, 98
Trd, 2590946.646, 92
Trd, 2590946.896, 87
Trd, 2590946.946, 114
Trd, 2590948.513, 92
Trd, 2590948.796, 93
Trd, 2590949.596, 87
Trd, 2590950.113, 97
Trd, 2590950.329, 87
Trd, 2590951.579, 87
Trd, 2590951.596, 98
Trd, 2590951.946, 107
Trd, 2590952.129, 87
Trd, 2590953.813, 82
Trd, 2590956.396, 89
Trd, 2590956.496, 86
Trd, 2590957.063, 84
Trd, 2590957.146, 82
Trd, 2590958.296, 85
Trd, 2590959.329, 90
Trd, 2590959.379, 81
Trd, 2590959.929, 93
Trd, 2590961.546, 98
Trd, 2590961.796, 88
Trd, 2590961.929, 84
Trd, 2590963.879, 91
Trd, 2590964.846, 94
Trd, 2590964.996, 97
Trd, 2590965.613, 100
Trd, 2590966.196, 100
Trd, 2590966.613, 99
Trd, 2590966.663, 99
Trd, 2590968.813, 96
Trd, 2590969.063, 93
Trd, 2590969.246, 91
Trd, 2590969.346, 87
Trd, 2590969.729, 101
Trd, 2590970.996, 104
Trd, 2590971.363, 86
Trd, 2590971.729, 93
Trd, 2590973.346, 92
Trd, 2590973.596, 86
Trd, 2590974.529, 106
Trd, 2590974.796, 106
Trd, 2590975.663, 79
Trd, 2590979.846, 101
Trd, 2590979.896, 100
Trd, 2590979.963, 100
Trd, 2590981.013, 97
Trd, 2590983.579, 98
Trd, 2590983.929, 106
Trd, 2590984.196, 97
Trd, 2590984.213, 96
Trd, 2590984.296, 96
Trd, 2590985.346, 108
Trd, 2590985.513, 96
Trd, 2590985.746, 87
Trd, 2590986.363, 84
Trd, 2590986.579, 82
Trd, 2590986.679, 97
Trd, 2590986.913, 94
Trd, 2590987.746, 91
Trd, 2590988.179, 90
Trd, 2590989.629, 105
Trd, 2590990.296, 92
Trd, 2590990.663, 87
Trd, 2590991.313, 97
Trd, 2590991.379, 85
Trd, 2590991.496, 85
Trd, 2590992.613, 99
Trd, 2590993.013, 79
Trd, 2590995.446, 85
Trd, 2590995.663, 93
Trd, 2590997.146, 91
Trd, 2590997.479, 89
Trd, 2590998.713, 89
Trd, 2590999.146, 87
Trd, 2591000.413, 81
Trd, 2591000.696, 98
Trd, 2591000.796, 101
Trd, 2591001.996, 98
Trd, 2591002.979, 90
Trd, 2591003.246, 95
Trd, 2591003.513, 100
Trd, 2591003.579, 106
Trd, 2591004.213, 89
Trd, 2591004.613, 98
Trd, 2591005.063, 105
Trd, 2591006.913, 120
Trd, 2591007.263, 109
Trd, 2591009.513, 96
Trd, 2591009.763, 95
Trd, 2591010.029, 107
Trd, 2591010.046, 103
Trd, 2591010.396, 111
Trd, 2591011.146, 93
Trd, 2591011.513, 87
Trd, 2591011.979, 81
Trd, 2591012.396, 82
Trd, 2591012.463, 100
Trd, 2591013.646, 91
Trd, 2591014.596, 87
Trd, 2591015.546, 86
Trd, 2591016.563, 88
Trd, 2591016.863, 87
Trd, 2591018.779, 98
Trd, 2591019.546, 98
Trd, 2591020.763, 90
Trd, 2591022.246, 92
Trd, 2591022.629, 92
Trd, 2591022.696, 87
Trd, 2591023.196, 81
Trd, 2591023.646, 112
Trd, 2591023.763, 88
Trd, 2591023.879, 88
Trd, 2591023.996, 79
Trd, 2591025.446, 99
Trd, 2591027.213, 94
Trd, 2591027.296, 89
Trd, 2591028.396, 87
Trd, 2591028.679, 86
Trd, 2591029.929, 87
Trd, 2591031.646, 92
Trd, 2591031.913, 92
Trd, 2591032.446, 112
Trd, 2591033.096, 110
Trd, 2591033.313, 91
Trd, 2591035.563, 93
Trd, 2591035.929, 79
Trd, 2591036.279, 87
Trd, 2591036.479, 95
Trd, 2591036.863, 95
Trd, 2591036.946, 84
Trd, 2591037.046, 86
Trd, 2591037.179, 98
Trd, 2591037.363, 99
Trd, 2591039.329, 94
Trd, 2591040.396, 117
Trd, 2591041.979, 87
Trd, 2591042.429, 87
Trd, 2591043.063, 88
Trd, 2591044.946, 81
Trd, 2591045.129, 106
Trd, 2591045.296, 115
Trd, 2591045.329, 79
Trd, 2591045.913, 90
Trd, 2591046.829, 99
Trd, 2591047.046, 83
Trd, 2591048.363, 88
Trd, 2591048.563, 102
Trd, 2591049.146, 92
Trd, 2591049.379, 94
Trd, 2591049.513, 86
Trd, 2591050.029, 92
Trd, 2591052.196, 113
Trd, 2591052.396, 98
Trd, 2591052.746, 97
Trd, 2591054.046, 104
Trd, 2591054.879, 97
Trd, 2591054.996, 105
Trd, 2591056.346, 90
Trd, 2591056.529, 86
Trd, 2591056.596, 91
Trd, 2591056.863, 83
Trd, 2591057.413, 98
Trd, 2591057.746, 102
Trd, 2591058.646, 87
Trd, 2591058.846, 114
Trd, 2591059.579, 93
Trd, 2591059.946, 92
Trd, 2591060.963, 99
Trd, 2591062.096, 98
Trd, 2591063.163, 108
Trd, 2591064.079, 105
Trd, 2591064.313, 91
Trd, 2591064.329, 107
Trd, 2591064.913, 115
Trd, 2591066.029, 107
Trd, 2591068.113, 90
Trd, 2591068.229, 89
Trd, 2591068.813, 98
Trd, 2591069.063, 96
Trd, 2591069.129, 81
Trd, 2591069.313, 81
Trd, 2591069.996, 85
Trd, 2591070.946, 101
Trd, 2591071.013, 106
Trd, 2591072.346, 104
Trd, 2591072.379, 88
Trd, 2591072.863, 108
Trd, 2591073.263, 117
Trd, 2591073.546, 95
Trd, 2591074.713, 85
Trd, 2591075.429, 107
Trd, 2591075.629, 92
Trd, 2591077.113, 92
Trd, 2591077.379, 121
Trd, 2591077.779, 122
Trd, 2591079.379, 100
Trd, 2591079.696, 97
Trd, 2591080.513, 96
Trd, 2591081.479, 89
Trd, 2591081.629, 85
Trd, 2591085.546, 100
Trd, 2591086.179, 103
Trd, 2591086.979, 100
Trd, 2591087.113, 99
Trd, 2591087.563, 91
Trd, 2591087.713, 113
Trd, 2591087.863, 105
Trd, 2591089.013, 93
Trd, 2591089.229, 114
Trd, 2591089.846, 91
Trd, 2591090.596, 84
Trd, 2591090.663, 81
Trd, 2591090.796, 107
Trd, 2591091.146, 93
Trd, 2591092.446, 93
Trd, 2591093.963, 96
Trd, 2591094.929, 71
Trd, 2591095.963, 81
Trd, 2591096.079, 83
Trd, 2591096.129, 80
Trd, 2591096.629, 77
Trd, 2591097.279, 89
Trd, 2591097.746, 108
Trd, 2591097.946, 79
Trd, 2591098.246, 79
Trd, 2591099.229, 93
Trd, 2591099.779, 98
Trd, 2591100.146, 98
Trd, 2591101.746, 105
Trd, 2591101.913, 93
Trd, 2591102.729, 105
Trd, 2591103.813, 95
Trd, 2591104.363, 96
Trd, 2591104.746, 96
Trd, 2591105.746, 92
Trd, 2591106.013, 121
Trd, 2591106.063, 90
Trd, 2591106.396, 88
Trd, 2591106.896, 101
Trd, 2591108.013, 87
Trd, 2591108.429, 98
Trd, 2591109.813, 88
Trd, 2591110.029, 92
Trd, 2591110.796, 94
Trd, 2591111.379, 98
Trd, 2591111.613, 105
Trd, 2591113.179, 106
Trd, 2591113.763, 95
Trd, 2591114.229, 90
Trd, 2591116.913, 87
Trd, 2591117.429, 86
Trd, 2591117.496, 97
Trd, 2591118.146, 87
Trd, 2591119.879, 90
Trd, 2591119.913, 98
Trd, 2591120.163, 91
Trd, 2591120.213, 89
Trd, 2591120.263, 95
Trd, 2591121.129, 81
Trd, 2591122.629, 82
Trd, 2591124.713, 74
Trd, 2591125.929, 92
Trd, 2591126.979, 85
Trd, 2591127.013, 102
Trd, 2591127.629, 86
Trd, 2591128.246, 84
Trd, 2591128.313, 97
Trd, 2591129.313, 87
Trd, 2591130.046, 98
Trd, 2591130.813, 92
Trd, 2591130.896, 97
Trd, 2591131.096, 90
Trd, 2591131.463, 92
Trd, 2591132.063, 93
Trd, 2591132.746, 91
Trd, 2591132.996, 89
Trd, 2591133.163, 114
Trd, 2591133.429, 80
Trd, 2591134.279, 99
Trd, 2591135.129, 87
Trd, 2591135.463, 108
Trd, 2591135.696, 112
Trd, 2591136.579, 94
Trd, 2591137.013, 106
Trd, 2591137.996, 111
Trd, 2591138.046, 93
Trd, 2591139.829, 92
Trd, 2591141.463, 97
Trd, 2591141.896, 100
Trd, 2591142.379, 91
Trd, 2591143.479, 106
Trd, 2591143.629, 95
Trd, 2591144.746, 96
Trd, 2591145.013, 95
Trd, 2591145.313, 102
Trd, 2591145.479, 94
Trd, 2591145.663, 85
Trd, 2591146.063, 106
Trd, 2591146.579, 123
Trd, 2591146.679, 88
Trd, 2591147.346, 88
Trd, 2591147.629, 106
Trd, 2591150.129, 101
Trd, 2591152.329, 93
Trd, 2591152.846, 81
Trd, 2591153.679, 83
Trd, 2591154.363, 94
Trd, 2591154.996, 92
Trd, 2591156.213, 98
Trd, 2591156.329, 93
Trd, 2591156.696, 85
Trd, 2591156.979, 118
Trd, 2591157.346, 111
Trd, 2591158.296, 101
Trd, 2591159.663, 90
Trd, 2591159.963, 98
Trd, 2591160.179, 83
Trd, 2591160.396, 83
Trd, 2591161.346, 82
Trd, 2591163.296, 89
Trd, 2591163.746, 106
Trd, 2591165.029, 102
Trd, 2591165.463, 92
Trd, 2591166.496, 88
Trd, 2591166.829, 100
Trd, 2591167.746, 96
Trd, 2591168.613, 94
Trd, 2591168.646, 93
Trd, 2591168.763, 110
Trd, 2591169.446, 92
Trd, 2591169.979, 102
Trd, 2591170.296, 104
Trd, 2591170.913, 115
Trd, 2591171.613, 93
Trd, 2591171.913, 90
Trd, 2591172.746, 93
Trd, 2591173.896, 84
Trd, 2591174.529, 89
Trd, 2591176.213, 95
Trd, 2591176.829, 88
Trd, 2591176.963, 99
Trd, 2591178.313, 96
Trd, 2591178.346, 102
Trd, 2591178.846, 92
Trd, 2591179.396, 87
Trd, 2591180.663, 82
Trd, 2591180.796, 80
Trd, 2591180.996, 101
Trd, 2591181.779, 93
Trd, 2591182.263, 92
Trd, 2591182.563, 105
Trd, 2591183.263, 88
Trd, 2591183.529, 106
Trd, 2591184.113, 81
Trd, 2591184.646, 100
Trd, 2591185.046, 101
Trd, 2591186.663, 102
Trd, 2591186.996, 91
Trd, 2591187.513, 91
Trd, 2591187.829, 108
Trd, 2591188.563, 112
Trd, 2591188.829, 88
Trd, 2591189.846, 86
Trd, 2591189.896, 105
Trd, 2591189.996, 113
Trd, 2591190.879, 88
Trd, 2591191.796, 92
Trd, 2591195.229, 93
Trd, 2591195.429, 88
Trd, 2591195.913, 94
Trd, 2591196.313, 93
Trd, 2591196.963, 84
Trd, 2591197.246, 92
Trd, 2591197.546, 81
Trd, 2591198.546, 98
Trd, 2591200.146, 94
Trd, 2591200.646, 86
Trd, 2591200.813, 87
Trd, 2591201.379, 96
Trd, 2591201.463, 108
Trd, 2591202.079, 83
Trd, 2591202.429, 117
Trd, 2591202.446, 105
Trd, 2591203.096, 99
Trd, 2591203.896, 107
Trd, 2591204.279, 97
Trd, 2591204.929, 96
Trd, 2591205.729, 81
Trd, 2591206.646, 106
Trd, 2591206.913, 100
Trd, 2591208.713, 107
Trd, 2591209.063, 106
Trd, 2591210.896, 107
Trd, 2591210.929, 93
Trd, 2591211.263, 92
Trd, 2591211.396, 91
Trd, 2591212.379, 107
Trd, 2591214.763, 117
Trd, 2591214.946, 92
Trd, 2591215.529, 122
Trd, 2591216.046, 90
Trd, 2591217.813, 91
Trd, 2591219.446, 99
Trd, 2591220.113, 92
Trd, 2591220.329, 109
Trd, 2591220.679, 90
Trd, 2591220.896, 95
Trd, 2591221.229, 84
Trd, 2591221.579, 98
Trd, 2591221.696, 95
Trd, 2591223.363, 91
Trd, 2591223.663, 82
Trd, 2591223.863, 81
Trd, 2591224.729, 102
Trd, 2591225.196, 85
Trd, 2591226.146, 93
Trd, 2591226.246, 109
Trd, 2591226.563, 86
Trd, 2591227.063, 85
Trd, 2591227.196, 84
Trd, 2591229.479, 97
Trd, 2591232.413, 92
Trd, 2591233.013, 91
Trd, 2591233.096, 93
Trd, 2591233.246, 93
Trd, 2591233.779, 91
Trd, 2591234.446, 94
Trd, 2591236.079, 97
Trd, 2591236.796, 93
Trd, 2591237.529, 85
Trd, 2591238.429, 88
Trd, 2591238.813, 98
Trd, 2591239.496, 86
Trd, 2591239.513, 81
Trd, 2591241.013, 96
Trd, 2591241.213, 86
Trd, 2591241.529, 96
Trd, 2591241.579, 106
Trd, 2591242.296, 107
Trd, 2591242.596, 109
Trd, 2591242.863, 121
Trd, 2591243.663, 113
Trd, 2591244.013, 98
Trd, 2591245.629, 100
Trd, 2591247.113, 103
Trd, 2591247.163, 105
Trd, 2591247.796, 99
Trd, 2591248.313, 94
Trd, 2591249.813, 94
Trd, 2591249.963, 91
Trd, 2591250.029, 91
Trd, 2591250.496, 89
Trd, 2591252.446, 96
Trd, 2591252.679, 104
Trd, 2591253.146, 86
Trd, 2591253.529, 85
Trd, 2591253.996, 101
Trd, 2591254.263, 82
Trd, 2591254.463, 99
Trd, 2591255.963, 95
Trd, 2591257.646, 93
Trd, 2591258.013, 92
Trd, 2591258.096, 85
Trd, 2591259.613, 90
Trd, 2591260.446, 87
Trd, 2591260.463, 98
Trd, 2591261.146, 95
Trd, 2591261.929, 85
Trd, 2591262.613, 109
Trd, 2591265.146, 102
Trd, 2591265.446, 108
Trd, 2591265.729, 116
Trd, 2591266.213, 108
Trd, 2591266.979, 97
Trd, 2591267.146, 94
Trd, 2591267.529, 91
Trd, 2591267.946, 90
Trd, 2591268.179, 87
Trd, 2591269.229, 84
Trd, 2591269.396, 83
Trd, 2591271.013, 105
Trd, 2591271.096, 105
Trd, 2591272.013, 93
Trd, 2591273.146, 101
Trd, 2591273.729, 92
Trd, 2591274.913, 103
Trd, 2591275.463, 94
Trd, 2591276.963, 84
Trd, 2591277.179, 97
Trd, 2591278.713, 108
Trd, 2591278.996, 90
Trd, 2591279.579, 108
Trd, 2591279.629, 114
Trd, 2591279.779, 81
Trd, 2591280.846, 77
Trd, 2591281.396, 97
Trd, 2591281.629, 94
Trd, 2591282.279, 93
Trd, 2591283.546, 99
Trd, 2591283.913, 94
Trd, 2591285.446, 85
Trd, 2591285.613, 80
Trd, 2591286.046, 98
Trd, 2591286.513, 86
Trd, 2591287.463, 84
Trd, 2591287.646, 103
Trd, 2591288.163, 88
Trd, 2591289.996, 91
Trd, 2591290.263, 92
Trd, 2591290.596, 88
Trd, 2591291.446, 102
Trd, 2591293.279, 97
Trd, 2591294.746, 94
Trd, 2591294.896, 94
Trd, 2591295.663, 105
Trd, 2591296.479, 109
Trd, 2591296.879, 93
Trd, 2591297.129, 115
Trd, 2591297.663, 105
Trd, 2591297.696, 90
Trd, 2591297.779, 85
Trd, 2591298.913, 84
Trd, 2591301.279, 98
Trd, 2591301.463, 77
Trd, 2591302.563, 86
Trd, 2591302.796, 93
Trd, 2591303.579, 102
Trd, 2591303.996, 88
Trd, 2591304.396, 88
Trd, 2591304.846, 88
Trd, 2591305.246, 94
Trd, 2591305.479, 115
Trd, 2591308.713, 89
Trd, 2591309.196, 109
Trd, 2591309.679, 87
Trd, 2591310.629, 98
Trd, 2591310.946, 101
Trd, 2591310.996, 92
Trd, 2591312.363, 99
Trd, 2591312.646, 89
Trd, 2591312.763, 89
Trd, 2591312.879, 91
Trd, 2591313.096, 85
Trd, 2591314.063, 80
Trd, 2591314.213, 87
Trd, 2591314.546, 99
Trd, 2591315.029, 102
Trd, 2591315.279, 95
Trd, 2591315.479, 79
Trd, 2591316.063, 91
Trd, 2591316.463, 93
Trd, 2591317.396, 97
Trd, 2591321.363, 91
Trd, 2591322.296, 88
Trd, 2591322.563, 86
Trd, 2591323.779, 89
Trd, 2591325.713, 95
Trd, 2591325.813, 89
Trd, 2591327.796, 98
Trd, 2591329.046, 98
Trd, 2591329.229, 97
Trd, 2591329.879, 108
Trd, 2591330.546, 91
Trd, 2591331.129, 88
Trd, 2591331.479, 89
Trd, 2591332.113, 90
Trd, 2591332.679, 93
Trd, 2591332.729, 101
Trd, 2591332.946, 84
Trd, 2591333.713, 97
Trd, 2591334.229, 87
Trd, 2591334.629, 89
Trd, 2591336.146, 113
Trd, 2591336.663, 126
Trd, 2591337.029, 125
Trd, 2591337.379, 86
Trd, 2591338.129, 111
Trd, 2591338.413, 82
Trd, 2591339.246, 86
Trd, 2591339.563, 106
Trd, 2591340.929, 85
Trd, 2591341.296, 94
Trd, 2591341.546, 83
Trd, 2591342.896, 82
Trd, 2591343.463, 81
Trd, 2591343.846, 73
Trd, 2591344.129, 70
Trd, 2591344.279, 73
Trd, 2591345.446, 90
Trd, 2591345.763, 87
Trd, 2591346.929, 86
Trd, 2591347.479, 81
Trd, 2591347.513, 96
Trd, 2591348.963, 98
Trd, 2591348.979, 104
Trd, 2591349.329, 121
Trd, 2591350.696, 91
Trd, 2591350.879, 100
Trd, 2591351.313, 99
Trd, 2591351.596, 88
Trd, 2591353.629, 94
Trd, 2591354.696, 86
Trd, 2591354.813, 101
Trd, 2591354.963, 107
Trd, 2591355.496, 110
Trd, 2591356.563, 89
Trd, 2591358.429, 118
Trd, 2591358.529, 106
Trd, 2591358.596, 121
Trd, 2591359.113, 104
Trd, 2591359.296, 103
Trd, 2591360.246, 101
Trd, 2591360.363, 95
Trd, 2591361.579, 89
Trd, 2591362.146, 82
Trd, 2591363.146, 90
Trd, 2591364.929, 92
Trd, 2591364.996, 91
Trd, 2591365.413, 98
Trd, 2591365.846, 108
Trd, 2591366.963, 92
Trd, 2591367.579, 91
Trd, 2591369.596, 88
Trd, 2591370.729, 85
Trd, 2591371.013, 88
Trd, 2591371.679, 105
Trd, 2591371.746, 101
Trd, 2591371.929, 121
Trd, 2591371.996, 87
Trd, 2591372.429, 79
Trd, 2591374.246, 92
Trd, 2591374.429, 107
Trd, 2591374.663, 103
Trd, 2591376.563, 96
Trd, 2591377.246, 94
Trd, 2591378.363, 102
Trd, 2591378.746, 90
Trd, 2591379.296, 88
Trd, 2591379.546, 105
Trd, 2591380.246, 83
Trd, 2591380.546, 83
Trd, 2591380.946, 82
Trd, 2591381.329, 85
Trd, 2591381.713, 82
Trd, 2591381.746, 101
Trd, 2591382.563, 80
Trd, 2591383.813, 98
Trd, 2591385.063, 107
Trd, 2591385.346, 117
Trd, 2591386.079, 112
Trd, 2591386.446, 106
Trd, 2591387.179, 98
Trd, 2591387.379, 109
Trd, 2591389.296, 87
Trd, 2591389.413, 86
Trd, 2591389.679, 105
Trd, 2591391.163, 91
Trd, 2591392.129, 94
Trd, 2591394.479, 91
Trd, 2591395.179, 98
Trd, 2591395.296, 86
Trd, 2591396.813, 81
Trd, 2591397.113, 93
Trd, 2591397.379, 111
Trd, 2591397.696, 78
Trd, 2591398.379, 94
Trd, 2591399.479, 89
Trd, 2591399.829, 87
Trd, 2591400.646, 85
Trd, 2591400.713, 84
Trd, 2591401.379, 79
Trd, 2591401.596, 101
Trd, 2591402.029, 105
Trd, 2591402.129, 87
Trd, 2591403.163, 94
Trd, 2591403.379, 106
Trd, 2591404.429, 84
Trd, 2591404.446, 117
Trd, 2591405.146, 81
Trd, 2591405.713, 86
Trd, 2591406.013, 85
Trd, 2591407.096, 104
Trd, 2591407.763, 102
Trd, 2591407.879, 107
Trd, 2591409.163, 85
Trd, 2591409.846, 78
Trd, 2591410.629, 102
Trd, 2591410.929, 82
Trd, 2591411.579, 80
Trd, 2591412.879, 91
Trd, 2591413.829, 85
Trd, 2591415.079, 88
Trd, 2591415.646, 106
Trd, 2591416.279, 85
Trd, 2591416.363, 83
Trd, 2591419.729, 101
Trd, 2591419.879, 97
Trd, 2591419.979, 93
Trd, 2591420.346, 102
Trd, 2591420.429, 91
Trd, 2591421.229, 103
Trd, 2591421.579, 96
Trd, 2591421.846, 87
Trd, 2591422.046, 89
Trd, 2591422.363, 113
Trd, 2591423.479, 86
Trd, 2591424.129, 83
Trd, 2591424.613, 80
Trd, 2591425.413, 105
Trd, 2591425.646, 108
Trd, 2591427.496, 108
Trd, 2591427.529, 106
Trd, 2591427.913, 105
Trd, 2591428.013, 100
Trd, 2591428.763, 87
Trd, 2591429.796, 87
Trd, 2591430.446, 87
Trd, 2591431.113, 100
Trd, 2591431.613, 83
Trd, 2591432.163, 101
Trd, 2591432.379, 109
Trd, 2591432.479, 113
Trd, 2591433.179, 90
Trd, 2591434.863, 94
Trd, 2591434.996, 89
Trd, 2591436.013, 120
Trd, 2591436.663, 113
Trd, 2591437.363, 90
Trd, 2591437.879, 100
Trd, 2591438.646, 79
Trd, 2591440.429, 91
Trd, 2591440.629, 91
Trd, 2591440.729, 88
Trd, 2591441.596, 98
Trd, 2591442.029, 104
Trd, 2591442.379, 83
Trd, 2591442.546, 80
Trd, 2591443.079, 112
Trd, 2591443.363, 108
Trd, 2591444.346, 101
Trd, 2591445.946, 104
Trd, 2591446.663, 105
Trd, 2591446.963, 96
Trd, 2591447.446, 103
Trd, 2591449.913, 92
Trd, 2591449.996, 90
Trd, 2591450.496, 91
Trd, 2591451.046, 81
Trd, 2591451.496, 89
Trd, 2591452.296, 105
Trd, 2591452.713, 82
Trd, 2591453.863, 94
Trd, 2591454.029, 87
Trd, 2591454.713, 92
Trd, 2591454.913, 81
Trd, 2591456.513, 89
Trd, 2591457.113, 84
Trd, 2591457.413, 83
Trd, 2591458.529, 89
Trd, 2591458.746, 98
Trd, 2591459.863, 96
Trd, 2591460.779, 102
Trd, 2591461.529, 92
Trd, 2591461.896, 105
Trd, 2591462.263, 102
Trd, 2591462.729, 92
Trd, 2591462.763, 91
Trd, 2591463.313, 99
Trd, 2591463.679, 94
Trd, 2591464.013, 94
Trd, 2591464.563, 91
Trd, 2591464.696, 87
Trd, 2591468.029, 77
Trd, 2591468.913, 81
Trd, 2591469.496, 94
Trd, 2591471.796, 98
Trd, 2591472.129, 86
Trd, 2591472.413, 106
Trd, 2591473.279, 92
Trd, 2591473.396, 84
Trd, 2591473.546, 108
Trd, 2591473.779, 84
Trd, 2591474.163, 84
Trd, 2591474.813, 87
Trd, 2591475.129, 99
Trd, 2591475.696, 83
Trd, 2591477.429, 91
Trd, 2591477.979, 97
Trd, 2591479.863, 103
Trd, 2591480.196, 104
Trd, 2591480.913, 93
Trd, 2591481.663, 92
Trd, 2591481.896, 108
Trd, 2591482.896, 91
Trd, 2591483.246, 94
Trd, 2591485.096, 98
Trd, 2591485.229, 112
Trd, 2591485.696, 87
Trd, 2591486.079, 96
Trd, 2591486.196, 91
Trd, 2591486.263, 90
Trd, 2591487.046, 92
Trd, 2591487.279, 106
Trd, 2591489.646, 91
Trd, 2591489.979, 87
Trd, 2591493.079, 103
Trd, 2591493.429, 103
Trd, 2591493.496, 99
Trd, 2591493.546, 114
Trd, 2591493.613, 99
Trd, 2591493.979, 89
Trd, 2591496.513, 85
Trd, 2591496.529, 107
Trd, 2591498.296, 98
Trd, 2591499.313, 95
Trd, 2591500.613, 108
Trd, 2591501.013, 103
Trd, 2591501.029, 110
Trd, 2591501.113, 114
Trd, 2591501.379, 98
Trd, 2591504.596, 97
Trd, 2591504.963, 91
Trd, 2591505.379, 89
Trd, 2591505.946, 98
Trd, 2591505.996, 80
Trd, 2591508.179, 93
Trd, 2591510.696, 103
Trd, 2591510.746, 102
Trd, 2591511.229, 100
Trd, 2591512.279, 104
Trd, 2591512.346, 100
Trd, 2591512.429, 110
Trd, 2591513.279, 97
Trd, 2591515.146, 95
Trd, 2591517.496, 102
Trd, 2591517.946, 92
Trd, 2591518.013, 91
Trd, 2591518.713, 91
Trd, 2591518.896, 89
Trd, 2591518.929, 86
Trd, 2591519.063, 85
Trd, 2591519.263, 81
Trd, 2591520.396, 90
Trd, 2591521.446, 88
Trd, 2591522.613, 111
Trd, 2591522.913, 83
Trd, 2591522.946, 91
Trd, 2591523.746, 109
Trd, 2591524.313, 114
Trd, 2591524.396, 118
Trd, 2591524.796, 121
Trd, 2591526.013, 98
Trd, 2591526.979, 98
Trd, 2591527.246, 103
Trd, 2591527.313, 95
Trd, 2591529.946, 89
Trd, 2591531.046, 90
Trd, 2591531.246, 85
Trd, 2591531.479, 92
Trd, 2591531.729, 90
Trd, 2591532.113, 91
Trd, 2591532.413, 81
Trd, 2591533.746, 94
Trd, 2591534.413, 100
Trd, 2591534.696, 108
Trd, 2591535.596, 112
Trd, 2591537.096, 113
Trd, 2591537.196, 88
Trd, 2591538.046, 88
Trd, 2591539.363, 97
Trd, 2591539.413, 89
Trd, 2591540.063, 101
Trd, 2591540.779, 87
Trd, 2591541.329, 88
Trd, 2591541.363, 87
Trd, 2591542.279, 97
Trd, 2591542.663, 94
Trd, 2591543.263, 79
Trd, 2591544.146, 97
Trd, 2591544.746, 85
Trd, 2591545.413, 96
Trd, 2591546.296, 93
Trd, 2591546.479, 105
Trd, 2591546.529, 93
Trd, 2591547.679, 103
Trd, 2591548.746, 109
Trd, 2591549.079, 107
Trd, 2591549.396, 101
Trd, 2591550.263, 89
Trd, 2591551.796, 79
Trd, 2591552.079, 78
Trd, 2591552.496, 104
Trd, 2591552.529, 115
Trd, 2591555.563, 109
Trd, 2591555.629, 107
Trd, 2591555.763, 95
Trd, 2591555.896, 110
Trd, 2591556.113, 121
Trd, 2591556.963, 112
Trd, 2591558.229, 100
Trd, 2591559.713, 97
Trd, 2591560.163, 92
Trd, 2591560.779, 90
Trd, 2591560.796, 88
Trd, 2591561.646, 82
Trd, 2591561.863, 91
Trd, 2591563.346, 82
Trd, 2591564.663, 87
Trd, 2591564.829, 83
Trd, 2591564.846, 98
Trd, 2591566.496, 105
Trd, 2591566.979, 86
Trd, 2591567.446, 85
Trd, 2591567.479, 106
Trd, 2591569.113, 90
Trd, 2591569.929, 92
Trd, 2591570.046, 89
Trd, 2591570.263, 84
Trd, 2591571.596, 95
Trd, 2591571.879, 91
Trd, 2591572.479, 84
Trd, 2591573.479, 106
Trd, 2591576.696, 88
Trd, 2591577.029, 85
Trd, 2591577.196, 83
Trd, 2591577.396, 93
Trd, 2591577.479, 108
Trd, 2591578.063, 109
Trd, 2591578.613, 85
Trd, 2591580.279, 87
Trd, 2591580.513, 117
Trd, 2591580.896, 86
Trd, 2591582.429, 91
Trd, 2591582.579, 104
Trd, 2591583.646, 102
Trd, 2591583.829, 101
Trd, 2591583.896, 87
Trd, 2591584.596, 114
Trd, 2591584.929, 87
Trd, 2591586.946, 92
Trd, 2591587.179, 108
Trd, 2591587.363, 115
Trd, 2591587.829, 99
Trd, 2591588.096, 86
Trd, 2591588.479, 92
Trd, 2591589.596, 101
Trd, 2591590.896, 86
Trd, 2591592.729, 88
Trd, 2591593.063, 87
Trd, 2591593.296, 84
Trd, 2591593.696, 89
Trd, 2591594.729, 83
Trd, 2591594.946, 99
Trd, 2591595.979, 105
Trd, 2591596.563, 86
Trd, 2591596.896, 87
Trd, 2591598.113, 93
Trd, 2591598.296, 93
Trd, 2591598.579, 85
Trd, 2591598.779, 105
Trd, 2591600.746, 91
Trd, 2591600.879, 99
Trd, 2591601.113, 90
Trd, 2591602.763, 82
Trd, 2591602.946, 89
Trd, 2591603.813, 84
Trd, 2591605.113, 102
Trd, 2591605.846, 109
Trd, 2591605.913, 82
Trd, 2591607.079, 111
Trd, 2591607.363, 103
Trd, 2591608.146, 101
Trd, 2591608.163, 90
Trd, 2591608.446, 121
Trd, 2591609.713, 105
Trd, 2591609.779, 93
Trd, 2591610.629, 94
Trd, 2591611.046, 89
Trd, 2591611.629, 88
Trd, 2591612.063, 85
Trd, 2591612.313, 81
Trd, 2591612.663, 84
Trd, 2591616.846, 95
Trd, 2591616.863, 98
Trd, 2591618.013, 100
Trd, 2591619.146, 89
Trd, 2591619.196, 91
Trd, 2591619.963, 89
Trd, 2591620.579, 103
Trd, 2591621.229, 101
Trd, 2591621.346, 113
Trd, 2591622.046, 95
Trd, 2591623.096, 102
Trd, 2591623.129, 108
Trd, 2591623.296, 91
Trd, 2591624.813, 92
Trd, 2591626.713, 87
Trd, 2591626.796, 84
Trd, 2591627.796, 95
Trd, 2591629.213, 95
Trd, 2591629.413, 98
Trd, 2591630.946, 89
Trd, 2591632.096, 98
Trd, 2591632.796, 95
Trd, 2591633.263, 88
Trd, 2591633.713, 106
Trd, 2591633.829, 90
Trd, 2591634.063, 88
Trd, 2591634.313, 91
Trd, 2591634.329, 116
Trd, 2591634.563, 84
Trd, 2591635.396, 96
Trd, 2591636.046, 107
Trd, 2591638.346, 87
Trd, 2591638.679, 98
Trd, 2591638.813, 86
Trd, 2591639.196, 85
Trd, 2591639.379, 80
Trd, 2591640.063, 90
Trd, 2591640.696, 99
Trd, 2591642.029, 94
Trd, 2591643.029, 96
Trd, 2591643.679, 102
Trd, 2591643.996, 94
Trd, 2591644.379, 108
Trd, 2591645.879, 105
Trd, 2591646.329, 95
Trd, 2591647.379, 96
Trd, 2591648.463, 91
Trd, 2591649.529, 93
Trd, 2591650.146, 87
Trd, 2591650.413, 106
Trd, 2591650.663, 81
Trd, 2591650.863, 89
Trd, 2591650.879, 81
Trd, 2591652.013, 88
Trd, 2591652.479, 87
Trd, 2591653.063, 90
Trd, 2591653.279, 85
Trd, 2591653.779, 81
Trd, 2591654.363, 107
Trd, 2591656.029, 91
Trd, 2591656.213, 87
Trd, 2591656.513, 105
Trd, 2591656.996, 98
Trd, 2591657.279, 87
Trd, 2591659.929, 99
Trd, 2591660.346, 95
Trd, 2591660.779, 94
Trd, 2591661.796, 93
Trd, 2591662.479, 93
Trd, 2591662.913, 105
Trd, 2591663.496, 89
Trd, 2591663.579, 82
Trd, 2591663.929, 116
Trd, 2591664.246, 96
Trd, 2591664.963, 84
Trd, 2591665.396, 90
Trd, 2591666.196, 86
Trd, 2591666.263, 82
Trd, 2591666.779, 87
Trd, 2591667.496, 89
Trd, 2591668.679, 87
Trd, 2591668.846, 99
Trd, 2591669.896, 86
Trd, 2591670.713, 86
Trd, 2591672.546, 89
Trd, 2591672.713, 82
Trd, 2591673.229, 98
Trd, 2591673.829, 107
Trd, 2591674.313, 88
Trd, 2591675.379, 84
Trd, 2591678.546, 94
Trd, 2591679.163, 92
Trd, 2591679.413, 98
Trd, 2591679.713, 91
Trd, 2591679.763, 113
Trd, 2591679.829, 90
Trd, 2591679.946, 89
Trd, 2591680.646, 109
Trd, 2591680.846, 100
Trd, 2591680.946, 91
Trd, 2591683.913, 102
Trd, 2591685.263, 105
Trd, 2591686.246, 97
Trd, 2591686.513, 112
Trd, 2591687.246, 106
Trd, 2591688.379, 104
Trd, 2591688.563, 86
Trd, 2591689.129, 90
Trd, 2591690.713, 100
Trd, 2591691.196, 88
Trd, 2591691.296, 88
Trd, 2591691.363, 86
Trd, 2591691.413, 84
Trd, 2591691.779, 120
Trd, 2591692.679, 93
Trd, 2591692.896, 101
Trd, 2591693.413, 107
Trd, 2591693.446, 92
Trd, 2591693.879, 86
Trd, 2591694.946, 82
Trd, 2591696.263, 95
Trd, 2591696.713, 91
Trd, 2591697.879, 93
Trd, 2591698.129, 92
Trd, 2591698.996, 98
Trd, 2591699.729, 102
Trd, 2591700.063, 90
Trd, 2591700.346, 105
Trd, 2591700.379, 89
Trd, 2591701.346, 104
Trd, 2591702.163, 88
Trd, 2591702.313, 88
Trd, 2591703.679, 81
Trd, 2591704.613, 91
Trd, 2591706.029, 96
Trd, 2591706.696, 89
Trd, 2591707.629, 103
Trd, 2591707.713, 91
Trd, 2591707.963, 90
Trd, 2591708.979, 93
Trd, 2591709.646, 112
Trd, 2591709.779, 91
Trd, 2591710.413, 102
Trd, 2591711.246, 97
Trd, 2591712.313, 105
Trd, 2591712.863, 88
Trd, 2591713.979, 88
Trd, 2591714.696, 89
Trd, 2591714.863, 94
Trd, 2591715.763, 96
Trd, 2591715.863, 96
Trd, 2591717.563, 101
Trd, 2591718.129, 88
Trd, 2591718.229, 85
Trd, 2591718.413, 91
Trd, 2591719.463, 87
Trd, 2591720.679, 91
Trd, 2591721.163, 94
Trd, 2591721.779, 86
Trd, 2591725.513, 87
Trd, 2591725.763, 86
Trd, 2591726.013, 98
Trd, 2591726.079, 82
Trd, 2591726.429, 101
Trd, 2591726.546, 88
Trd, 2591726.629, 81
Trd, 2591728.113, 88
Trd, 2591728.813, 100
Trd, 2591729.579, 90
Trd, 2591729.763, 88
Trd, 2591732.913, 98
Trd, 2591733.579, 100
Trd, 2591734.013, 105
Trd, 2591734.163, 91
Trd, 2591734.446, 90
Trd, 2591735.913, 88
Trd, 2591736.829, 106
Trd, 2591737.496, 105
Trd, 2591737.529, 102
Trd, 2591738.479, 83
Trd, 2591738.913, 79
Trd, 2591739.096, 100
Trd, 2591739.363, 107
Trd, 2591741.046, 93
Trd, 2591741.496, 117
Trd, 2591741.963, 92
Trd, 2591741.996, 87
Trd, 2591742.929, 98
Trd, 2591743.246, 97
Trd, 2591743.429, 111
Trd, 2591743.446, 91
Trd, 2591744.379, 93
Trd, 2591744.713, 92
Trd, 2591745.929, 88
Trd, 2591746.046, 111
Trd, 2591746.329, 87
Trd, 2591746.779, 79
Trd, 2591748.229, 77
Trd, 2591748.313, 98
Trd, 2591748.646, 74
Trd, 2591748.996, 70
Trd, 2591750.313, 77
Trd, 2591750.396, 101
Trd, 2591751.046, 92
Trd, 2591751.713, 103
Trd, 2591752.996, 101
Trd, 2591753.046, 106
Trd, 2591753.513, 98
Trd, 2591753.796, 85
Trd, 2591754.646, 83
Trd, 2591755.046, 114
Trd, 2591755.229, 87
Trd, 2591755.729, 121
Trd, 2591757.346, 84
Trd, 2591758.796, 88
Trd, 2591758.863, 86
Trd, 2591759.096, 95
Trd, 2591760.713, 83
Trd, 2591760.779, 81
Trd, 2591761.813, 80
Trd, 2591762.129, 98
Trd, 2591762.813, 106
Trd, 2591762.863, 103
Trd, 2591762.913, 92
Trd, 2591763.146, 90
Trd, 2591763.413, 89
Trd, 2591763.496, 88
Trd, 2591766.846, 89
Trd, 2591767.429, 83
Trd, 2591767.479, 91
Trd, 2591767.629, 98
Trd, 2591768.346, 84
Trd, 2591768.463, 121
Trd, 2591769.279, 91
Trd, 2591769.863, 119
Trd, 2591773.363, 102
Trd, 2591773.646, 107
Trd, 2591773.696, 93
Trd, 2591775.979, 93
Trd, 2591777.313, 95
Trd, 2591777.613, 115
Trd, 2591778.263, 103
Trd, 2591778.529, 97
Trd, 2591778.579, 98
Trd, 2591778.713, 99
Trd, 2591779.346, 96
Trd, 2591779.779, 93
Trd, 2591779.796, 93
Trd, 2591779.846, 97
Trd, 2591781.213, 89
Trd, 2591781.563, 83
Trd, 2591781.579, 83
Trd, 2591781.979, 85
Trd, 2591783.563, 101
Trd, 2591786.379, 97
Trd, 2591786.746, 91
Trd, 2591786.996, 87
Trd, 2591788.329, 88
Trd, 2591790.213, 95
Trd, 2591790.346, 98
Trd, 2591791.479, 105
Trd, 2591791.796, 86
Trd, 2591792.246, 96
Trd, 2591792.413, 84
Trd, 2591792.613, 82
Trd, 2591793.679, 92
Trd, 2591794.479, 81
Trd, 2591795.696, 122
Trd, 2591796.113, 90
Trd, 2591798.029, 91
Trd, 2591798.096, 89
Trd, 2591799.429, 86
Trd, 2591800.663, 88
Trd, 2591801.079, 106
Trd, 2591801.946, 86
Trd, 2591802.479, 81
Trd, 2591803.013, 91
Trd, 2591803.413, 98
Trd, 2591803.613, 85
Trd, 2591803.929, 97
Trd, 2591804.196, 96
Trd, 2591804.246, 110
Trd, 2591805.213, 99
Trd, 2591805.413, 98
Trd, 2591806.029, 106
Trd, 2591806.713, 87
Trd, 2591807.279, 85
Trd, 2591807.379, 87
Trd, 2591808.363, 104
Trd, 2591808.913, 77
Trd, 2591809.863, 88
Trd, 2591810.346, 78
Trd, 2591810.896, 94
Trd, 2591811.663, 78
Trd, 2591811.763, 76
Trd, 2591812.546, 105
Trd, 2591812.979, 88
Trd, 2591814.579, 84
Trd, 2591815.879, 94
Trd, 2591816.329, 101
Trd, 2591816.379, 101
Trd, 2591817.013, 90
Trd, 2591817.663, 89
Trd, 2591818.196, 111
Trd, 2591819.263, 81
Trd, 2591819.813, 78
Trd, 2591820.329, 90
Trd, 2591820.396, 106
Trd, 2591820.479, 86
Trd, 2591821.213, 92
Trd, 2591822.396, 90
Trd, 2591823.296, 87
Trd, 2591823.396, 90
Trd, 2591823.996, 86
Trd, 2591824.863, 81
Trd, 2591825.029, 84
Trd, 2591826.879, 90
Trd, 2591826.929, 107
Trd, 2591828.096, 98
Trd, 2591828.329, 93
Trd, 2591828.729, 112
Trd, 2591829.079, 87
Trd, 2591830.096, 87
Trd, 2591831.496, 96
Trd, 2591832.096, 89
Trd, 2591832.279, 87
Trd, 2591832.929, 85
Trd, 2591833.179, 93
Trd, 2591833.213, 96
Trd, 2591835.429, 98
Trd, 2591835.979, 102
Trd, 2591836.163, 108
Trd, 2591836.863, 90
Trd, 2591837.179, 89
Trd, 2591837.946, 87
Trd, 2591838.296, 79
Trd, 2591839.113, 81
Trd, 2591839.413, 92
Trd, 2591839.879, 93
Trd, 2591841.079, 84
Trd, 2591841.196, 83
Trd, 2591841.913, 87
Trd, 2591843.146, 103
Trd, 2591843.846, 94
Trd, 2591844.129, 109
Trd, 2591845.896, 95
Trd, 2591846.379, 97
Trd, 2591846.679, 94
Trd, 2591846.863, 88
Trd, 2591848.063, 100
Trd, 2591848.746, 108
Trd, 2591849.596, 92
Trd, 2591849.863, 94
Trd, 2591850.829, 91
Trd, 2591851.079, 91
Trd, 2591852.096, 93
Trd, 2591853.379, 97
Trd, 2591853.963, 107
Trd, 2591854.913, 86
Trd, 2591855.129, 106
Trd, 2591855.729, 91
Trd, 2591856.529, 86
Trd, 2591858.396, 79
Trd, 2591858.513, 95
Trd, 2591858.879, 79
Trd, 2591860.129, 84
Trd, 2591860.813, 98
Trd, 2591861.863, 90
Trd, 2591862.479, 96
Trd, 2591863.929, 97
Trd, 2591863.979, 92
Trd, 2591864.129, 91
Trd, 2591864.496, 95
Trd, 2591864.763, 93
Trd, 2591864.829, 88
Trd, 2591867.696, 94
Trd, 2591867.746, 104
Trd, 2591867.813, 83
Trd, 2591868.196, 109
Trd, 2591869.146, 89
Trd, 2591869.313, 88
Trd, 2591871.146, 92
Trd, 2591871.446, 91
Trd, 2591871.896, 79
Trd, 2591873.313, 91
Trd, 2591873.896, 96
Trd, 2591875.196, 95
Trd, 2591875.413, 93
Trd, 2591876.129, 97
Trd, 2591877.229, 104
Trd, 2591877.413, 104
Trd, 2591878.646, 94
Trd, 2591879.246, 87
Trd, 2591881.029, 92
Trd, 2591881.196, 91
Trd, 2591881.229, 87
Trd, 2591881.579, 89
Trd, 2591881.646, 81
Trd, 2591882.629, 71
Trd, 2591882.979, 81
Trd, 2591883.596, 105
Trd, 2591883.879, 105
Trd, 2591884.579, 96
Trd, 2591885.429, 96
Trd, 2591886.063, 106
Trd, 2591887.629, 111
Trd, 2591889.529, 100
Trd, 2591889.579, 99
Trd, 2591890.813, 116
Trd, 2591891.196, 105
Trd, 2591891.263, 104
Trd, 2591891.563, 106
Trd, 2591892.779, 87
Trd, 2591892.829, 110
Trd, 2591893.229, 93
Trd, 2591893.879, 87
Trd, 2591894.413, 94
Trd, 2591894.646, 111
Trd, 2591894.796, 82
Trd, 2591897.213, 88
Trd, 2591897.379, 113
Trd, 2591898.796, 120
Trd, 2591899.996, 98
Trd, 2591900.046, 102
Trd, 2591900.179, 96
Trd, 2591900.379, 89
Trd, 2591901.729, 84
Trd, 2591902.179, 90
Trd, 2591903.946, 87
Trd, 2591904.113, 84
Trd, 2591904.629, 85
Trd, 2591904.996, 86
Trd, 2591906.079, 86
Trd, 2591906.113, 82
Trd, 2591907.946, 81
Trd, 2591909.379, 97
Trd, 2591909.913, 92
Trd, 2591910.463, 83
Trd, 2591910.613, 98
Trd, 2591911.613, 87
Trd, 2591911.679, 86
Trd, 2591911.829, 106
Trd, 2591912.013, 107
Trd, 2591913.113, 108
Trd, 2591913.163, 88
Trd, 2591913.429, 87
Trd, 2591914.813, 84
Trd, 2591917.163, 99
Trd, 2591917.396, 84
Trd, 2591918.813, 96
Trd, 2591919.096, 78
Trd, 2591920.296, 80
Trd, 2591920.313, 84
Trd, 2591921.529, 98
Trd, 2591921.796, 107
Trd, 2591922.113, 85
Trd, 2591922.296, 116
Trd, 2591922.763, 85
Trd, 2591923.146, 93
Trd, 2591923.779, 93
Trd, 2591923.929, 88
Trd, 2591924.363, 79
Trd, 2591925.846, 82
Trd, 2591925.946, 117
Trd, 2591926.313, 79
Trd, 2591926.863, 91
Trd, 2591926.996, 87
Trd, 2591927.896, 118
Trd, 2591928.329, 78
Trd, 2591929.129, 96
Trd, 2591931.713, 92
Trd, 2591931.796, 93
Trd, 2591932.279, 87
Trd, 2591932.496, 87
Trd, 2591933.479, 87
Trd, 2591933.729, 85
Trd, 2591934.396, 94
Trd, 2591935.196, 95
Trd, 2591935.563, 92
Trd, 2591935.613, 98
Trd, 2591935.813, 89
Trd, 2591937.563, 81
Trd, 2591939.646, 98
Trd, 2591939.779, 93
Trd, 2591940.813, 100
Trd, 2591940.913, 107
Trd, 2591941.363, 101
Trd, 2591941.379, 110
Trd, 2591941.479, 90
Trd, 2591941.963, 94
Trd, 2591944.246, 100
Trd, 2591945.579, 100
Trd, 2591945.913, 99
Trd, 2591946.596, 103
Trd, 2591946.746, 105
Trd, 2591947.046, 121
Trd, 2591947.729, 94
Trd, 2591949.129, 97
Trd, 2591949.263, 91
Trd, 2591949.346, 88
Trd, 2591949.429, 87
Trd, 2591950.646, 98
Trd, 2591952.996, 100
Trd, 2591953.529, 90
Trd, 2591953.679, 85
Trd, 2591954.213, 107
Trd, 2591954.729, 84
Trd, 2591954.746, 78
Trd, 2591955.863, 78
Trd, 2591956.296, 107
Trd, 2591957.079, 86
Trd, 2591957.346, 92
Trd, 2591957.829, 79
Trd, 2591958.979, 79
Trd, 2591959.196, 108
Trd, 2591959.596, 92
Trd, 2591959.979, 93
Trd, 2591960.029, 76
Trd, 2591964.079, 88
Trd, 2591964.179, 90
Trd, 2591964.713, 91
Trd, 2591965.263, 93
Trd, 2591966.013, 90
Trd, 2591967.529, 90
Trd, 2591968.113, 90
Trd, 2591968.263, 98
Trd, 2591968.546, 88
Trd, 2591969.196, 96
Trd, 2591970.063, 94
Trd, 2591971.579, 100
Trd, 2591971.846, 97
Trd, 2591972.179, 93
Trd, 2591972.263, 102
Trd, 2591972.313, 106
Trd, 2591973.029, 106
Trd, 2591973.429, 97
Trd, 2591973.546, 90
Trd, 2591974.429, 110
Trd, 2591975.013, 110
Trd, 2591975.313, 107
Trd, 2591975.329, 114
Trd, 2591975.529, 101
Trd, 2591976.729, 89
Trd, 2591976.896, 88
Trd, 2591977.013, 87
Trd, 2591977.046, 81
Trd, 2591977.429, 86
Trd, 2591977.596, 77
Trd, 2591977.996, 88
Trd, 2591980.246, 94
Trd, 2591980.513, 106
Trd, 2591980.546, 79
Trd, 2591983.096, 93
Trd, 2591984.046, 94
Trd, 2591984.696, 100
Trd, 2591985.613, 108
Trd, 2591987.113, 90
Trd, 2591987.863, 89
Trd, 2591989.079, 83
Trd, 2591989.113, 81
Trd, 2591989.413, 93
Trd, 2591989.479, 98
Trd, 2591990.229, 87
Trd, 2591990.713, 92
Trd, 2591991.146, 105
Trd, 2591991.179, 101
Trd, 2591991.479, 104
Trd, 2591994.229, 91
Trd, 2591994.679, 86
Trd, 2591995.196, 86
Trd, 2591996.496, 93
Trd, 2591997.079, 99
Trd, 2591997.146, 91
Trd, 2591997.346, 90
Trd, 2591997.496, 104
Trd, 2591997.563, 93
Trd, 2591998.296, 95
Trd, 2591998.979, 86
