Trd, 2590654.929, 107
Trd, 2590655.163, 103
Trd, 2590656.279, 101
Trd, 2590656.696, 98
Trd, 2590656.746, 114
Trd, 2590657.113, 90
Trd, 2590658.246, 112
Trd, 2590658.829, 121
Trd, 2590658.846, 118
Trd, 2590659.579, 90
Trd, 2590660.146, 97
Trd, 2590660.946, 77
Trd, 2590661.079, 85
Trd, 2590661.679, 84
Trd, 2590661.963, 79
Trd, 2590664.896, 118
Trd, 2590665.396, 90
Trd, 2590666.746, 89
Trd, 2590667.113, 92
Trd, 2590667.129, 84
Trd, 2590667.429, 125
Trd, 2590668.729, 106
Trd, 2590669.146, 98
Trd, 2590670.179, 100
Trd, 2590670.546, 109
Trd, 2590671.196, 96
Trd, 2590671.279, 96
Trd, 2590671.913, 92
Trd, 2590672.179, 113
Trd, 2590673.679, 113
Trd, 2590673.979, 112
Trd, 2590674.063, 108
Trd, 2590674.779, 118
Trd, 2590674.813, 105
Trd, 2590675.313, 98
Trd, 2590675.896, 116
Trd, 2590676.113, 126
Trd, 2590677.113, 91
Trd, 2590677.429, 107
Trd, 2590677.913, 84
Trd, 2590678.496, 105
Trd, 2590679.696, 93
Trd, 2590680.246, 99
Trd, 2590680.929, 111
Trd, 2590680.996, 119
Trd, 2590682.663, 118
Trd, 2590683.763, 112
Trd, 2590683.813, 109
Trd, 2590685.229, 100
Trd, 2590686.779, 108
Trd, 2590687.079, 127
Trd, 2590688.296, 109
Trd, 2590688.313, 130
Trd, 2590688.613, 94
Trd, 2590689.796, 91
Trd, 2590690.263, 91
Trd, 2590691.013, 97
Trd, 2590691.046, 110
Trd, 2590691.663, 111
Trd, 2590691.713, 96
Trd, 2590691.796, 94
Trd, 2590691.929, 92
Trd, 2590692.413, 92
Trd, 2590692.529, 97
Trd, 2590692.646, 91
Trd, 2590692.713, 115
Trd, 2590693.863, 115
Trd, 2590694.713, 91
Trd, 2590695.479, 115
Trd, 2590697.546, 97
Trd, 2590699.846, 97
Trd, 2590700.179, 105
Trd, 2590700.846, 109
Trd, 2590701.396, 106
Trd, 2590703.646, 94
Trd, 2590704.663, 108
Trd, 2590705.379, 97
Trd, 2590706.029, 94
Trd, 2590706.046, 92
Trd, 2590706.096, 103
Trd, 2590707.179, 100
Trd, 2590707.746, 92
Trd, 2590708.129, 113
Trd, 2590708.346, 94
Trd, 2590710.113, 91
Trd, 2590712.179, 106
Trd, 2590712.946, 110
Trd, 2590713.613, 110
Trd, 2590713.879, 106
Trd, 2590714.096, 99
Trd, 2590714.296, 93
Trd, 2590715.163, 116
Trd, 2590715.246, 89
Trd, 2590715.363, 88
Trd, 2590715.696, 118
Trd, 2590716.513, 112
Trd, 2590717.263, 99
Trd, 2590718.179, 110
Trd, 2590718.613, 103
Trd, 2590720.379, 92
Trd, 2590720.596, 91
Trd, 2590721.263, 92
Trd, 2590722.096, 106
Trd, 2590722.279, 88
Trd, 2590722.779, 82
Trd, 2590724.446, 88
Trd, 2590725.413, 91
Trd, 2590727.796, 91
Trd, 2590728.413, 105
Trd, 2590728.929, 93
Trd, 2590729.746, 107
Trd, 2590730.363, 105
Trd, 2590730.413, 114
Trd, 2590733.763, 104
Trd, 2590734.229, 96
Trd, 2590734.596, 95
Trd, 2590735.129, 91
Trd, 2590736.513, 93
Trd, 2590737.413, 98
Trd, 2590737.579, 97
Trd, 2590738.246, 108
Trd, 2590738.896, 94
Trd, 2590739.546, 88
Trd, 2590740.163, 115
Trd, 2590740.196, 109
Trd, 2590740.746, 85
Trd, 2590741.696, 99
Trd, 2590742.796, 95
Trd, 2590743.179, 102
Trd, 2590744.396, 108
Trd, 2590744.446, 121
Trd, 2590746.296, 92
Trd, 2590746.413, 116
Trd, 2590746.979, 104
Trd, 2590747.196, 92
Trd, 2590747.229, 91
Trd, 2590747.596, 90
Trd, 2590749.196, 98
Trd, 2590750.646, 93
Trd, 2590750.813, 91
Trd, 2590751.163, 90
Trd, 2590751.363, 115
Trd, 2590751.513, 115
Trd, 2590751.829, 117
Trd, 2590752.079, 92
Trd, 2590752.396, 101
Trd, 2590752.813, 106
Trd, 2590755.229, 120
Trd, 2590755.579, 96
Trd, 2590755.629, 96
Trd, 2590756.579, 118
Trd, 2590758.713, 94
Trd, 2590759.296, 110
Trd, 2590759.946, 86
Trd, 2590760.179, 91
Trd, 2590760.296, 115
Trd, 2590761.496, 122
Trd, 2590762.579, 108
Trd, 2590762.746, 91
Trd, 2590763.396, 92
Trd, 2590763.413, 91
Trd, 2590764.713, 99
Trd, 2590765.113, 97
Trd, 2590765.779, 106
Trd, 2590766.096, 105
Trd, 2590766.429, 96
Trd, 2590767.796, 84
Trd, 2590768.646, 92
Trd, 2590769.546, 94
Trd, 2590770.063, 94
Trd, 2590770.129, 81
Trd, 2590771.479, 112
Trd, 2590772.179, 115
Trd, 2590773.096, 104
Trd, 2590773.113, 104
Trd, 2590773.796, 101
Trd, 2590774.463, 97
Trd, 2590774.863, 111
Trd, 2590774.996, 97
Trd, 2590775.963, 97
Trd, 2590776.163, 95
Trd, 2590777.513, 111
Trd, 2590779.129, 109
Trd, 2590779.996, 99
Trd, 2590780.196, 93
Trd, 2590781.113, 109
Trd, 2590781.713, 108
Trd, 2590782.629, 118
Trd, 2590784.579, 96
Trd, 2590784.846, 97
Trd, 2590785.246, 92
Trd, 2590785.629, 96
Trd, 2590787.929, 114
Trd, 2590787.979, 105
Trd, 2590789.429, 105
Trd, 2590789.729, 104
Trd, 2590790.179, 102
Trd, 2590791.379, 106
Trd, 2590791.596, 96
Trd, 2590792.213, 93
Trd, 2590792.679, 93
Trd, 2590792.979, 91
Trd, 2590793.446, 89
Trd, 2590794.129, 114
Trd, 2590794.629, 112
Trd, 2590795.046, 98
Trd, 2590795.163, 113
Trd, 2590796.163, 92
Trd, 2590796.213, 92
Trd, 2590796.379, 125
Trd, 2590797.296, 102
Trd, 2590798.796, 114
Trd, 2590799.813, 92
Trd, 2590801.379, 111
Trd, 2590801.863, 91
Trd, 2590802.729, 93
Trd, 2590803.496, 88
Trd, 2590803.963, 104
Trd, 2590804.596, 89
Trd, 2590804.813, 114
Trd, 2590805.663, 95
Trd, 2590806.063, 89
Trd, 2590806.879, 118
Trd, 2590807.446, 112
Trd, 2590808.796, 108
Trd, 2590809.079, 101
Trd, 2590809.913, 105
Trd, 2590810.929, 97
Trd, 2590812.646, 92
Trd, 2590814.079, 95
Trd, 2590814.546, 96
Trd, 2590814.779, 95
Trd, 2590815.229, 92
Trd, 2590815.379, 115
Trd, 2590816.713, 96
Trd, 2590817.113, 93
Trd, 2590817.446, 115
Trd, 2590817.613, 93
Trd, 2590818.229, 122
Trd, 2590818.279, 126
Trd, 2590818.596, 96
Trd, 2590820.663, 101
Trd, 2590820.963, 114
Trd, 2590821.379, 120
Trd, 2590821.596, 118
Trd, 2590822.963, 91
Trd, 2590824.013, 81
Trd, 2590825.196, 105
Trd, 2590825.646, 106
Trd, 2590826.229, 87
Trd, 2590826.413, 92
Trd, 2590828.429, 95
Trd, 2590829.246, 95
Trd, 2590830.029, 92
Trd, 2590830.129, 110
Trd, 2590830.879, 115
Trd, 2590831.079, 117
Trd, 2590831.463, 91
Trd, 2590831.963, 103
Trd, 2590832.263, 94
Trd, 2590832.979, 92
Trd, 2590834.046, 81
Trd, 2590834.279, 118
Trd, 2590836.096, 91
Trd, 2590836.446, 98
Trd, 2590837.129, 104
Trd, 2590838.429, 100
Trd, 2590839.229, 110
Trd, 2590839.746, 97
Trd, 2590840.246, 112
Trd, 2590840.546, 114
Trd, 2590840.696, 120
Trd, 2590843.413, 115
Trd, 2590843.596, 128
Trd, 2590843.613, 102
Trd, 2590844.179, 103
Trd, 2590845.346, 99
Trd, 2590845.796, 93
Trd, 2590847.396, 100
Trd, 2590847.746, 96
Trd, 2590848.513, 93
Trd, 2590848.813, 113
Trd, 2590849.063, 91
Trd, 2590849.196, 91
Trd, 2590850.079, 87
Trd, 2590850.113, 86
Trd, 2590850.346, 109
Trd, 2590851.463, 114
Trd, 2590852.113, 86
Trd, 2590852.513, 81
Trd, 2590852.913, 80
Trd, 2590855.913, 86
Trd, 2590856.229, 85
Trd, 2590857.613, 90
Trd, 2590858.063, 103
Trd, 2590859.263, 101
Trd, 2590859.413, 106
Trd, 2590860.163, 109
Trd, 2590860.496, 100
Trd, 2590861.229, 113
Trd, 2590861.679, 96
Trd, 2590862.379, 99
Trd, 2590862.479, 93
Trd, 2590863.129, 97
Trd, 2590864.629, 96
Trd, 2590866.146, 108
Trd, 2590866.279, 109
Trd, 2590866.763, 112
Trd, 2590867.696, 109
Trd, 2590868.513, 113
Trd, 2590869.046, 107
Trd, 2590870.279, 118
Trd, 2590870.779, 112
Trd, 2590870.996, 109
Trd, 2590871.429, 125
Trd, 2590873.046, 108
Trd, 2590873.246, 107
Trd, 2590873.546, 114
Trd, 2590873.729, 123
Trd, 2590875.863, 101
Trd, 2590876.679, 113
Trd, 2590877.479, 97
Trd, 2590878.279, 95
Trd, 2590878.413, 115
Trd, 2590878.513, 108
Trd, 2590878.646, 92
Trd, 2590879.079, 128
Trd, 2590880.279, 98
Trd, 2590880.629, 114
Trd, 2590881.879, 112
Trd, 2590882.779, 107
Trd, 2590883.929, 105
Trd, 2590884.013, 104
Trd, 2590885.279, 101
Trd, 2590885.363, 99
Trd, 2590885.413, 98
Trd, 2590887.029, 95
Trd, 2590887.546, 110
Trd, 2590887.796, 98
Trd, 2590888.246, 93
Trd, 2590888.313, 108
Trd, 2590889.013, 91
Trd, 2590889.596, 90
Trd, 2590889.796, 102
Trd, 2590890.546, 97
Trd, 2590891.279, 100
Trd, 2590891.579, 94
Trd, 2590892.979, 83
Trd, 2590893.746, 82
Trd, 2590895.029, 81
Trd, 2590895.663, 115
Trd, 2590895.813, 93
Trd, 2590898.163, 115
Trd, 2590898.496, 108
Trd, 2590898.696, 110
Trd, 2590899.179, 101
Trd, 2590899.379, 100
Trd, 2590899.646, 119
Trd, 2590902.329, 96
Trd, 2590903.063, 94
Trd, 2590903.429, 102
Trd, 2590903.563, 93
Trd, 2590903.713, 92
Trd, 2590905.746, 100
Trd, 2590906.446, 90
Trd, 2590907.046, 88
Trd, 2590907.146, 109
Trd, 2590907.813, 91
Trd, 2590908.479, 111
Trd, 2590908.996, 95
Trd, 2590910.229, 110
Trd, 2590911.529, 114
Trd, 2590911.713, 98
Trd, 2590912.013, 96
Trd, 2590912.913, 111
Trd, 2590913.396, 91
Trd, 2590913.829, 89
Trd, 2590914.246, 86
Trd, 2590917.579, 101
Trd, 2590918.396, 95
Trd, 2590918.896, 93
Trd, 2590919.363, 95
Trd, 2590920.163, 102
Trd, 2590920.579, 114
Trd, 2590922.179, 106
Trd, 2590922.796, 117
Trd, 2590923.196, 92
Trd, 2590924.246, 94
Trd, 2590924.579, 89
Trd, 2590924.813, 90
Trd, 2590925.079, 92
Trd, 2590925.863, 111
Trd, 2590925.879, 108
Trd, 2590926.346, 117
Trd, 2590926.529, 98
Trd, 2590927.463, 96
Trd, 2590927.679, 116
Trd, 2590927.996, 89
Trd, 2590928.663, 122
Trd, 2590929.713, 82
Trd, 2590930.129, 119
Trd, 2590932.596, 115
Trd, 2590932.813, 113
Trd, 2590932.846, 117
Trd, 2590933.229, 112
Trd, 2590934.113, 98
Trd, 2590934.613, 107
Trd, 2590935.763, 107
Trd, 2590937.213, 111
Trd, 2590937.896, 116
Trd, 2590938.463, 108
Trd, 2590939.579, 125
Trd, 2590940.163, 101
Trd, 2590940.529, 98
Trd, 2590940.579, 99
Trd, 2590941.446, 93
Trd, 2590942.113, 117
Trd, 2590942.729, 126
Trd, 2590943.046, 122
Trd, 2590944.763, 102
Trd, 2590945.263, 108
Trd, 2590945.596, 97
Trd, 2590947.329, 95
Trd, 2590947.479, 93
Trd, 2590947.729, 106
Trd, 2590948.046, 94
Trd, 2590949.646, 104
Trd, 2590949.913, 116
Trd, 2590951.146, 96
Trd, 2590951.246, 120
Trd, 2590951.329, 94
Trd, 2590951.563, 94
Trd, 2590951.679, 91
Trd, 2590951.879, 89
Trd, 2590953.113, 92
Trd, 2590953.346, 90
Trd, 2590954.113, 81
Trd, 2590955.863, 97
Trd, 2590956.496, 95
Trd, 2590958.113, 97
Trd, 2590958.763, 110
Trd, 2590959.529, 116
Trd, 2590960.279, 126
Trd, 2590962.396, 113
Trd, 2590962.479, 108
Trd, 2590962.629, 115
Trd, 2590964.413, 108
Trd, 2590964.696, 105
Trd, 2590965.429, 100
Trd, 2590966.246, 100
Trd, 2590966.296, 98
Trd, 2590966.746, 125
Trd, 2590966.963, 114
Trd, 2590968.513, 103
Trd, 2590968.646, 98
Trd, 2590969.146, 109
Trd, 2590969.513, 92
Trd, 2590970.613, 91
Trd, 2590973.313, 116
Trd, 2590973.413, 88
Trd, 2590973.813, 87
Trd, 2590973.979, 86
Trd, 2590974.329, 84
Trd, 2590974.479, 83
Trd, 2590974.629, 146
Trd, 2590977.246, 101
Trd, 2590978.363, 96
Trd, 2590978.546, 93
Trd, 2590979.513, 100
Trd, 2590979.763, 93
Trd, 2590979.779, 105
Trd, 2590979.929, 128
Trd, 2590981.079, 115
Trd, 2590982.363, 109
Trd, 2590983.096, 108
Trd, 2590983.596, 96
Trd, 2590984.646, 95
Trd, 2590984.813, 93
Trd, 2590986.379, 93
Trd, 2590987.229, 94
Trd, 2590987.563, 108
Trd, 2590987.679, 91
Trd, 2590988.846, 115
Trd, 2590988.996, 115
Trd, 2590989.246, 124
Trd, 2590990.113, 112
Trd, 2590990.563, 103
Trd, 2590990.596, 90
Trd, 2590991.179, 94
Trd, 2590991.379, 107
Trd, 2590991.663, 113
Trd, 2590993.796, 112
Trd, 2590994.146, 117
Trd, 2590994.829, 110
Trd, 2590995.146, 114
Trd, 2590995.629, 99
Trd, 2590996.413, 90
Trd, 2590997.029, 82
Trd, 2590998.846, 131
Trd, 2590999.079, 120
Trd, 2590999.913, 127
Trd, 2590999.929, 118
Trd, 2591000.263, 101
Trd, 2591000.396, 98
Trd, 2591001.213, 93
Trd, 2591001.546, 91
Trd, 2591002.446, 89
Trd, 2591002.513, 88
Trd, 2591003.163, 88
Trd, 2591004.363, 88
Trd, 2591005.396, 110
Trd, 2591005.513, 124
Trd, 2591006.129, 108
Trd, 2591006.479, 92
Trd, 2591006.546, 91
Trd, 2591006.796, 82
Trd, 2591007.213, 108
Trd, 2591009.363, 95
Trd, 2591010.163, 119
Trd, 2591011.329, 93
Trd, 2591011.396, 85
Trd, 2591012.079, 83
Trd, 2591012.796, 84
Trd, 2591013.779, 97
Trd, 2591013.813, 89
Trd, 2591014.979, 83
Trd, 2591015.763, 109
Trd, 2591015.879, 90
Trd, 2591015.896, 87
Trd, 2591016.196, 97
Trd, 2591016.446, 115
Trd, 2591018.913, 92
Trd, 2591019.196, 91
Trd, 2591019.713, 110
Trd, 2591020.913, 88
Trd, 2591021.846, 112
Trd, 2591023.346, 91
Trd, 2591024.029, 94
Trd, 2591024.746, 91
Trd, 2591025.446, 89
Trd, 2591025.946, 105
Trd, 2591026.379, 111
Trd, 2591026.846, 99
Trd, 2591028.029, 94
Trd, 2591028.063, 92
Trd, 2591028.429, 101
Trd, 2591028.763, 113
Trd, 2591029.996, 108
Trd, 2591030.829, 112
Trd, 2591031.813, 103
Trd, 2591032.963, 100
Trd, 2591033.396, 90
Trd, 2591033.596, 90
Trd, 2591033.629, 90
Trd, 2591034.996, 107
Trd, 2591035.429, 83
Trd, 2591037.679, 85
Trd, 2591037.779, 102
Trd, 2591038.513, 83
Trd, 2591038.546, 94
Trd, 2591038.696, 107
Trd, 2591039.329, 86
Trd, 2591040.629, 85
Trd, 2591042.329, 89
Trd, 2591042.529, 87
Trd, 2591043.796, 94
Trd, 2591044.463, 100
Trd, 2591046.496, 99
Trd, 2591047.113, 93
Trd, 2591047.729, 91
Trd, 2591047.746, 113
Trd, 2591047.763, 115
Trd, 2591050.363, 92
Trd, 2591050.463, 91
Trd, 2591051.163, 106
Trd, 2591051.313, 115
Trd, 2591051.479, 115
Trd, 2591052.029, 95
Trd, 2591052.279, 120
Trd, 2591052.529, 124
Trd, 2591053.613, 105
Trd, 2591055.363, 94
Trd, 2591055.929, 97
Trd, 2591056.396, 96
Trd, 2591056.913, 94
Trd, 2591057.946, 100
Trd, 2591058.446, 88
Trd, 2591059.213, 87
Trd, 2591059.429, 89
Trd, 2591060.013, 86
Trd, 2591060.846, 121
Trd, 2591061.213, 117
Trd, 2591062.429, 106
Trd, 2591063.246, 118
Trd, 2591063.646, 116
Trd, 2591064.196, 97
Trd, 2591065.229, 96
Trd, 2591066.796, 92
Trd, 2591068.129, 99
Trd, 2591068.229, 93
Trd, 2591068.329, 120
Trd, 2591068.546, 93
Trd, 2591070.229, 100
Trd, 2591070.329, 125
Trd, 2591071.113, 117
Trd, 2591071.396, 100
Trd, 2591071.546, 91
Trd, 2591073.279, 89
Trd, 2591074.396, 85
Trd, 2591074.446, 117
Trd, 2591074.913, 110
Trd, 2591075.463, 99
Trd, 2591078.629, 93
Trd, 2591080.379, 98
Trd, 2591080.946, 105
Trd, 2591081.246, 118
Trd, 2591082.196, 95
Trd, 2591082.246, 93
Trd, 2591083.279, 94
Trd, 2591083.379, 88
Trd, 2591084.113, 115
Trd, 2591084.663, 101
Trd, 2591084.796, 110
Trd, 2591085.763, 117
Trd, 2591087.113, 103
Trd, 2591087.463, 103
Trd, 2591089.946, 112
Trd, 2591090.329, 96
Trd, 2591090.413, 93
Trd, 2591090.546, 112
Trd, 2591090.996, 92
Trd, 2591091.296, 91
Trd, 2591091.713, 86
Trd, 2591092.046, 92
Trd, 2591092.929, 86
Trd, 2591094.329, 83
Trd, 2591094.746, 107
Trd, 2591095.396, 78
Trd, 2591095.413, 108
Trd, 2591096.613, 87
Trd, 2591096.963, 80
Trd, 2591097.029, 80
Trd, 2591098.679, 105
Trd, 2591100.113, 107
Trd, 2591101.046, 95
Trd, 2591102.213, 93
Trd, 2591103.679, 92
Trd, 2591104.013, 115
Trd, 2591104.429, 91
Trd, 2591104.829, 117
Trd, 2591105.179, 119
Trd, 2591106.146, 92
Trd, 2591107.579, 92
Trd, 2591107.629, 93
Trd, 2591107.746, 128
Trd, 2591109.663, 94
Trd, 2591109.729, 94
Trd, 2591110.229, 92
Trd, 2591110.679, 97
Trd, 2591111.146, 102
Trd, 2591111.829, 115
Trd, 2591111.929, 115
Trd, 2591112.596, 117
Trd, 2591114.213, 97
Trd, 2591114.629, 94
Trd, 2591115.746, 94
Trd, 2591116.079, 107
Trd, 2591116.263, 92
Trd, 2591116.463, 92
Trd, 2591116.496, 91
Trd, 2591117.779, 115
Trd, 2591118.113, 117
Trd, 2591118.229, 91
Trd, 2591120.363, 86
Trd, 2591120.829, 83
Trd, 2591121.013, 115
Trd, 2591121.763, 119
Trd, 2591121.963, 83
Trd, 2591123.313, 88
Trd, 2591124.646, 115
Trd, 2591125.996, 89
Trd, 2591126.596, 105
Trd, 2591127.179, 89
Trd, 2591127.829, 87
Trd, 2591128.813, 118
Trd, 2591128.879, 107
Trd, 2591129.529, 96
Trd, 2591129.779, 94
Trd, 2591130.296, 125
Trd, 2591131.613, 107
Trd, 2591131.729, 100
Trd, 2591131.929, 123
Trd, 2591131.946, 129
Trd, 2591132.096, 100
Trd, 2591132.496, 98
Trd, 2591132.663, 121
Trd, 2591132.846, 96
Trd, 2591134.029, 108
Trd, 2591134.113, 113
Trd, 2591135.546, 145
Trd, 2591136.079, 113
Trd, 2591136.513, 108
Trd, 2591139.146, 118
Trd, 2591139.246, 112
Trd, 2591141.496, 93
Trd, 2591141.763, 93
Trd, 2591144.529, 95
Trd, 2591144.629, 116
Trd, 2591145.929, 93
Trd, 2591147.079, 96
Trd, 2591147.363, 92
Trd, 2591147.879, 91
Trd, 2591148.229, 91
Trd, 2591148.279, 99
Trd, 2591148.546, 106
Trd, 2591150.346, 116
Trd, 2591150.413, 108
Trd, 2591150.746, 102
Trd, 2591151.596, 118
Trd, 2591151.696, 101
Trd, 2591151.763, 116
Trd, 2591152.663, 95
Trd, 2591153.379, 93
Trd, 2591154.479, 84
Trd, 2591155.329, 97
Trd, 2591155.379, 106
Trd, 2591156.579, 92
Trd, 2591157.013, 117
Trd, 2591158.146, 134
Trd, 2591158.946, 109
Trd, 2591160.546, 108
Trd, 2591160.679, 106
Trd, 2591160.996, 124
Trd, 2591161.263, 124
Trd, 2591162.296, 118
Trd, 2591162.496, 98
Trd, 2591162.746, 94
Trd, 2591163.029, 101
Trd, 2591165.646, 96
Trd, 2591166.413, 91
Trd, 2591166.763, 91
Trd, 2591168.079, 106
Trd, 2591168.363, 101
Trd, 2591168.663, 98
Trd, 2591168.829, 102
Trd, 2591168.946, 115
Trd, 2591169.579, 115
Trd, 2591169.679, 117
Trd, 2591170.696, 97
Trd, 2591171.313, 97
Trd, 2591171.546, 94
Trd, 2591172.063, 85
Trd, 2591175.213, 82
Trd, 2591175.613, 88
Trd, 2591175.813, 81
Trd, 2591176.263, 96
Trd, 2591177.329, 89
Trd, 2591177.579, 84
Trd, 2591177.829, 84
Trd, 2591177.846, 112
Trd, 2591177.963, 128
Trd, 2591178.313, 128
Trd, 2591178.546, 117
Trd, 2591178.963, 108
Trd, 2591179.229, 106
Trd, 2591180.463, 105
Trd, 2591180.646, 98
Trd, 2591181.913, 98
Trd, 2591182.229, 117
Trd, 2591183.146, 93
Trd, 2591183.529, 122
Trd, 2591183.579, 108
Trd, 2591184.313, 122
Trd, 2591186.679, 107
Trd, 2591187.096, 94
Trd, 2591187.729, 97
Trd, 2591188.113, 94
Trd, 2591188.313, 95
Trd, 2591188.396, 100
Trd, 2591189.596, 95
Trd, 2591191.513, 98
Trd, 2591192.246, 92
Trd, 2591192.646, 92
Trd, 2591192.829, 112
Trd, 2591192.929, 91
Trd, 2591194.446, 91
Trd, 2591194.879, 107
Trd, 2591195.729, 98
Trd, 2591198.513, 109
Trd, 2591198.563, 98
Trd, 2591198.929, 97
Trd, 2591200.063, 92
Trd, 2591200.946, 92
Trd, 2591201.046, 115
Trd, 2591201.163, 94
Trd, 2591201.313, 94
Trd, 2591201.796, 116
Trd, 2591202.646, 113
Trd, 2591202.946, 90
Trd, 2591203.713, 120
Trd, 2591203.796, 122
Trd, 2591205.146, 102
Trd, 2591205.429, 109
Trd, 2591205.813, 97
Trd, 2591206.163, 95
Trd, 2591206.813, 100
Trd, 2591209.146, 111
Trd, 2591209.313, 105
Trd, 2591209.546, 113
Trd, 2591209.746, 99
Trd, 2591210.796, 93
Trd, 2591211.479, 121
Trd, 2591213.446, 93
Trd, 2591213.963, 93
Trd, 2591214.879, 92
Trd, 2591214.946, 94
Trd, 2591215.113, 91
Trd, 2591216.196, 125
Trd, 2591216.613, 92
Trd, 2591217.546, 91
Trd, 2591218.446, 121
Trd, 2591219.829, 92
Trd, 2591220.329, 118
Trd, 2591220.713, 92
Trd, 2591221.896, 94
Trd, 2591222.146, 87
Trd, 2591223.346, 101
Trd, 2591223.763, 94
Trd, 2591224.313, 92
Trd, 2591224.679, 105
Trd, 2591224.896, 94
Trd, 2591226.863, 103
Trd, 2591227.029, 94
Trd, 2591227.613, 104
Trd, 2591227.746, 115
Trd, 2591227.913, 104
Trd, 2591228.996, 110
Trd, 2591229.879, 93
Trd, 2591231.246, 102
Trd, 2591232.479, 112
Trd, 2591232.546, 95
Trd, 2591232.896, 104
Trd, 2591234.063, 95
Trd, 2591235.563, 91
Trd, 2591235.729, 116
Trd, 2591235.879, 117
Trd, 2591237.179, 93
Trd, 2591238.379, 94
Trd, 2591240.296, 105
Trd, 2591240.813, 97
Trd, 2591241.079, 113
Trd, 2591241.329, 107
Trd, 2591242.563, 94
Trd, 2591243.163, 93
Trd, 2591243.613, 93
Trd, 2591243.946, 91
Trd, 2591245.296, 96
Trd, 2591245.579, 116
Trd, 2591245.663, 123
Trd, 2591246.446, 118
Trd, 2591247.096, 103
Trd, 2591248.129, 98
Trd, 2591248.813, 106
Trd, 2591249.413, 98
Trd, 2591250.163, 97
Trd, 2591251.063, 94
Trd, 2591251.529, 94
Trd, 2591251.563, 111
Trd, 2591251.779, 121
Trd, 2591252.163, 95
Trd, 2591254.346, 91
Trd, 2591254.646, 88
Trd, 2591255.263, 90
Trd, 2591255.463, 87
Trd, 2591256.263, 99
Trd, 2591257.713, 93
Trd, 2591258.263, 101
Trd, 2591258.629, 90
Trd, 2591259.213, 90
Trd, 2591259.296, 103
Trd, 2591260.779, 107
Trd, 2591261.996, 110
Trd, 2591263.129, 114
Trd, 2591263.146, 98
Trd, 2591263.363, 91
Trd, 2591263.863, 90
Trd, 2591264.929, 89
Trd, 2591265.029, 115
Trd, 2591266.096, 88
Trd, 2591266.213, 88
Trd, 2591267.329, 92
Trd, 2591268.346, 99
Trd, 2591269.013, 100
Trd, 2591269.263, 105
Trd, 2591270.229, 113
Trd, 2591270.929, 98
Trd, 2591271.413, 95
Trd, 2591272.013, 114
Trd, 2591272.713, 93
Trd, 2591274.046, 88
Trd, 2591274.679, 102
Trd, 2591274.863, 100
Trd, 2591275.096, 94
Trd, 2591276.063, 106
Trd, 2591276.246, 105
Trd, 2591276.413, 111
Trd, 2591276.879, 91
Trd, 2591277.779, 93
Trd, 2591278.579, 113
Trd, 2591279.346, 109
Trd, 2591280.413, 108
Trd, 2591280.896, 107
Trd, 2591282.763, 98
Trd, 2591283.529, 81
Trd, 2591284.579, 89
Trd, 2591284.713, 85
Trd, 2591285.613, 79
Trd, 2591286.163, 84
Trd, 2591287.229, 95
Trd, 2591288.279, 99
Trd, 2591288.729, 98
Trd, 2591288.796, 108
Trd, 2591289.096, 97
Trd, 2591290.113, 107
Trd, 2591290.446, 103
Trd, 2591292.379, 93
Trd, 2591292.813, 99
Trd, 2591293.163, 95
Trd, 2591293.413, 93
Trd, 2591294.779, 91
Trd, 2591294.879, 115
Trd, 2591294.946, 121
Trd, 2591295.896, 89
Trd, 2591297.463, 107
Trd, 2591298.613, 96
Trd, 2591298.663, 85
Trd, 2591299.113, 116
Trd, 2591299.263, 84
Trd, 2591300.846, 92
Trd, 2591301.063, 108
Trd, 2591301.246, 94
Trd, 2591301.746, 90
Trd, 2591301.929, 86
Trd, 2591302.079, 115
Trd, 2591302.413, 80
Trd, 2591302.729, 131
Trd, 2591304.313, 101
Trd, 2591305.329, 118
Trd, 2591305.729, 122
Trd, 2591307.346, 116
Trd, 2591307.363, 112
Trd, 2591307.513, 97
Trd, 2591309.496, 97
Trd, 2591310.013, 94
Trd, 2591310.263, 92
Trd, 2591310.579, 98
Trd, 2591311.996, 96
Trd, 2591312.279, 92
Trd, 2591313.163, 105
Trd, 2591313.179, 93
Trd, 2591313.513, 93
Trd, 2591313.679, 92
Trd, 2591314.246, 92
Trd, 2591314.329, 91
Trd, 2591315.346, 103
Trd, 2591316.696, 94
Trd, 2591316.846, 115
Trd, 2591318.329, 87
Trd, 2591318.579, 92
Trd, 2591319.296, 84
Trd, 2591320.496, 114
Trd, 2591321.779, 118
Trd, 2591321.829, 117
Trd, 2591321.863, 112
Trd, 2591322.063, 108
Trd, 2591324.196, 110
Trd, 2591324.246, 108
Trd, 2591325.063, 106
Trd, 2591325.663, 104
Trd, 2591326.013, 98
Trd, 2591326.129, 93
Trd, 2591326.813, 112
Trd, 2591328.746, 115
Trd, 2591329.013, 105
Trd, 2591329.329, 98
Trd, 2591329.563, 114
Trd, 2591330.463, 91
Trd, 2591330.979, 90
Trd, 2591331.496, 126
Trd, 2591332.479, 114
Trd, 2591332.629, 108
Trd, 2591333.696, 109
Trd, 2591334.646, 96
Trd, 2591335.246, 97
Trd, 2591337.296, 93
Trd, 2591338.096, 101
Trd, 2591338.163, 93
Trd, 2591338.513, 115
Trd, 2591338.646, 118
Trd, 2591338.696, 93
Trd, 2591339.713, 104
Trd, 2591340.079, 100
Trd, 2591340.463, 101
Trd, 2591341.279, 107
Trd, 2591341.629, 100
Trd, 2591342.746, 121
Trd, 2591342.896, 129
Trd, 2591344.029, 122
Trd, 2591344.063, 118
Trd, 2591345.646, 110
Trd, 2591346.229, 109
Trd, 2591346.963, 106
Trd, 2591348.513, 104
Trd, 2591349.313, 110
Trd, 2591350.429, 112
Trd, 2591351.079, 99
Trd, 2591351.579, 99
Trd, 2591351.713, 98
Trd, 2591352.929, 110
Trd, 2591354.079, 110
Trd, 2591354.129, 98
Trd, 2591354.963, 118
Trd, 2591355.279, 96
Trd, 2591356.929, 114
Trd, 2591356.946, 106
Trd, 2591357.763, 102
Trd, 2591358.229, 97
Trd, 2591358.279, 93
Trd, 2591359.929, 91
Trd, 2591360.663, 107
Trd, 2591360.713, 115
Trd, 2591360.779, 97
Trd, 2591361.579, 97
Trd, 2591362.146, 102
Trd, 2591362.229, 96
Trd, 2591363.113, 90
Trd, 2591364.896, 114
Trd, 2591365.529, 96
Trd, 2591366.763, 94
Trd, 2591367.146, 91
Trd, 2591367.996, 96
Trd, 2591368.179, 118
Trd, 2591368.663, 95
Trd, 2591369.013, 119
Trd, 2591369.329, 92
Trd, 2591369.863, 88
Trd, 2591371.779, 113
Trd, 2591371.879, 94
Trd, 2591372.146, 93
Trd, 2591373.213, 112
Trd, 2591374.863, 90
Trd, 2591375.513, 110
Trd, 2591375.896, 91
Trd, 2591377.063, 91
Trd, 2591377.779, 95
Trd, 2591378.879, 90
Trd, 2591379.796, 95
Trd, 2591380.063, 88
Trd, 2591380.696, 91
Trd, 2591380.946, 92
Trd, 2591381.596, 114
Trd, 2591382.229, 115
Trd, 2591383.779, 102
Trd, 2591383.913, 100
Trd, 2591384.329, 92
Trd, 2591387.329, 94
Trd, 2591387.946, 108
Trd, 2591388.213, 110
Trd, 2591388.446, 94
Trd, 2591389.429, 104
Trd, 2591389.479, 112
Trd, 2591390.629, 97
Trd, 2591390.713, 91
Trd, 2591390.946, 114
Trd, 2591391.113, 91
Trd, 2591391.646, 94
Trd, 2591391.946, 115
Trd, 2591392.429, 93
Trd, 2591393.296, 99
Trd, 2591394.263, 93
Trd, 2591395.279, 86
Trd, 2591396.813, 92
Trd, 2591397.129, 109
Trd, 2591397.896, 85
Trd, 2591398.379, 82
Trd, 2591398.629, 114
Trd, 2591399.929, 109
Trd, 2591401.213, 103
Trd, 2591401.396, 94
Trd, 2591401.813, 101
Trd, 2591402.063, 91
Trd, 2591403.846, 88
Trd, 2591405.829, 86
Trd, 2591406.329, 85
Trd, 2591406.729, 92
Trd, 2591407.663, 111
Trd, 2591408.463, 111
Trd, 2591408.696, 103
Trd, 2591408.713, 118
Trd, 2591410.196, 102
Trd, 2591410.213, 97
Trd, 2591410.479, 94
Trd, 2591412.013, 91
Trd, 2591412.213, 84
Trd, 2591412.296, 114
Trd, 2591412.629, 111
Trd, 2591412.879, 82
Trd, 2591413.413, 81
Trd, 2591413.813, 76
Trd, 2591414.563, 117
Trd, 2591414.579, 127
Trd, 2591415.779, 124
Trd, 2591416.046, 114
Trd, 2591416.546, 102
Trd, 2591416.813, 88
Trd, 2591418.496, 100
Trd, 2591418.513, 98
Trd, 2591419.063, 100
Trd, 2591420.146, 98
Trd, 2591421.963, 134
Trd, 2591422.346, 104
Trd, 2591422.496, 105
Trd, 2591424.213, 95
Trd, 2591424.413, 92
Trd, 2591424.596, 92
Trd, 2591425.079, 91
Trd, 2591426.346, 104
Trd, 2591426.646, 105
Trd, 2591427.163, 108
Trd, 2591427.763, 105
Trd, 2591428.979, 112
Trd, 2591429.163, 101
Trd, 2591429.946, 100
Trd, 2591430.413, 98
Trd, 2591430.679, 111
Trd, 2591431.063, 95
Trd, 2591431.379, 117
Trd, 2591431.529, 93
Trd, 2591431.879, 92
Trd, 2591432.663, 121
Trd, 2591434.746, 108
Trd, 2591435.413, 97
Trd, 2591435.429, 94
Trd, 2591436.446, 101
Trd, 2591438.046, 107
Trd, 2591439.446, 91
Trd, 2591439.979, 99
Trd, 2591441.696, 101
Trd, 2591441.829, 96
Trd, 2591442.063, 115
Trd, 2591442.346, 93
Trd, 2591442.963, 113
Trd, 2591443.596, 97
Trd, 2591445.063, 95
Trd, 2591446.296, 91
Trd, 2591446.379, 91
Trd, 2591448.613, 90
Trd, 2591449.346, 105
Trd, 2591449.929, 115
Trd, 2591450.063, 90
Trd, 2591450.179, 105
Trd, 2591450.646, 88
Trd, 2591450.713, 86
Trd, 2591451.463, 87
Trd, 2591453.079, 88
Trd, 2591453.113, 93
Trd, 2591453.479, 118
Trd, 2591455.529, 114
Trd, 2591455.613, 94
Trd, 2591455.829, 118
Trd, 2591456.113, 99
Trd, 2591456.513, 95
Trd, 2591456.729, 93
Trd, 2591457.146, 91
Trd, 2591457.579, 91
Trd, 2591457.729, 91
Trd, 2591460.079, 108
Trd, 2591460.146, 107
Trd, 2591460.296, 102
Trd, 2591460.613, 101
Trd, 2591462.146, 123
Trd, 2591463.163, 134
Trd, 2591464.746, 93
Trd, 2591465.729, 110
Trd, 2591465.779, 119
Trd, 2591466.413, 128
Trd, 2591466.646, 120
Trd, 2591468.746, 98
Trd, 2591469.629, 98
Trd, 2591470.746, 92
Trd, 2591471.346, 92
Trd, 2591471.729, 97
Trd, 2591471.763, 91
Trd, 2591472.046, 108
Trd, 2591472.179, 115
Trd, 2591472.229, 107
Trd, 2591474.113, 98
Trd, 2591474.746, 125
Trd, 2591475.379, 109
Trd, 2591477.329, 94
Trd, 2591478.296, 108
Trd, 2591478.313, 96
Trd, 2591479.079, 95
Trd, 2591479.496, 91
Trd, 2591480.463, 107
Trd, 2591480.829, 114
Trd, 2591481.546, 104
Trd, 2591482.513, 115
Trd, 2591483.613, 94
Trd, 2591485.246, 96
Trd, 2591485.379, 95
Trd, 2591485.913, 115
Trd, 2591487.496, 107
Trd, 2591487.596, 111
Trd, 2591487.779, 131
Trd, 2591487.813, 134
Trd, 2591489.079, 107
Trd, 2591489.579, 107
Trd, 2591489.879, 118
Trd, 2591490.729, 102
Trd, 2591491.646, 97
Trd, 2591492.263, 100
Trd, 2591492.446, 99
Trd, 2591492.663, 98
Trd, 2591492.846, 94
Trd, 2591493.813, 112
Trd, 2591494.079, 102
Trd, 2591494.429, 100
Trd, 2591495.513, 95
Trd, 2591495.713, 91
Trd, 2591497.879, 118
Trd, 2591498.113, 82
Trd, 2591498.179, 81
Trd, 2591499.913, 83
Trd, 2591500.746, 115
Trd, 2591501.163, 101
Trd, 2591501.713, 100
Trd, 2591501.796, 96
Trd, 2591502.529, 106
Trd, 2591503.079, 119
Trd, 2591503.863, 121
Trd, 2591503.929, 99
Trd, 2591504.646, 117
Trd, 2591504.746, 124
Trd, 2591505.529, 127
Trd, 2591507.213, 111
Trd, 2591507.813, 111
Trd, 2591508.363, 108
Trd, 2591511.213, 103
Trd, 2591511.313, 101
Trd, 2591511.463, 96
Trd, 2591511.796, 94
Trd, 2591512.579, 91
Trd, 2591513.246, 89
Trd, 2591514.279, 105
Trd, 2591514.696, 77
Trd, 2591514.763, 104
Trd, 2591515.929, 117
Trd, 2591516.513, 94
Trd, 2591518.513, 88
Trd, 2591519.296, 88
Trd, 2591520.663, 109
Trd, 2591520.963, 114
Trd, 2591521.229, 109
Trd, 2591522.179, 108
Trd, 2591522.196, 115
Trd, 2591522.946, 106
Trd, 2591523.079, 102
Trd, 2591523.296, 100
Trd, 2591523.713, 103
Trd, 2591524.446, 89
Trd, 2591524.679, 108
Trd, 2591527.246, 97
Trd, 2591528.013, 99
Trd, 2591528.146, 92
Trd, 2591528.646, 96
Trd, 2591528.713, 110
Trd, 2591529.329, 91
Trd, 2591530.396, 112
Trd, 2591530.579, 113
Trd, 2591531.763, 94
Trd, 2591532.346, 93
Trd, 2591533.429, 114
Trd, 2591533.863, 108
Trd, 2591533.929, 116
Trd, 2591534.813, 99
Trd, 2591535.729, 98
Trd, 2591537.063, 91
Trd, 2591537.179, 98
Trd, 2591537.396, 91
Trd, 2591538.029, 96
Trd, 2591538.846, 111
Trd, 2591538.896, 112
Trd, 2591539.729, 113
Trd, 2591539.746, 93
Trd, 2591541.546, 96
Trd, 2591544.446, 89
Trd, 2591544.946, 109
Trd, 2591545.513, 95
Trd, 2591545.729, 115
Trd, 2591545.846, 113
Trd, 2591546.979, 113
Trd, 2591546.996, 116
Trd, 2591547.629, 101
Trd, 2591548.663, 101
Trd, 2591548.929, 105
Trd, 2591549.196, 98
Trd, 2591549.463, 94
Trd, 2591550.129, 91
Trd, 2591551.446, 90
Trd, 2591551.846, 117
Trd, 2591553.446, 90
Trd, 2591554.096, 100
Trd, 2591554.446, 85
Trd, 2591554.996, 106
Trd, 2591556.579, 114
Trd, 2591556.679, 88
Trd, 2591556.779, 80
Trd, 2591556.913, 104
Trd, 2591556.996, 102
Trd, 2591558.963, 90
Trd, 2591560.679, 87
Trd, 2591560.996, 85
Trd, 2591562.129, 81
Trd, 2591562.496, 113
Trd, 2591563.463, 115
Trd, 2591564.429, 99
Trd, 2591564.496, 93
Trd, 2591565.496, 131
Trd, 2591567.513, 97
Trd, 2591568.379, 91
Trd, 2591569.179, 91
Trd, 2591570.613, 88
Trd, 2591571.113, 92
Trd, 2591571.479, 86
Trd, 2591572.313, 107
Trd, 2591572.463, 116
Trd, 2591572.479, 98
Trd, 2591572.529, 96
Trd, 2591573.063, 115
Trd, 2591573.213, 94
Trd, 2591573.829, 104
Trd, 2591575.013, 92
Trd, 2591575.096, 91
Trd, 2591575.263, 91
Trd, 2591575.296, 89
Trd, 2591576.129, 113
Trd, 2591576.963, 82
Trd, 2591577.246, 84
Trd, 2591578.446, 93
Trd, 2591578.579, 79
Trd, 2591579.313, 122
Trd, 2591580.213, 114
Trd, 2591581.463, 98
Trd, 2591581.479, 105
Trd, 2591582.546, 111
Trd, 2591583.929, 113
Trd, 2591584.463, 108
Trd, 2591585.029, 101
Trd, 2591585.763, 106
Trd, 2591586.596, 101
Trd, 2591587.163, 112
Trd, 2591587.263, 96
Trd, 2591588.396, 103
Trd, 2591589.246, 96
Trd, 2591590.796, 88
Trd, 2591591.163, 89
Trd, 2591591.629, 93
Trd, 2591592.313, 108
Trd, 2591592.813, 92
Trd, 2591593.046, 109
Trd, 2591593.063, 99
Trd, 2591593.929, 106
Trd, 2591593.963, 112
Trd, 2591595.663, 92
Trd, 2591595.796, 115
Trd, 2591596.496, 81
Trd, 2591596.513, 80
Trd, 2591598.413, 110
Trd, 2591598.546, 128
Trd, 2591599.279, 94
Trd, 2591600.696, 89
Trd, 2591601.379, 87
Trd, 2591601.596, 86
Trd, 2591602.679, 86
Trd, 2591602.979, 103
Trd, 2591603.563, 107
Trd, 2591605.313, 110
Trd, 2591605.846, 90
Trd, 2591605.979, 112
Trd, 2591606.813, 99
Trd, 2591607.963, 91
Trd, 2591608.229, 88
Trd, 2591609.146, 88
Trd, 2591609.329, 92
Trd, 2591610.646, 84
Trd, 2591611.046, 103
Trd, 2591612.363, 86
Trd, 2591612.413, 85
Trd, 2591613.113, 105
Trd, 2591613.463, 104
Trd, 2591616.863, 87
Trd, 2591617.363, 116
Trd, 2591617.679, 85
Trd, 2591618.763, 84
Trd, 2591620.313, 86
Trd, 2591620.679, 91
Trd, 2591621.313, 113
Trd, 2591622.029, 115
Trd, 2591622.079, 102
Trd, 2591622.163, 92
Trd, 2591622.363, 91
Trd, 2591622.429, 116
Trd, 2591622.463, 110
Trd, 2591623.463, 90
Trd, 2591623.763, 90
Trd, 2591624.446, 94
Trd, 2591625.363, 98
Trd, 2591625.946, 89
Trd, 2591626.929, 107
Trd, 2591627.829, 103
Trd, 2591630.129, 115
Trd, 2591630.246, 104
Trd, 2591631.179, 103
Trd, 2591632.496, 103
Trd, 2591632.829, 112
Trd, 2591632.863, 121
Trd, 2591635.279, 98
Trd, 2591635.363, 97
Trd, 2591635.646, 96
Trd, 2591635.929, 106
Trd, 2591636.663, 93
Trd, 2591638.246, 95
Trd, 2591638.446, 93
Trd, 2591638.796, 107
Trd, 2591640.129, 110
Trd, 2591641.713, 116
Trd, 2591642.113, 105
Trd, 2591642.463, 99
Trd, 2591642.746, 98
Trd, 2591643.063, 108
Trd, 2591643.146, 93
Trd, 2591644.163, 97
Trd, 2591644.246, 91
Trd, 2591644.596, 104
Trd, 2591645.546, 91
Trd, 2591646.096, 114
Trd, 2591646.463, 121
Trd, 2591647.996, 101
Trd, 2591648.413, 97
Trd, 2591648.479, 106
Trd, 2591648.513, 95
Trd, 2591649.313, 94
Trd, 2591650.363, 93
Trd, 2591651.146, 92
Trd, 2591653.546, 95
Trd, 2591654.979, 111
Trd, 2591655.696, 105
Trd, 2591655.763, 110
Trd, 2591656.079, 103
Trd, 2591658.463, 93
Trd, 2591659.596, 97
Trd, 2591659.996, 92
Trd, 2591660.879, 117
Trd, 2591662.379, 106
Trd, 2591662.829, 101
Trd, 2591663.296, 111
Trd, 2591663.513, 101
Trd, 2591663.846, 98
Trd, 2591666.213, 93
Trd, 2591666.496, 91
Trd, 2591667.913, 91
Trd, 2591667.979, 91
Trd, 2591669.096, 87
Trd, 2591670.113, 101
Trd, 2591670.196, 115
Trd, 2591670.379, 116
Trd, 2591670.696, 92
Trd, 2591670.896, 92
Trd, 2591670.913, 111
Trd, 2591671.179, 128
Trd, 2591671.629, 117
Trd, 2591672.213, 95
Trd, 2591673.829, 121
Trd, 2591673.996, 93
Trd, 2591675.513, 97
Trd, 2591675.646, 104
Trd, 2591676.629, 107
Trd, 2591677.546, 101
Trd, 2591677.963, 100
Trd, 2591678.829, 119
Trd, 2591679.046, 100
Trd, 2591679.063, 97
Trd, 2591679.129, 97
Trd, 2591679.379, 91
Trd, 2591680.846, 94
Trd, 2591682.029, 96
Trd, 2591682.179, 95
Trd, 2591682.329, 118
Trd, 2591683.329, 111
Trd, 2591683.863, 118
Trd, 2591684.179, 127
Trd, 2591684.229, 91
Trd, 2591684.846, 85
Trd, 2591685.229, 81
Trd, 2591686.079, 103
Trd, 2591686.346, 98
Trd, 2591687.079, 132
Trd, 2591688.429, 127
Trd, 2591689.446, 112
Trd, 2591689.596, 111
Trd, 2591690.496, 91
Trd, 2591691.663, 94
Trd, 2591692.546, 113
Trd, 2591692.679, 106
Trd, 2591693.363, 116
Trd, 2591693.563, 92
Trd, 2591694.246, 114
Trd, 2591694.679, 111
Trd, 2591694.913, 84
Trd, 2591696.429, 87
Trd, 2591696.913, 82
Trd, 2591697.429, 97
Trd, 2591698.279, 99
Trd, 2591699.229, 80
Trd, 2591699.796, 100
Trd, 2591700.213, 96
Trd, 2591700.279, 113
Trd, 2591700.429, 95
Trd, 2591701.179, 95
Trd, 2591701.313, 94
Trd, 2591703.729, 120
Trd, 2591704.313, 117
Trd, 2591704.679, 111
Trd, 2591705.463, 133
Trd, 2591706.046, 103
Trd, 2591706.213, 118
Trd, 2591706.413, 123
Trd, 2591707.646, 95
Trd, 2591708.913, 93
Trd, 2591709.263, 92
Trd, 2591709.646, 91
Trd, 2591709.896, 119
Trd, 2591710.313, 97
Trd, 2591711.813, 91
Trd, 2591712.379, 90
Trd, 2591712.529, 86
Trd, 2591713.513, 93
Trd, 2591716.913, 100
Trd, 2591717.596, 106
Trd, 2591717.679, 99
Trd, 2591718.346, 93
Trd, 2591718.379, 92
Trd, 2591718.596, 91
Trd, 2591719.229, 79
Trd, 2591720.163, 95
Trd, 2591720.879, 92
Trd, 2591720.946, 91
Trd, 2591721.129, 99
Trd, 2591723.196, 110
Trd, 2591723.413, 91
Trd, 2591723.913, 115
Trd, 2591724.863, 95
Trd, 2591726.546, 107
Trd, 2591726.629, 127
Trd, 2591728.563, 100
Trd, 2591728.579, 92
Trd, 2591729.113, 91
Trd, 2591729.996, 89
Trd, 2591730.579, 114
Trd, 2591730.663, 108
Trd, 2591731.213, 89
Trd, 2591732.563, 85
Trd, 2591732.713, 115
Trd, 2591734.013, 93
Trd, 2591734.529, 91
Trd, 2591735.396, 94
Trd, 2591735.929, 84
Trd, 2591737.429, 86
Trd, 2591737.829, 97
Trd, 2591739.096, 86
Trd, 2591739.796, 107
Trd, 2591740.346, 113
Trd, 2591740.846, 117
Trd, 2591741.279, 104
Trd, 2591742.113, 103
Trd, 2591743.046, 108
Trd, 2591743.113, 112
Trd, 2591743.529, 101
Trd, 2591744.446, 97
Trd, 2591745.196, 95
Trd, 2591745.846, 92
Trd, 2591746.829, 93
Trd, 2591748.096, 91
Trd, 2591748.563, 98
Trd, 2591748.579, 105
Trd, 2591748.763, 110
Trd, 2591750.346, 105
Trd, 2591750.579, 104
Trd, 2591750.796, 103
Trd, 2591750.829, 112
Trd, 2591752.446, 118
Trd, 2591752.813, 107
Trd, 2591753.563, 118
Trd, 2591753.746, 98
Trd, 2591754.746, 113
Trd, 2591755.896, 101
Trd, 2591756.163, 113
Trd, 2591757.179, 114
Trd, 2591757.213, 96
Trd, 2591757.879, 90
Trd, 2591758.329, 94
Trd, 2591760.163, 93
Trd, 2591761.913, 118
Trd, 2591762.146, 91
Trd, 2591763.213, 89
Trd, 2591763.246, 88
Trd, 2591763.379, 100
Trd, 2591763.579, 87
Trd, 2591765.813, 100
Trd, 2591766.013, 90
Trd, 2591766.279, 90
Trd, 2591766.496, 89
Trd, 2591766.896, 92
Trd, 2591768.063, 88
Trd, 2591768.213, 84
Trd, 2591769.463, 88
Trd, 2591770.763, 94
Trd, 2591772.446, 96
Trd, 2591773.346, 102
Trd, 2591773.396, 107
Trd, 2591773.746, 98
Trd, 2591774.996, 96
Trd, 2591775.179, 93
Trd, 2591775.463, 92
Trd, 2591775.879, 90
Trd, 2591776.679, 80
Trd, 2591778.446, 104
Trd, 2591778.729, 103
Trd, 2591779.763, 108
Trd, 2591779.796, 115
Trd, 2591779.996, 96
Trd, 2591780.229, 97
Trd, 2591780.679, 106
Trd, 2591780.963, 101
Trd, 2591781.029, 95
Trd, 2591783.063, 94
Trd, 2591783.396, 113
Trd, 2591783.429, 94
Trd, 2591785.213, 85
Trd, 2591785.263, 101
Trd, 2591786.463, 82
Trd, 2591786.563, 80
Trd, 2591786.829, 82
Trd, 2591787.679, 116
Trd, 2591788.146, 126
Trd, 2591789.063, 106
Trd, 2591789.779, 108
Trd, 2591790.996, 109
Trd, 2591792.096, 98
Trd, 2591792.746, 104
Trd, 2591793.446, 98
Trd, 2591793.629, 117
Trd, 2591794.179, 95
Trd, 2591794.363, 117
Trd, 2591795.296, 93
Trd, 2591795.846, 91
Trd, 2591796.096, 89
Trd, 2591796.363, 84
Trd, 2591797.713, 105
Trd, 2591797.929, 94
Trd, 2591798.363, 88
Trd, 2591798.663, 87
Trd, 2591798.996, 116
Trd, 2591800.863, 91
Trd, 2591801.013, 90
Trd, 2591801.996, 89
Trd, 2591802.513, 118
Trd, 2591804.029, 113
Trd, 2591805.063, 96
Trd, 2591805.546, 103
Trd, 2591805.596, 91
Trd, 2591806.446, 98
Trd, 2591806.563, 88
Trd, 2591808.863, 107
Trd, 2591808.913, 87
Trd, 2591809.629, 86
Trd, 2591812.729, 86
Trd, 2591812.929, 94
Trd, 2591813.279, 89
Trd, 2591813.463, 106
Trd, 2591813.479, 113
Trd, 2591813.813, 114
Trd, 2591814.013, 89
Trd, 2591814.496, 101
Trd, 2591814.829, 93
Trd, 2591815.863, 105
Trd, 2591816.146, 88
Trd, 2591816.196, 87
Trd, 2591818.996, 90
Trd, 2591819.646, 115
Trd, 2591819.813, 116
Trd, 2591820.279, 92
Trd, 2591820.429, 91
Trd, 2591821.096, 93
Trd, 2591822.413, 87
Trd, 2591822.813, 101
Trd, 2591823.296, 95
Trd, 2591824.263, 91
Trd, 2591824.479, 89
Trd, 2591824.529, 88
Trd, 2591825.529, 87
Trd, 2591826.796, 90
Trd, 2591827.513, 92
Trd, 2591827.763, 88
Trd, 2591827.896, 117
Trd, 2591829.029, 92
Trd, 2591830.079, 94
Trd, 2591830.563, 125
Trd, 2591830.979, 91
Trd, 2591831.213, 90
Trd, 2591831.346, 103
Trd, 2591831.629, 116
Trd, 2591832.479, 96
Trd, 2591833.896, 81
Trd, 2591834.329, 98
Trd, 2591835.596, 101
Trd, 2591836.496, 114
Trd, 2591836.513, 125
Trd, 2591837.463, 81
Trd, 2591838.529, 92
Trd, 2591838.846, 105
Trd, 2591839.446, 80
Trd, 2591840.063, 88
Trd, 2591842.013, 109
Trd, 2591842.379, 105
Trd, 2591845.096, 98
Trd, 2591845.913, 94
Trd, 2591845.979, 92
Trd, 2591847.163, 101
Trd, 2591847.296, 93
Trd, 2591847.413, 105
Trd, 2591848.296, 103
Trd, 2591849.013, 105
Trd, 2591850.146, 116
Trd, 2591850.963, 109
Trd, 2591851.379, 108
Trd, 2591852.046, 93
Trd, 2591852.296, 95
Trd, 2591853.479, 114
Trd, 2591854.696, 112
Trd, 2591855.146, 110
Trd, 2591855.713, 108
Trd, 2591856.263, 93
Trd, 2591856.746, 115
Trd, 2591857.913, 102
Trd, 2591858.229, 91
Trd, 2591858.679, 89
Trd, 2591860.246, 119
Trd, 2591860.513, 118
Trd, 2591860.763, 90
Trd, 2591861.713, 100
Trd, 2591861.846, 94
Trd, 2591864.646, 94
Trd, 2591864.929, 89
Trd, 2591865.346, 89
Trd, 2591865.379, 88
Trd, 2591866.279, 86
Trd, 2591866.513, 109
Trd, 2591867.146, 113
Trd, 2591868.079, 115
Trd, 2591869.446, 98
Trd, 2591869.746, 97
Trd, 2591870.346, 96
Trd, 2591870.829, 94
Trd, 2591871.329, 92
Trd, 2591871.613, 114
Trd, 2591872.846, 108
Trd, 2591874.763, 103
Trd, 2591875.829, 107
Trd, 2591876.163, 104
Trd, 2591877.079, 97
Trd, 2591877.796, 111
Trd, 2591878.979, 112
Trd, 2591879.629, 107
Trd, 2591879.679, 105
Trd, 2591880.213, 115
Trd, 2591880.729, 111
Trd, 2591880.796, 101
Trd, 2591880.946, 91
Trd, 2591881.979, 88
Trd, 2591882.246, 85
Trd, 2591883.129, 86
Trd, 2591883.446, 125
Trd, 2591883.996, 112
Trd, 2591884.696, 101
Trd, 2591885.129, 107
Trd, 2591885.763, 106
Trd, 2591887.829, 101
Trd, 2591888.096, 101
Trd, 2591889.279, 114
Trd, 2591889.379, 108
Trd, 2591890.379, 99
Trd, 2591890.529, 117
Trd, 2591890.929, 94
Trd, 2591891.879, 104
Trd, 2591892.179, 94
Trd, 2591892.246, 93
Trd, 2591892.829, 98
Trd, 2591893.163, 94
Trd, 2591895.313, 90
Trd, 2591897.946, 114
Trd, 2591898.229, 116
Trd, 2591898.546, 87
Trd, 2591899.113, 106
Trd, 2591900.563, 103
Trd, 2591900.713, 94
Trd, 2591900.896, 93
Trd, 2591901.313, 95
Trd, 2591901.596, 112
Trd, 2591901.746, 117
Trd, 2591903.829, 91
Trd, 2591903.946, 91
Trd, 2591904.796, 108
Trd, 2591906.063, 89
Trd, 2591906.396, 103
Trd, 2591906.496, 99
Trd, 2591906.629, 110
Trd, 2591909.263, 106
Trd, 2591909.496, 94
Trd, 2591910.596, 99
Trd, 2591910.846, 109
Trd, 2591911.413, 96
Trd, 2591911.496, 105
Trd, 2591911.863, 94
Trd, 2591911.979, 102
Trd, 2591913.096, 92
Trd, 2591914.529, 96
Trd, 2591914.596, 115
Trd, 2591915.029, 95
Trd, 2591915.163, 118
Trd, 2591915.229, 92
Trd, 2591916.729, 91
Trd, 2591917.613, 92
Trd, 2591918.629, 99
Trd, 2591919.779, 98
Trd, 2591920.613, 99
Trd, 2591920.729, 94
Trd, 2591920.963, 91
Trd, 2591923.446, 92
Trd, 2591923.679, 112
Trd, 2591925.063, 93
Trd, 2591925.979, 113
Trd, 2591926.013, 101
Trd, 2591926.296, 96
Trd, 2591927.346, 93
Trd, 2591927.996, 86
Trd, 2591928.546, 85
Trd, 2591929.246, 88
Trd, 2591929.263, 88
Trd, 2591930.663, 105
Trd, 2591932.663, 91
Trd, 2591933.563, 112
Trd, 2591933.863, 91
Trd, 2591934.429, 100
Trd, 2591935.413, 88
Trd, 2591936.513, 90
Trd, 2591939.046, 93
Trd, 2591939.446, 94
Trd, 2591940.396, 91
Trd, 2591940.513, 105
Trd, 2591940.946, 91
Trd, 2591941.663, 114
Trd, 2591942.479, 99
Trd, 2591945.813, 102
Trd, 2591945.929, 108
Trd, 2591946.029, 95
Trd, 2591946.363, 112
Trd, 2591946.379, 93
Trd, 2591946.579, 114
Trd, 2591946.963, 116
Trd, 2591946.996, 93
Trd, 2591948.646, 107
Trd, 2591949.079, 105
Trd, 2591949.679, 99
Trd, 2591950.279, 117
Trd, 2591951.029, 96
Trd, 2591951.196, 102
Trd, 2591951.429, 93
Trd, 2591954.013, 114
Trd, 2591955.363, 110
Trd, 2591955.463, 113
Trd, 2591955.479, 106
Trd, 2591956.046, 113
Trd, 2591956.063, 108
Trd, 2591956.413, 94
Trd, 2591956.629, 91
Trd, 2591956.729, 115
Trd, 2591957.446, 113
Trd, 2591957.729, 93
Trd, 2591957.963, 127
Trd, 2591959.229, 103
Trd, 2591959.829, 106
Trd, 2591962.313, 111
Trd, 2591962.529, 108
Trd, 2591963.429, 110
Trd, 2591964.029, 115
Trd, 2591964.479, 108
Trd, 2591965.546, 99
Trd, 2591965.746, 94
Trd, 2591966.979, 92
Trd, 2591967.396, 91
Trd, 2591967.913, 119
Trd, 2591969.046, 93
Trd, 2591969.863, 92
Trd, 2591971.046, 117
Trd, 2591972.196, 116
Trd, 2591973.063, 123
Trd, 2591973.246, 115
Trd, 2591973.296, 110
Trd, 2591973.546, 97
Trd, 2591974.379, 93
Trd, 2591974.646, 95
Trd, 2591975.196, 91
Trd, 2591975.429, 91
Trd, 2591975.613, 92
Trd, 2591975.646, 90
Trd, 2591976.496, 96
Trd, 2591976.713, 114
Trd, 2591976.779, 92
Trd, 2591977.196, 103
Trd, 2591978.129, 116
Trd, 2591980.029, 94
Trd, 2591980.146, 92
Trd, 2591980.229, 118
Trd, 2591982.463, 90
Trd, 2591982.913, 91
Trd, 2591982.946, 88
Trd, 2591984.379, 88
Trd, 2591984.563, 110
Trd, 2591984.913, 125
Trd, 2591985.746, 94
Trd, 2591986.546, 91
Trd, 2591986.779, 84
Trd, 2591989.079, 106
Trd, 2591989.529, 116
Trd, 2591989.596, 121
Trd, 2591992.579, 88
Trd, 2591992.696, 87
Trd, 2591993.646, 106
Trd, 2591993.829, 95
Trd, 2591994.329, 93
Trd, 2591995.363, 93
Trd, 2591996.246, 86
Trd, 2591996.379, 85
Trd, 2591996.613, 84
Trd, 2591996.729, 99
Trd, 2591997.696, 98
Trd, 2591997.846, 112
