Trd, 2590692.946, 115
Trd, 2590694.296, 111
Trd, 2590694.379, 111
Trd, 2590695.329, 108
Trd, 2590695.796, 110
Trd, 2590695.896, 98
Trd, 2590696.646, 91
Trd, 2590696.863, 109
Trd, 2590697.029, 113
Trd, 2590697.146, 82
Trd, 2590698.196, 91
Trd, 2590698.613, 104
Trd, 2590699.529, 98
Trd, 2590700.563, 94
Trd, 2590702.079, 93
Trd, 2590702.113, 94
Trd, 2590702.796, 102
Trd, 2590703.596, 109
Trd, 2590704.513, 111
Trd, 2590704.529, 109
Trd, 2590705.429, 114
Trd, 2590705.729, 91
Trd, 2590706.663, 118
Trd, 2590707.279, 123
Trd, 2590707.363, 81
Trd, 2590708.096, 87
Trd, 2590709.713, 92
Trd, 2590709.846, 104
Trd, 2590710.779, 94
Trd, 2590711.063, 93
Trd, 2590712.029, 93
Trd, 2590712.213, 100
Trd, 2590713.213, 121
Trd, 2590713.446, 120
Trd, 2590713.829, 109
Trd, 2590714.729, 119
Trd, 2590715.613, 112
Trd, 2590716.113, 118
Trd, 2590716.246, 120
Trd, 2590716.896, 105
Trd, 2590717.546, 97
Trd, 2590718.329, 95
Trd, 2590718.346, 100
Trd, 2590718.496, 101
Trd, 2590718.996, 92
Trd, 2590719.246, 91
Trd, 2590720.029, 91
Trd, 2590722.029, 93
Trd, 2590722.246, 94
Trd, 2590723.179, 97
Trd, 2590723.979, 80
Trd, 2590724.979, 110
Trd, 2590725.446, 100
Trd, 2590726.046, 87
Trd, 2590726.463, 73
Trd, 2590727.829, 113
Trd, 2590728.096, 118
Trd, 2590728.129, 128
Trd, 2590729.763, 93
Trd, 2590730.096, 84
Trd, 2590730.496, 101
Trd, 2590730.713, 105
Trd, 2590731.113, 113
Trd, 2590732.179, 92
Trd, 2590732.563, 128
Trd, 2590734.296, 115
Trd, 2590734.413, 111
Trd, 2590734.713, 109
Trd, 2590735.196, 108
Trd, 2590735.413, 117
Trd, 2590736.263, 102
Trd, 2590736.513, 113
Trd, 2590736.663, 114
Trd, 2590736.946, 101
Trd, 2590738.463, 99
Trd, 2590738.579, 100
Trd, 2590738.679, 98
Trd, 2590738.979, 91
Trd, 2590739.479, 91
Trd, 2590739.979, 94
Trd, 2590740.329, 91
Trd, 2590740.746, 116
Trd, 2590741.063, 81
Trd, 2590742.196, 119
Trd, 2590742.229, 83
Trd, 2590744.446, 85
Trd, 2590745.229, 104
Trd, 2590745.279, 105
Trd, 2590745.763, 102
Trd, 2590745.963, 108
Trd, 2590746.113, 98
Trd, 2590746.563, 96
Trd, 2590747.913, 94
Trd, 2590748.546, 113
Trd, 2590748.679, 128
Trd, 2590749.063, 116
Trd, 2590749.213, 122
Trd, 2590749.629, 124
Trd, 2590750.779, 92
Trd, 2590750.829, 91
Trd, 2590751.479, 104
Trd, 2590751.496, 105
Trd, 2590752.279, 125
Trd, 2590752.646, 124
Trd, 2590752.879, 119
Trd, 2590753.079, 112
Trd, 2590754.079, 88
Trd, 2590756.729, 90
Trd, 2590756.879, 93
Trd, 2590758.013, 94
Trd, 2590758.229, 92
Trd, 2590759.346, 93
Trd, 2590759.363, 91
Trd, 2590760.013, 91
Trd, 2590760.963, 101
Trd, 2590761.013, 84
Trd, 2590761.146, 82
Trd, 2590761.779, 98
Trd, 2590762.196, 99
Trd, 2590762.963, 98
Trd, 2590763.363, 100
Trd, 2590763.479, 89
Trd, 2590764.529, 81
Trd, 2590765.363, 98
Trd, 2590766.029, 94
Trd, 2590766.546, 95
Trd, 2590767.146, 95
Trd, 2590767.963, 101
Trd, 2590768.213, 91
Trd, 2590768.979, 72
Trd, 2590769.763, 73
Trd, 2590771.346, 105
Trd, 2590771.379, 105
Trd, 2590772.029, 111
Trd, 2590772.313, 113
Trd, 2590772.596, 112
Trd, 2590772.729, 111
Trd, 2590772.979, 108
Trd, 2590773.546, 121
Trd, 2590774.313, 101
Trd, 2590774.413, 98
Trd, 2590774.546, 119
Trd, 2590774.829, 119
Trd, 2590775.463, 104
Trd, 2590777.229, 102
Trd, 2590777.813, 107
Trd, 2590778.363, 97
Trd, 2590779.179, 91
Trd, 2590780.813, 96
Trd, 2590781.129, 107
Trd, 2590782.746, 84
Trd, 2590784.763, 85
Trd, 2590784.996, 87
Trd, 2590786.463, 92
Trd, 2590786.513, 108
Trd, 2590786.629, 106
Trd, 2590787.046, 93
Trd, 2590787.113, 109
Trd, 2590787.363, 106
Trd, 2590787.763, 84
Trd, 2590788.213, 81
Trd, 2590789.379, 80
Trd, 2590789.513, 83
Trd, 2590789.979, 77
Trd, 2590790.279, 84
Trd, 2590790.379, 101
Trd, 2590790.646, 113
Trd, 2590790.996, 116
Trd, 2590791.796, 110
Trd, 2590793.363, 114
Trd, 2590793.396, 108
Trd, 2590793.763, 115
Trd, 2590793.963, 102
Trd, 2590794.546, 101
Trd, 2590795.079, 116
Trd, 2590795.913, 116
Trd, 2590796.796, 119
Trd, 2590797.229, 98
Trd, 2590797.579, 81
Trd, 2590798.196, 103
Trd, 2590798.563, 102
Trd, 2590799.613, 104
Trd, 2590801.413, 105
Trd, 2590801.546, 92
Trd, 2590801.663, 91
Trd, 2590802.713, 106
Trd, 2590803.813, 91
Trd, 2590804.679, 105
Trd, 2590805.213, 92
Trd, 2590805.646, 91
Trd, 2590805.729, 78
Trd, 2590806.029, 118
Trd, 2590806.629, 101
Trd, 2590806.929, 102
Trd, 2590807.013, 90
Trd, 2590807.146, 102
Trd, 2590807.513, 89
Trd, 2590809.763, 84
Trd, 2590810.546, 96
Trd, 2590811.113, 106
Trd, 2590812.096, 107
Trd, 2590812.763, 115
Trd, 2590813.046, 86
Trd, 2590813.413, 116
Trd, 2590813.929, 109
Trd, 2590814.979, 112
Trd, 2590815.363, 83
Trd, 2590815.996, 111
Trd, 2590816.413, 85
Trd, 2590816.996, 100
Trd, 2590818.929, 98
Trd, 2590818.963, 88
Trd, 2590820.463, 93
Trd, 2590820.479, 91
Trd, 2590821.496, 97
Trd, 2590821.513, 96
Trd, 2590822.379, 98
Trd, 2590822.946, 106
Trd, 2590824.229, 101
Trd, 2590825.413, 103
Trd, 2590826.313, 108
Trd, 2590827.113, 98
Trd, 2590827.179, 107
Trd, 2590827.696, 116
Trd, 2590828.013, 105
Trd, 2590828.779, 110
Trd, 2590828.896, 112
Trd, 2590829.696, 96
Trd, 2590830.046, 93
Trd, 2590830.113, 112
Trd, 2590830.146, 91
Trd, 2590830.763, 116
Trd, 2590831.929, 98
Trd, 2590832.446, 102
Trd, 2590833.879, 112
Trd, 2590834.246, 102
Trd, 2590835.129, 112
Trd, 2590835.213, 113
Trd, 2590835.779, 113
Trd, 2590836.396, 103
Trd, 2590836.913, 101
Trd, 2590837.296, 98
Trd, 2590837.446, 105
Trd, 2590838.179, 91
Trd, 2590838.629, 109
Trd, 2590839.396, 89
Trd, 2590839.796, 84
Trd, 2590840.196, 112
Trd, 2590840.213, 116
Trd, 2590840.346, 111
Trd, 2590842.096, 83
Trd, 2590842.163, 113
Trd, 2590842.413, 98
Trd, 2590843.329, 112
Trd, 2590843.696, 84
Trd, 2590843.913, 117
Trd, 2590844.279, 83
Trd, 2590845.513, 118
Trd, 2590846.863, 117
Trd, 2590847.113, 85
Trd, 2590848.096, 116
Trd, 2590848.313, 125
Trd, 2590848.813, 105
Trd, 2590849.963, 94
Trd, 2590850.096, 101
Trd, 2590850.663, 95
Trd, 2590851.113, 103
Trd, 2590853.513, 116
Trd, 2590853.779, 85
Trd, 2590854.079, 99
Trd, 2590854.829, 82
Trd, 2590855.596, 87
Trd, 2590856.646, 82
Trd, 2590856.846, 87
Trd, 2590857.779, 96
Trd, 2590858.329, 96
Trd, 2590859.646, 97
Trd, 2590859.896, 100
Trd, 2590860.046, 101
Trd, 2590860.346, 100
Trd, 2590861.379, 101
Trd, 2590861.796, 101
Trd, 2590862.029, 101
Trd, 2590862.229, 102
Trd, 2590863.063, 113
Trd, 2590865.096, 103
Trd, 2590866.613, 103
Trd, 2590866.996, 104
Trd, 2590867.363, 107
Trd, 2590867.463, 118
Trd, 2590869.196, 111
Trd, 2590869.413, 113
Trd, 2590869.813, 108
Trd, 2590870.996, 105
Trd, 2590872.096, 101
Trd, 2590872.129, 105
Trd, 2590872.463, 107
Trd, 2590872.563, 110
Trd, 2590873.313, 98
Trd, 2590873.613, 117
Trd, 2590874.063, 98
Trd, 2590874.863, 91
Trd, 2590875.129, 85
Trd, 2590875.163, 108
Trd, 2590875.213, 114
Trd, 2590876.129, 114
Trd, 2590876.196, 115
Trd, 2590877.229, 116
Trd, 2590877.779, 111
Trd, 2590879.379, 108
Trd, 2590880.529, 112
Trd, 2590881.029, 91
Trd, 2590881.296, 99
Trd, 2590881.879, 101
Trd, 2590882.313, 115
Trd, 2590882.379, 92
Trd, 2590882.746, 91
Trd, 2590883.029, 109
Trd, 2590883.779, 91
Trd, 2590884.629, 81
Trd, 2590885.263, 101
Trd, 2590885.796, 101
Trd, 2590886.663, 107
Trd, 2590887.063, 105
Trd, 2590887.629, 109
Trd, 2590888.179, 87
Trd, 2590888.379, 106
Trd, 2590889.679, 92
Trd, 2590890.329, 91
Trd, 2590890.513, 112
Trd, 2590892.163, 110
Trd, 2590892.446, 96
Trd, 2590893.929, 115
Trd, 2590894.046, 118
Trd, 2590894.896, 119
Trd, 2590895.913, 117
Trd, 2590896.413, 113
Trd, 2590896.896, 110
Trd, 2590897.079, 105
Trd, 2590897.446, 98
Trd, 2590898.396, 92
Trd, 2590898.763, 98
Trd, 2590899.763, 93
Trd, 2590900.263, 97
Trd, 2590901.246, 97
Trd, 2590901.713, 98
Trd, 2590901.863, 97
Trd, 2590902.079, 101
Trd, 2590902.279, 108
Trd, 2590902.763, 107
Trd, 2590903.513, 97
Trd, 2590903.996, 104
Trd, 2590904.229, 94
Trd, 2590904.729, 104
Trd, 2590906.046, 105
Trd, 2590906.396, 93
Trd, 2590908.313, 94
Trd, 2590908.513, 107
Trd, 2590909.429, 93
Trd, 2590909.879, 109
Trd, 2590910.246, 116
Trd, 2590910.563, 116
Trd, 2590913.079, 94
Trd, 2590913.463, 94
Trd, 2590913.929, 94
Trd, 2590913.946, 81
Trd, 2590914.379, 90
Trd, 2590914.963, 91
Trd, 2590915.696, 80
Trd, 2590915.913, 96
Trd, 2590916.146, 78
Trd, 2590916.396, 99
Trd, 2590916.896, 90
Trd, 2590916.946, 78
Trd, 2590917.096, 112
Trd, 2590917.946, 112
Trd, 2590919.779, 89
Trd, 2590920.146, 88
Trd, 2590921.046, 74
Trd, 2590921.546, 108
Trd, 2590921.613, 70
Trd, 2590921.679, 120
Trd, 2590923.046, 81
Trd, 2590924.263, 101
Trd, 2590926.763, 96
Trd, 2590927.346, 103
Trd, 2590928.579, 105
Trd, 2590928.779, 112
Trd, 2590929.346, 114
Trd, 2590929.413, 104
Trd, 2590930.129, 103
Trd, 2590930.646, 103
Trd, 2590930.863, 101
Trd, 2590931.529, 98
Trd, 2590931.629, 95
Trd, 2590931.679, 104
Trd, 2590931.929, 107
Trd, 2590932.763, 109
Trd, 2590932.779, 114
Trd, 2590933.679, 118
Trd, 2590933.729, 125
Trd, 2590934.246, 108
Trd, 2590934.796, 93
Trd, 2590934.896, 92
Trd, 2590936.446, 107
Trd, 2590937.213, 101
Trd, 2590937.629, 112
Trd, 2590938.079, 114
Trd, 2590938.413, 117
Trd, 2590939.229, 115
Trd, 2590940.763, 108
Trd, 2590941.863, 112
Trd, 2590942.063, 103
Trd, 2590942.079, 100
Trd, 2590942.846, 98
Trd, 2590944.196, 92
Trd, 2590944.363, 91
Trd, 2590944.713, 114
Trd, 2590944.846, 120
Trd, 2590945.496, 129
Trd, 2590947.513, 102
Trd, 2590947.563, 96
Trd, 2590948.113, 110
Trd, 2590948.429, 108
Trd, 2590948.446, 96
Trd, 2590949.396, 91
Trd, 2590949.479, 83
Trd, 2590949.496, 98
Trd, 2590949.613, 81
Trd, 2590950.513, 105
Trd, 2590952.163, 105
Trd, 2590952.929, 80
Trd, 2590953.213, 105
Trd, 2590953.896, 112
Trd, 2590955.113, 113
Trd, 2590955.246, 97
Trd, 2590956.413, 92
Trd, 2590957.513, 101
Trd, 2590958.329, 100
Trd, 2590958.896, 90
Trd, 2590959.679, 92
Trd, 2590959.863, 91
Trd, 2590959.929, 98
Trd, 2590960.063, 107
Trd, 2590960.246, 115
Trd, 2590961.163, 108
Trd, 2590961.463, 118
Trd, 2590961.746, 118
Trd, 2590962.729, 105
Trd, 2590963.363, 95
Trd, 2590964.346, 92
Trd, 2590965.379, 91
Trd, 2590965.796, 120
Trd, 2590966.063, 109
Trd, 2590966.163, 103
Trd, 2590966.863, 98
Trd, 2590967.296, 99
Trd, 2590967.946, 119
Trd, 2590968.979, 119
Trd, 2590969.046, 104
Trd, 2590969.546, 95
Trd, 2590969.913, 108
Trd, 2590970.546, 106
Trd, 2590971.313, 95
Trd, 2590971.613, 93
Trd, 2590971.946, 88
Trd, 2590972.113, 91
Trd, 2590972.663, 115
Trd, 2590973.263, 76
Trd, 2590973.879, 79
Trd, 2590975.196, 110
Trd, 2590975.646, 112
Trd, 2590976.129, 93
Trd, 2590976.579, 86
Trd, 2590976.963, 104
Trd, 2590977.829, 111
Trd, 2590977.863, 86
Trd, 2590979.196, 112
Trd, 2590979.729, 111
Trd, 2590980.546, 93
Trd, 2590981.296, 91
Trd, 2590981.496, 88
Trd, 2590982.096, 107
Trd, 2590982.146, 109
Trd, 2590982.946, 115
Trd, 2590983.779, 115
Trd, 2590984.213, 116
Trd, 2590984.579, 108
Trd, 2590985.379, 101
Trd, 2590986.079, 98
Trd, 2590986.096, 107
Trd, 2590987.063, 117
Trd, 2590987.429, 108
Trd, 2590988.179, 91
Trd, 2590988.263, 111
Trd, 2590989.229, 109
Trd, 2590989.663, 112
Trd, 2590989.679, 98
Trd, 2590990.029, 84
Trd, 2590991.213, 87
Trd, 2590991.896, 99
Trd, 2590992.113, 109
Trd, 2590992.229, 80
Trd, 2590993.663, 77
Trd, 2590994.113, 98
Trd, 2590994.163, 99
Trd, 2590994.413, 114
Trd, 2590996.613, 105
Trd, 2590996.879, 115
Trd, 2590997.979, 101
Trd, 2590998.096, 98
Trd, 2590999.679, 98
Trd, 2590999.963, 111
Trd, 2591000.146, 117
Trd, 2591000.579, 113
Trd, 2591001.479, 107
Trd, 2591001.563, 82
Trd, 2591003.663, 95
Trd, 2591003.863, 108
Trd, 2591005.613, 91
Trd, 2591006.113, 95
Trd, 2591006.263, 94
Trd, 2591007.029, 94
Trd, 2591007.046, 98
Trd, 2591007.463, 92
Trd, 2591007.896, 102
Trd, 2591008.163, 111
Trd, 2591008.179, 112
Trd, 2591009.146, 118
Trd, 2591009.963, 125
Trd, 2591010.613, 94
Trd, 2591011.113, 91
Trd, 2591011.396, 93
Trd, 2591011.829, 107
Trd, 2591011.913, 107
Trd, 2591012.713, 94
Trd, 2591012.846, 90
Trd, 2591013.396, 95
Trd, 2591014.063, 110
Trd, 2591015.413, 112
Trd, 2591017.196, 119
Trd, 2591018.196, 118
Trd, 2591018.379, 108
Trd, 2591018.713, 98
Trd, 2591018.929, 88
Trd, 2591019.229, 79
Trd, 2591019.246, 106
Trd, 2591020.163, 112
Trd, 2591020.613, 110
Trd, 2591020.763, 113
Trd, 2591021.546, 83
Trd, 2591021.996, 84
Trd, 2591022.296, 92
Trd, 2591022.863, 100
Trd, 2591023.079, 81
Trd, 2591023.146, 109
Trd, 2591023.513, 93
Trd, 2591024.946, 94
Trd, 2591025.429, 93
Trd, 2591028.529, 96
Trd, 2591028.863, 101
Trd, 2591029.079, 93
Trd, 2591029.346, 108
Trd, 2591029.863, 107
Trd, 2591030.696, 93
Trd, 2591030.779, 98
Trd, 2591031.146, 112
Trd, 2591032.646, 91
Trd, 2591033.613, 118
Trd, 2591033.629, 121
Trd, 2591033.646, 96
Trd, 2591035.296, 115
Trd, 2591035.846, 119
Trd, 2591036.096, 115
Trd, 2591036.313, 110
Trd, 2591036.629, 108
Trd, 2591037.096, 110
Trd, 2591038.096, 93
Trd, 2591039.446, 94
Trd, 2591039.913, 95
Trd, 2591040.413, 94
Trd, 2591041.046, 92
Trd, 2591041.396, 116
Trd, 2591042.363, 105
Trd, 2591043.213, 97
Trd, 2591043.379, 96
Trd, 2591045.429, 101
Trd, 2591045.729, 94
Trd, 2591046.796, 101
Trd, 2591046.996, 109
Trd, 2591048.046, 120
Trd, 2591048.179, 115
Trd, 2591048.296, 125
Trd, 2591049.496, 112
Trd, 2591049.529, 94
Trd, 2591049.579, 91
Trd, 2591050.663, 106
Trd, 2591051.029, 109
Trd, 2591051.263, 109
Trd, 2591051.913, 105
Trd, 2591052.329, 104
Trd, 2591053.763, 110
Trd, 2591054.546, 91
Trd, 2591056.729, 98
Trd, 2591056.763, 101
Trd, 2591057.396, 113
Trd, 2591057.446, 123
Trd, 2591058.396, 88
Trd, 2591059.046, 104
Trd, 2591059.796, 110
Trd, 2591059.979, 111
Trd, 2591060.129, 101
Trd, 2591060.279, 93
Trd, 2591060.396, 87
Trd, 2591061.729, 97
Trd, 2591062.113, 86
Trd, 2591063.363, 87
Trd, 2591063.379, 107
Trd, 2591063.396, 85
Trd, 2591063.446, 85
Trd, 2591064.946, 85
Trd, 2591065.013, 91
Trd, 2591066.346, 98
Trd, 2591066.563, 99
Trd, 2591067.746, 100
Trd, 2591067.863, 101
Trd, 2591068.463, 93
Trd, 2591069.413, 98
Trd, 2591069.846, 112
Trd, 2591070.646, 98
Trd, 2591071.779, 97
Trd, 2591071.963, 102
Trd, 2591072.496, 109
Trd, 2591075.513, 92
Trd, 2591075.813, 91
Trd, 2591076.529, 91
Trd, 2591076.696, 89
Trd, 2591076.979, 102
Trd, 2591077.246, 109
Trd, 2591077.296, 112
Trd, 2591077.863, 93
Trd, 2591078.113, 114
Trd, 2591079.979, 115
Trd, 2591080.229, 116
Trd, 2591080.596, 113
Trd, 2591080.829, 112
Trd, 2591081.179, 120
Trd, 2591081.479, 121
Trd, 2591081.763, 108
Trd, 2591082.646, 102
Trd, 2591083.696, 103
Trd, 2591084.329, 101
Trd, 2591084.363, 98
Trd, 2591084.413, 107
Trd, 2591085.846, 112
Trd, 2591087.696, 94
Trd, 2591087.746, 104
Trd, 2591088.013, 104
Trd, 2591088.546, 103
Trd, 2591089.213, 112
Trd, 2591089.513, 91
Trd, 2591089.763, 115
Trd, 2591090.696, 118
Trd, 2591090.713, 114
Trd, 2591090.846, 110
Trd, 2591090.963, 129
Trd, 2591091.829, 109
Trd, 2591091.846, 94
Trd, 2591092.663, 89
Trd, 2591093.396, 120
Trd, 2591094.596, 118
Trd, 2591094.713, 91
Trd, 2591095.763, 110
Trd, 2591096.346, 110
Trd, 2591096.879, 92
Trd, 2591097.213, 90
Trd, 2591097.279, 108
Trd, 2591097.346, 108
Trd, 2591097.529, 108
Trd, 2591098.379, 100
Trd, 2591098.696, 101
Trd, 2591099.796, 96
Trd, 2591102.146, 96
Trd, 2591103.546, 96
Trd, 2591103.596, 107
Trd, 2591103.963, 89
Trd, 2591104.213, 88
Trd, 2591106.696, 81
Trd, 2591107.013, 98
Trd, 2591107.246, 92
Trd, 2591107.346, 110
Trd, 2591107.863, 113
Trd, 2591109.413, 126
Trd, 2591109.613, 111
Trd, 2591110.129, 113
Trd, 2591110.329, 99
Trd, 2591110.429, 98
Trd, 2591111.113, 112
Trd, 2591111.146, 105
Trd, 2591111.779, 91
Trd, 2591113.129, 111
Trd, 2591113.979, 103
Trd, 2591114.163, 101
Trd, 2591114.513, 104
Trd, 2591114.579, 89
Trd, 2591115.563, 115
Trd, 2591116.096, 114
Trd, 2591116.163, 116
Trd, 2591116.346, 108
Trd, 2591116.879, 101
Trd, 2591116.996, 124
Trd, 2591117.746, 112
Trd, 2591118.229, 113
Trd, 2591118.879, 114
Trd, 2591119.979, 106
Trd, 2591120.213, 114
Trd, 2591121.029, 98
Trd, 2591122.046, 109
Trd, 2591123.246, 96
Trd, 2591123.463, 94
Trd, 2591124.613, 99
Trd, 2591125.946, 98
Trd, 2591126.079, 98
Trd, 2591126.279, 101
Trd, 2591126.363, 107
Trd, 2591127.196, 98
Trd, 2591128.513, 98
Trd, 2591129.629, 106
Trd, 2591131.246, 94
Trd, 2591131.379, 92
Trd, 2591131.513, 99
Trd, 2591131.829, 85
Trd, 2591132.063, 92
Trd, 2591132.429, 84
Trd, 2591133.996, 100
Trd, 2591134.129, 101
Trd, 2591134.713, 112
Trd, 2591135.763, 81
Trd, 2591135.846, 91
Trd, 2591136.029, 104
Trd, 2591136.763, 77
Trd, 2591139.329, 91
Trd, 2591139.663, 94
Trd, 2591139.996, 98
Trd, 2591140.663, 83
Trd, 2591141.029, 101
Trd, 2591141.396, 82
Trd, 2591141.646, 107
Trd, 2591141.879, 80
Trd, 2591142.213, 115
Trd, 2591142.396, 118
Trd, 2591143.596, 115
Trd, 2591144.279, 111
Trd, 2591144.679, 113
Trd, 2591145.363, 109
Trd, 2591147.046, 108
Trd, 2591147.563, 104
Trd, 2591147.813, 110
Trd, 2591147.896, 114
Trd, 2591148.263, 101
Trd, 2591148.813, 96
Trd, 2591149.529, 115
Trd, 2591149.913, 125
Trd, 2591150.496, 106
Trd, 2591151.196, 99
Trd, 2591151.313, 107
Trd, 2591152.629, 124
Trd, 2591152.896, 120
Trd, 2591153.296, 111
Trd, 2591153.729, 114
Trd, 2591153.779, 105
Trd, 2591154.646, 95
Trd, 2591154.696, 91
Trd, 2591155.179, 81
Trd, 2591156.396, 93
Trd, 2591158.363, 92
Trd, 2591159.013, 92
Trd, 2591159.413, 101
Trd, 2591159.913, 87
Trd, 2591159.996, 84
Trd, 2591161.296, 84
Trd, 2591162.413, 98
Trd, 2591162.746, 111
Trd, 2591164.063, 104
Trd, 2591164.946, 109
Trd, 2591165.196, 99
Trd, 2591165.296, 107
Trd, 2591165.463, 102
Trd, 2591165.829, 99
Trd, 2591169.129, 82
Trd, 2591169.163, 83
Trd, 2591169.629, 87
Trd, 2591170.163, 88
Trd, 2591170.613, 94
Trd, 2591171.246, 101
Trd, 2591172.329, 99
Trd, 2591172.513, 105
Trd, 2591172.579, 83
Trd, 2591173.246, 115
Trd, 2591173.413, 119
Trd, 2591174.329, 98
Trd, 2591174.696, 92
Trd, 2591175.013, 89
Trd, 2591175.246, 92
Trd, 2591175.929, 102
Trd, 2591177.363, 97
Trd, 2591177.546, 89
Trd, 2591178.496, 99
Trd, 2591179.129, 98
Trd, 2591180.446, 93
Trd, 2591180.746, 92
Trd, 2591180.829, 93
Trd, 2591181.313, 101
Trd, 2591181.763, 91
Trd, 2591181.979, 104
Trd, 2591182.829, 114
Trd, 2591183.563, 99
Trd, 2591184.263, 95
Trd, 2591185.346, 100
Trd, 2591186.113, 85
Trd, 2591186.229, 101
Trd, 2591186.379, 108
Trd, 2591186.779, 110
Trd, 2591187.663, 93
Trd, 2591187.846, 110
Trd, 2591189.246, 111
Trd, 2591189.313, 112
Trd, 2591191.679, 99
Trd, 2591191.729, 98
Trd, 2591191.946, 108
Trd, 2591192.413, 107
Trd, 2591192.746, 98
Trd, 2591192.946, 98
Trd, 2591193.429, 115
Trd, 2591193.913, 117
Trd, 2591194.079, 110
Trd, 2591196.179, 92
Trd, 2591196.929, 92
Trd, 2591197.596, 95
Trd, 2591197.679, 91
Trd, 2591198.146, 96
Trd, 2591198.313, 97
Trd, 2591198.413, 99
Trd, 2591198.763, 88
Trd, 2591201.879, 89
Trd, 2591201.996, 101
Trd, 2591202.329, 104
Trd, 2591202.579, 88
Trd, 2591203.979, 110
Trd, 2591204.079, 114
Trd, 2591206.579, 105
Trd, 2591207.363, 108
Trd, 2591207.396, 88
Trd, 2591208.829, 89
Trd, 2591209.229, 106
Trd, 2591209.646, 100
Trd, 2591209.896, 113
Trd, 2591210.396, 93
Trd, 2591210.663, 115
Trd, 2591210.979, 91
Trd, 2591211.346, 86
Trd, 2591211.813, 96
Trd, 2591212.713, 90
Trd, 2591213.146, 84
Trd, 2591213.163, 83
Trd, 2591213.913, 96
Trd, 2591213.963, 97
Trd, 2591215.363, 84
Trd, 2591215.713, 96
Trd, 2591216.746, 115
Trd, 2591217.113, 99
Trd, 2591217.313, 100
Trd, 2591217.479, 114
Trd, 2591218.546, 81
Trd, 2591218.846, 82
Trd, 2591219.846, 85
Trd, 2591221.263, 99
Trd, 2591222.196, 105
Trd, 2591222.463, 106
Trd, 2591223.829, 101
Trd, 2591223.979, 109
Trd, 2591224.246, 102
Trd, 2591224.513, 108
Trd, 2591224.829, 110
Trd, 2591225.096, 98
Trd, 2591225.979, 101
Trd, 2591226.829, 105
Trd, 2591226.996, 94
Trd, 2591227.196, 111
Trd, 2591227.663, 91
Trd, 2591227.763, 112
Trd, 2591230.696, 96
Trd, 2591231.146, 84
Trd, 2591231.329, 111
Trd, 2591232.346, 112
Trd, 2591234.179, 92
Trd, 2591235.079, 90
Trd, 2591235.346, 93
Trd, 2591235.996, 92
Trd, 2591236.429, 96
Trd, 2591236.963, 111
Trd, 2591237.363, 114
Trd, 2591237.763, 101
Trd, 2591237.913, 114
Trd, 2591238.896, 105
Trd, 2591239.063, 84
Trd, 2591239.146, 82
Trd, 2591240.013, 107
Trd, 2591240.329, 81
Trd, 2591240.579, 107
Trd, 2591241.096, 106
Trd, 2591242.713, 99
Trd, 2591244.513, 101
Trd, 2591244.713, 125
Trd, 2591245.229, 90
Trd, 2591245.279, 89
Trd, 2591245.413, 86
Trd, 2591246.096, 109
Trd, 2591248.179, 108
Trd, 2591249.429, 98
Trd, 2591249.613, 96
Trd, 2591250.046, 98
Trd, 2591250.213, 96
Trd, 2591250.296, 101
Trd, 2591250.496, 91
Trd, 2591250.829, 99
Trd, 2591251.946, 99
Trd, 2591252.696, 92
Trd, 2591252.813, 91
Trd, 2591253.413, 86
Trd, 2591254.113, 97
Trd, 2591254.496, 97
Trd, 2591255.329, 84
Trd, 2591255.463, 101
Trd, 2591255.963, 99
Trd, 2591256.313, 100
Trd, 2591256.679, 100
Trd, 2591257.046, 109
Trd, 2591257.079, 112
Trd, 2591259.379, 93
Trd, 2591259.946, 87
Trd, 2591259.963, 86
Trd, 2591260.813, 109
Trd, 2591261.579, 90
Trd, 2591262.913, 90
Trd, 2591262.946, 91
Trd, 2591263.596, 116
Trd, 2591263.629, 118
Trd, 2591263.679, 110
Trd, 2591264.179, 92
Trd, 2591265.746, 118
Trd, 2591265.863, 113
Trd, 2591266.329, 115
Trd, 2591266.696, 112
Trd, 2591267.579, 116
Trd, 2591268.196, 107
Trd, 2591268.829, 105
Trd, 2591269.596, 114
Trd, 2591271.363, 101
Trd, 2591271.579, 98
Trd, 2591271.746, 104
Trd, 2591271.846, 97
Trd, 2591272.196, 112
Trd, 2591272.579, 92
Trd, 2591275.296, 97
Trd, 2591276.929, 100
Trd, 2591277.063, 108
Trd, 2591277.346, 107
Trd, 2591277.513, 100
Trd, 2591278.463, 108
Trd, 2591278.663, 97
Trd, 2591279.613, 95
Trd, 2591280.229, 101
Trd, 2591280.463, 103
Trd, 2591281.113, 108
Trd, 2591281.396, 109
Trd, 2591282.763, 97
Trd, 2591282.896, 110
Trd, 2591283.046, 95
Trd, 2591283.713, 95
Trd, 2591283.913, 94
Trd, 2591285.363, 98
Trd, 2591285.396, 95
Trd, 2591286.563, 110
Trd, 2591286.663, 100
Trd, 2591286.929, 108
Trd, 2591287.179, 116
Trd, 2591288.163, 105
Trd, 2591289.296, 105
Trd, 2591289.846, 98
Trd, 2591291.679, 98
Trd, 2591292.113, 104
Trd, 2591292.163, 104
Trd, 2591293.613, 105
Trd, 2591294.863, 106
Trd, 2591295.979, 119
Trd, 2591296.563, 118
Trd, 2591296.746, 119
Trd, 2591296.763, 117
Trd, 2591296.829, 108
Trd, 2591297.279, 98
Trd, 2591298.463, 95
Trd, 2591299.696, 101
Trd, 2591299.996, 94
Trd, 2591300.346, 91
Trd, 2591300.796, 118
Trd, 2591301.463, 110
Trd, 2591301.663, 98
Trd, 2591302.079, 94
Trd, 2591302.279, 79
Trd, 2591302.396, 74
Trd, 2591304.279, 106
Trd, 2591304.846, 119
Trd, 2591305.963, 118
Trd, 2591306.113, 115
Trd, 2591306.963, 106
Trd, 2591307.013, 105
Trd, 2591307.829, 108
Trd, 2591307.946, 101
Trd, 2591310.013, 100
Trd, 2591310.213, 112
Trd, 2591310.363, 98
Trd, 2591310.696, 91
Trd, 2591311.113, 81
Trd, 2591311.346, 98
Trd, 2591311.629, 84
Trd, 2591311.846, 94
Trd, 2591312.079, 96
Trd, 2591312.646, 98
Trd, 2591313.679, 86
Trd, 2591315.129, 89
Trd, 2591316.229, 87
Trd, 2591316.763, 88
Trd, 2591316.813, 81
Trd, 2591317.679, 93
Trd, 2591318.129, 85
Trd, 2591319.263, 99
Trd, 2591319.429, 98
Trd, 2591320.146, 108
Trd, 2591320.746, 112
Trd, 2591321.229, 116
Trd, 2591322.096, 109
Trd, 2591322.146, 110
Trd, 2591322.896, 114
Trd, 2591323.696, 112
Trd, 2591323.879, 117
Trd, 2591323.996, 109
Trd, 2591325.046, 92
Trd, 2591325.596, 92
Trd, 2591326.046, 93
Trd, 2591326.679, 107
Trd, 2591326.863, 114
Trd, 2591327.829, 91
Trd, 2591328.863, 103
Trd, 2591329.129, 104
Trd, 2591329.379, 105
Trd, 2591329.596, 107
Trd, 2591330.096, 115
Trd, 2591330.529, 81
Trd, 2591331.013, 109
Trd, 2591331.779, 113
Trd, 2591332.846, 94
Trd, 2591334.079, 88
Trd, 2591334.679, 87
Trd, 2591335.513, 116
Trd, 2591336.563, 113
Trd, 2591338.379, 85
Trd, 2591338.779, 95
Trd, 2591338.963, 112
Trd, 2591339.563, 119
Trd, 2591339.829, 112
Trd, 2591339.913, 108
Trd, 2591340.229, 84
Trd, 2591340.629, 102
Trd, 2591341.396, 100
Trd, 2591341.779, 103
Trd, 2591342.446, 94
Trd, 2591343.396, 94
Trd, 2591343.646, 87
Trd, 2591345.413, 98
Trd, 2591345.929, 91
Trd, 2591346.446, 92
Trd, 2591347.563, 94
Trd, 2591348.096, 97
Trd, 2591348.296, 81
Trd, 2591348.596, 84
Trd, 2591348.663, 98
Trd, 2591348.913, 99
Trd, 2591350.246, 84
Trd, 2591350.946, 89
Trd, 2591351.979, 97
Trd, 2591352.113, 98
Trd, 2591352.663, 89
Trd, 2591352.713, 88
Trd, 2591353.513, 101
Trd, 2591354.079, 92
Trd, 2591354.363, 105
Trd, 2591354.679, 91
Trd, 2591354.829, 96
Trd, 2591355.079, 105
Trd, 2591356.379, 81
Trd, 2591358.246, 83
Trd, 2591360.596, 107
Trd, 2591361.063, 108
Trd, 2591361.146, 109
Trd, 2591361.463, 113
Trd, 2591361.813, 106
Trd, 2591362.279, 107
Trd, 2591362.679, 99
Trd, 2591362.929, 98
Trd, 2591363.813, 108
Trd, 2591364.713, 114
Trd, 2591364.813, 116
Trd, 2591364.879, 101
Trd, 2591365.829, 105
Trd, 2591366.513, 99
Trd, 2591367.696, 92
Trd, 2591367.829, 114
Trd, 2591368.013, 91
Trd, 2591368.929, 89
Trd, 2591369.063, 112
Trd, 2591369.479, 103
Trd, 2591369.913, 118
Trd, 2591370.129, 118
Trd, 2591372.196, 107
Trd, 2591372.263, 82
Trd, 2591372.996, 117
Trd, 2591373.879, 89
Trd, 2591374.363, 101
Trd, 2591375.846, 96
Trd, 2591376.163, 110
Trd, 2591376.196, 102
Trd, 2591378.163, 110
Trd, 2591378.329, 96
Trd, 2591379.479, 95
Trd, 2591379.546, 93
Trd, 2591379.696, 110
Trd, 2591380.629, 101
Trd, 2591381.479, 110
Trd, 2591382.446, 107
Trd, 2591382.496, 97
Trd, 2591383.196, 107
Trd, 2591383.746, 95
Trd, 2591383.879, 95
Trd, 2591384.779, 92
Trd, 2591385.513, 93
Trd, 2591387.029, 102
Trd, 2591387.179, 92
Trd, 2591387.313, 105
Trd, 2591387.729, 116
Trd, 2591388.346, 101
Trd, 2591388.563, 118
Trd, 2591389.363, 86
Trd, 2591390.379, 112
Trd, 2591390.896, 113
Trd, 2591391.413, 97
Trd, 2591393.379, 94
Trd, 2591394.213, 94
Trd, 2591394.229, 117
Trd, 2591394.429, 91
Trd, 2591396.113, 120
Trd, 2591396.946, 112
Trd, 2591397.146, 118
Trd, 2591398.296, 115
Trd, 2591398.679, 112
Trd, 2591398.929, 108
Trd, 2591399.413, 110
Trd, 2591399.629, 105
Trd, 2591399.779, 109
Trd, 2591399.946, 98
Trd, 2591399.979, 113
Trd, 2591402.846, 112
Trd, 2591403.429, 117
Trd, 2591404.163, 115
Trd, 2591404.596, 101
Trd, 2591404.946, 94
Trd, 2591405.063, 92
Trd, 2591405.163, 101
Trd, 2591405.413, 91
Trd, 2591405.879, 80
Trd, 2591406.063, 109
Trd, 2591408.046, 100
Trd, 2591408.113, 101
Trd, 2591408.746, 88
Trd, 2591408.846, 87
Trd, 2591408.879, 84
Trd, 2591409.496, 100
Trd, 2591412.313, 99
Trd, 2591412.963, 99
Trd, 2591413.446, 117
Trd, 2591413.646, 96
Trd, 2591414.213, 109
Trd, 2591414.763, 113
Trd, 2591415.546, 101
Trd, 2591416.946, 102
Trd, 2591417.013, 105
Trd, 2591418.179, 123
Trd, 2591419.446, 122
Trd, 2591419.579, 108
Trd, 2591419.829, 119
Trd, 2591420.196, 121
Trd, 2591420.246, 105
Trd, 2591420.813, 101
Trd, 2591422.196, 109
Trd, 2591422.279, 107
Trd, 2591422.313, 98
Trd, 2591423.329, 104
Trd, 2591424.946, 88
Trd, 2591425.363, 102
Trd, 2591426.013, 88
Trd, 2591426.429, 112
Trd, 2591426.779, 88
Trd, 2591426.979, 113
Trd, 2591427.213, 115
Trd, 2591428.096, 115
Trd, 2591428.963, 104
Trd, 2591429.296, 87
Trd, 2591430.113, 83
Trd, 2591431.463, 86
Trd, 2591432.079, 114
Trd, 2591433.179, 89
Trd, 2591433.496, 88
Trd, 2591433.613, 87
Trd, 2591433.746, 93
Trd, 2591433.796, 99
Trd, 2591434.746, 101
Trd, 2591435.113, 105
Trd, 2591435.596, 107
Trd, 2591435.746, 93
Trd, 2591437.196, 112
Trd, 2591437.396, 114
Trd, 2591439.446, 93
Trd, 2591440.479, 93
Trd, 2591441.963, 99
Trd, 2591442.229, 108
Trd, 2591442.246, 111
Trd, 2591442.779, 93
Trd, 2591443.446, 92
Trd, 2591443.463, 91
Trd, 2591443.696, 105
Trd, 2591444.379, 107
Trd, 2591444.429, 108
Trd, 2591444.463, 112
Trd, 2591445.279, 82
Trd, 2591446.296, 94
Trd, 2591447.746, 90
Trd, 2591448.146, 89
Trd, 2591448.229, 88
Trd, 2591448.679, 87
Trd, 2591449.846, 86
Trd, 2591450.179, 97
Trd, 2591450.496, 83
Trd, 2591451.279, 81
Trd, 2591451.879, 101
Trd, 2591452.063, 103
Trd, 2591452.829, 100
Trd, 2591454.396, 80
Trd, 2591454.613, 103
Trd, 2591454.679, 104
Trd, 2591454.796, 111
Trd, 2591455.746, 85
Trd, 2591455.796, 86
Trd, 2591456.496, 82
Trd, 2591456.679, 111
Trd, 2591457.346, 85
Trd, 2591457.396, 112
Trd, 2591458.029, 82
Trd, 2591458.213, 101
Trd, 2591459.179, 109
Trd, 2591460.313, 95
Trd, 2591460.429, 92
Trd, 2591462.013, 92
Trd, 2591463.463, 90
Trd, 2591464.196, 85
Trd, 2591464.346, 81
Trd, 2591465.579, 107
Trd, 2591465.896, 87
Trd, 2591465.963, 89
Trd, 2591466.646, 108
Trd, 2591467.596, 91
Trd, 2591467.963, 86
Trd, 2591468.279, 88
Trd, 2591468.329, 87
Trd, 2591468.646, 96
Trd, 2591469.646, 89
Trd, 2591469.863, 100
Trd, 2591470.446, 101
Trd, 2591471.429, 108
Trd, 2591472.196, 110
Trd, 2591473.046, 100
Trd, 2591473.963, 94
Trd, 2591474.096, 98
Trd, 2591474.279, 101
Trd, 2591474.679, 94
Trd, 2591475.113, 106
Trd, 2591475.479, 112
Trd, 2591476.296, 87
Trd, 2591476.446, 81
Trd, 2591477.179, 78
Trd, 2591477.479, 80
Trd, 2591477.713, 80
Trd, 2591478.679, 91
Trd, 2591479.696, 92
Trd, 2591480.079, 81
Trd, 2591481.813, 92
Trd, 2591482.596, 102
Trd, 2591483.063, 106
Trd, 2591483.879, 113
Trd, 2591484.146, 111
Trd, 2591484.563, 117
Trd, 2591484.846, 84
Trd, 2591484.946, 113
Trd, 2591485.696, 85
Trd, 2591485.779, 84
Trd, 2591486.096, 112
Trd, 2591486.529, 114
Trd, 2591487.146, 120
Trd, 2591487.979, 110
Trd, 2591488.346, 108
Trd, 2591488.446, 107
Trd, 2591488.546, 103
Trd, 2591489.646, 102
Trd, 2591490.296, 101
Trd, 2591490.463, 103
Trd, 2591491.213, 123
Trd, 2591491.679, 106
Trd, 2591492.196, 118
Trd, 2591493.863, 115
Trd, 2591495.529, 111
Trd, 2591496.629, 117
Trd, 2591496.813, 98
Trd, 2591497.679, 105
Trd, 2591498.379, 114
Trd, 2591498.446, 93
Trd, 2591498.713, 91
Trd, 2591499.546, 105
Trd, 2591500.096, 85
Trd, 2591500.913, 92
Trd, 2591502.546, 91
Trd, 2591502.613, 93
Trd, 2591502.979, 108
Trd, 2591503.013, 115
Trd, 2591503.779, 102
Trd, 2591504.096, 106
Trd, 2591504.346, 90
Trd, 2591505.596, 96
Trd, 2591506.346, 97
Trd, 2591507.063, 97
Trd, 2591509.113, 101
Trd, 2591509.496, 101
Trd, 2591509.613, 99
Trd, 2591510.396, 112
Trd, 2591510.429, 98
Trd, 2591511.396, 97
Trd, 2591511.979, 96
Trd, 2591512.896, 115
Trd, 2591512.913, 118
Trd, 2591513.229, 109
Trd, 2591513.446, 110
Trd, 2591515.079, 98
Trd, 2591516.813, 97
Trd, 2591517.496, 91
Trd, 2591517.946, 90
Trd, 2591518.263, 92
Trd, 2591518.379, 101
Trd, 2591518.729, 108
Trd, 2591519.196, 117
Trd, 2591520.813, 125
Trd, 2591520.996, 118
Trd, 2591521.146, 136
Trd, 2591522.396, 89
Trd, 2591522.563, 90
Trd, 2591523.146, 91
Trd, 2591523.279, 90
Trd, 2591523.613, 105
Trd, 2591524.029, 99
Trd, 2591524.063, 90
Trd, 2591524.596, 105
Trd, 2591524.929, 106
Trd, 2591525.729, 118
Trd, 2591525.829, 92
Trd, 2591527.046, 107
Trd, 2591527.429, 94
Trd, 2591527.679, 114
Trd, 2591529.413, 115
Trd, 2591529.629, 115
Trd, 2591529.846, 118
Trd, 2591530.296, 104
Trd, 2591530.579, 101
Trd, 2591530.763, 112
Trd, 2591530.846, 124
Trd, 2591530.929, 91
Trd, 2591532.079, 82
Trd, 2591533.179, 93
Trd, 2591533.213, 113
Trd, 2591534.663, 124
Trd, 2591534.796, 129
Trd, 2591534.913, 108
Trd, 2591535.313, 80
Trd, 2591536.696, 93
Trd, 2591537.813, 89
Trd, 2591538.329, 121
Trd, 2591538.513, 123
Trd, 2591539.379, 109
Trd, 2591539.563, 89
Trd, 2591540.646, 93
Trd, 2591540.746, 93
Trd, 2591541.163, 103
Trd, 2591542.246, 87
Trd, 2591544.213, 114
Trd, 2591544.479, 116
Trd, 2591544.496, 104
Trd, 2591544.696, 117
Trd, 2591544.996, 122
Trd, 2591545.863, 118
Trd, 2591545.996, 114
Trd, 2591547.329, 110
Trd, 2591547.529, 108
Trd, 2591547.629, 91
Trd, 2591548.196, 112
Trd, 2591548.696, 100
Trd, 2591549.896, 88
Trd, 2591550.429, 91
Trd, 2591551.829, 102
Trd, 2591552.146, 99
Trd, 2591552.196, 97
Trd, 2591552.546, 102
Trd, 2591554.896, 106
Trd, 2591555.296, 101
Trd, 2591555.479, 110
Trd, 2591556.229, 98
Trd, 2591556.396, 97
Trd, 2591558.563, 108
Trd, 2591559.446, 101
Trd, 2591559.713, 109
Trd, 2591559.963, 99
Trd, 2591560.046, 96
Trd, 2591561.563, 117
Trd, 2591561.863, 112
Trd, 2591562.613, 105
Trd, 2591563.196, 103
Trd, 2591563.646, 103
Trd, 2591564.129, 104
Trd, 2591565.446, 105
Trd, 2591566.163, 99
Trd, 2591566.613, 96
Trd, 2591567.779, 94
Trd, 2591568.713, 94
Trd, 2591568.796, 91
Trd, 2591569.496, 105
Trd, 2591569.629, 91
Trd, 2591570.463, 112
Trd, 2591571.163, 113
Trd, 2591571.413, 115
Trd, 2591571.629, 117
Trd, 2591571.746, 112
Trd, 2591572.063, 106
Trd, 2591572.179, 115
Trd, 2591572.363, 105
Trd, 2591573.513, 108
Trd, 2591574.279, 118
Trd, 2591575.046, 118
Trd, 2591575.496, 118
Trd, 2591576.063, 118
Trd, 2591576.129, 114
Trd, 2591577.029, 111
Trd, 2591577.146, 105
Trd, 2591578.379, 109
Trd, 2591578.663, 101
Trd, 2591578.679, 111
Trd, 2591578.863, 112
Trd, 2591580.029, 101
Trd, 2591580.829, 112
Trd, 2591581.046, 98
Trd, 2591581.146, 106
Trd, 2591581.979, 91
Trd, 2591582.996, 90
Trd, 2591583.396, 98
Trd, 2591584.829, 82
Trd, 2591585.413, 81
Trd, 2591587.263, 94
Trd, 2591587.679, 94
Trd, 2591587.913, 100
Trd, 2591588.346, 101
Trd, 2591588.429, 110
Trd, 2591589.246, 111
Trd, 2591589.429, 113
Trd, 2591589.879, 74
Trd, 2591590.429, 107
Trd, 2591591.529, 113
Trd, 2591592.979, 83
Trd, 2591593.713, 111
Trd, 2591594.763, 112
Trd, 2591594.879, 114
Trd, 2591594.963, 108
Trd, 2591595.279, 115
Trd, 2591595.846, 98
Trd, 2591596.429, 91
Trd, 2591596.946, 86
Trd, 2591597.513, 74
Trd, 2591597.796, 94
Trd, 2591598.279, 97
Trd, 2591598.563, 92
Trd, 2591600.446, 101
Trd, 2591600.646, 103
Trd, 2591601.496, 114
Trd, 2591602.463, 114
Trd, 2591602.646, 113
Trd, 2591603.629, 118
Trd, 2591603.763, 108
Trd, 2591604.379, 105
Trd, 2591604.513, 101
Trd, 2591605.446, 88
Trd, 2591605.546, 101
Trd, 2591606.563, 90
Trd, 2591608.079, 100
Trd, 2591609.213, 100
Trd, 2591609.279, 102
Trd, 2591609.863, 99
Trd, 2591610.129, 114
Trd, 2591610.379, 98
Trd, 2591610.746, 94
Trd, 2591611.713, 95
Trd, 2591612.263, 110
Trd, 2591612.463, 83
Trd, 2591612.613, 80
Trd, 2591612.663, 104
Trd, 2591614.596, 81
Trd, 2591615.379, 82
Trd, 2591615.713, 84
Trd, 2591615.979, 81
Trd, 2591617.546, 107
Trd, 2591617.796, 76
Trd, 2591618.613, 107
Trd, 2591618.629, 112
Trd, 2591619.546, 75
Trd, 2591619.596, 117
Trd, 2591619.996, 76
Trd, 2591621.179, 84
Trd, 2591621.613, 85
Trd, 2591622.646, 87
Trd, 2591623.279, 101
Trd, 2591623.663, 91
Trd, 2591624.146, 104
Trd, 2591624.513, 87
Trd, 2591624.629, 87
Trd, 2591624.763, 112
Trd, 2591625.029, 87
Trd, 2591625.696, 100
Trd, 2591625.779, 88
Trd, 2591626.563, 106
Trd, 2591626.963, 106
Trd, 2591628.113, 90
Trd, 2591629.196, 116
Trd, 2591629.479, 120
Trd, 2591629.813, 112
Trd, 2591630.163, 113
Trd, 2591631.513, 108
Trd, 2591632.079, 124
Trd, 2591634.546, 105
Trd, 2591634.663, 108
Trd, 2591636.013, 101
Trd, 2591636.613, 109
Trd, 2591637.063, 98
Trd, 2591637.596, 92
Trd, 2591637.813, 91
Trd, 2591638.846, 105
Trd, 2591639.213, 106
Trd, 2591639.579, 107
Trd, 2591640.763, 97
Trd, 2591642.179, 100
Trd, 2591642.613, 115
Trd, 2591643.846, 98
Trd, 2591644.579, 106
Trd, 2591644.613, 93
Trd, 2591645.479, 96
Trd, 2591645.646, 107
Trd, 2591645.913, 92
Trd, 2591647.979, 115
Trd, 2591648.796, 118
Trd, 2591648.929, 112
Trd, 2591649.329, 119
Trd, 2591650.079, 111
Trd, 2591650.179, 109
Trd, 2591651.013, 101
Trd, 2591651.396, 98
Trd, 2591651.613, 90
Trd, 2591652.179, 100
Trd, 2591652.279, 82
Trd, 2591652.513, 80
Trd, 2591653.096, 100
Trd, 2591653.146, 101
Trd, 2591653.229, 92
Trd, 2591653.463, 109
Trd, 2591656.396, 97
Trd, 2591656.546, 99
Trd, 2591656.979, 100
Trd, 2591657.329, 96
Trd, 2591658.363, 97
Trd, 2591658.613, 110
Trd, 2591659.263, 92
Trd, 2591659.413, 107
Trd, 2591659.579, 109
Trd, 2591659.896, 103
Trd, 2591660.696, 91
Trd, 2591660.713, 110
Trd, 2591661.163, 112
Trd, 2591662.146, 104
Trd, 2591662.913, 87
Trd, 2591664.163, 108
Trd, 2591665.163, 82
Trd, 2591665.496, 120
Trd, 2591666.613, 102
Trd, 2591667.563, 84
Trd, 2591667.846, 99
Trd, 2591668.863, 101
Trd, 2591668.896, 106
Trd, 2591669.196, 93
Trd, 2591669.813, 111
Trd, 2591670.413, 107
Trd, 2591670.529, 112
Trd, 2591670.979, 115
Trd, 2591670.996, 91
Trd, 2591672.813, 115
Trd, 2591673.613, 97
Trd, 2591673.696, 94
Trd, 2591675.713, 81
Trd, 2591676.313, 96
Trd, 2591677.129, 94
Trd, 2591677.429, 101
Trd, 2591677.479, 103
Trd, 2591677.513, 80
Trd, 2591677.746, 109
Trd, 2591678.529, 113
Trd, 2591679.429, 115
Trd, 2591679.479, 108
Trd, 2591680.296, 109
Trd, 2591680.713, 105
Trd, 2591681.029, 109
Trd, 2591681.613, 105
Trd, 2591681.663, 98
Trd, 2591682.363, 91
Trd, 2591683.063, 117
Trd, 2591683.313, 104
Trd, 2591683.329, 87
Trd, 2591683.579, 118
Trd, 2591683.796, 129
Trd, 2591684.446, 94
Trd, 2591685.596, 111
Trd, 2591685.729, 98
Trd, 2591687.646, 111
Trd, 2591688.429, 102
Trd, 2591689.196, 100
Trd, 2591689.629, 98
Trd, 2591689.713, 94
Trd, 2591689.829, 96
Trd, 2591689.996, 107
Trd, 2591690.363, 110
Trd, 2591691.496, 106
Trd, 2591691.946, 93
Trd, 2591694.029, 111
Trd, 2591695.279, 111
Trd, 2591695.463, 108
Trd, 2591695.929, 107
Trd, 2591695.963, 112
Trd, 2591698.096, 106
Trd, 2591698.546, 102
Trd, 2591699.729, 107
Trd, 2591700.363, 99
Trd, 2591700.479, 108
Trd, 2591701.029, 98
Trd, 2591701.196, 95
Trd, 2591701.463, 111
Trd, 2591702.079, 115
Trd, 2591702.329, 88
Trd, 2591703.746, 119
Trd, 2591704.763, 118
Trd, 2591705.629, 119
Trd, 2591706.296, 110
Trd, 2591706.629, 110
Trd, 2591706.796, 106
Trd, 2591707.029, 101
Trd, 2591709.629, 86
Trd, 2591709.929, 85
Trd, 2591710.196, 81
Trd, 2591710.629, 106
Trd, 2591711.096, 105
Trd, 2591712.063, 106
Trd, 2591712.579, 112
Trd, 2591713.529, 115
Trd, 2591713.763, 115
Trd, 2591713.879, 112
Trd, 2591714.196, 108
Trd, 2591714.996, 105
Trd, 2591715.113, 109
Trd, 2591716.396, 108
Trd, 2591716.863, 101
Trd, 2591717.129, 85
Trd, 2591718.379, 112
Trd, 2591720.579, 90
Trd, 2591721.179, 90
Trd, 2591721.196, 91
Trd, 2591721.579, 89
Trd, 2591722.246, 90
Trd, 2591722.329, 87
Trd, 2591722.629, 94
Trd, 2591722.929, 107
Trd, 2591723.713, 123
Trd, 2591724.013, 95
Trd, 2591724.146, 88
Trd, 2591724.296, 108
Trd, 2591725.096, 124
Trd, 2591725.546, 117
Trd, 2591726.229, 88
Trd, 2591726.863, 126
Trd, 2591727.179, 100
Trd, 2591728.096, 108
Trd, 2591728.679, 93
Trd, 2591729.979, 108
Trd, 2591730.446, 95
Trd, 2591730.579, 96
Trd, 2591731.396, 100
Trd, 2591731.763, 97
Trd, 2591732.263, 108
Trd, 2591732.329, 109
Trd, 2591732.996, 91
Trd, 2591734.713, 98
Trd, 2591735.696, 81
Trd, 2591736.513, 96
Trd, 2591736.696, 103
Trd, 2591737.496, 108
Trd, 2591737.913, 97
Trd, 2591738.046, 109
Trd, 2591738.129, 95
Trd, 2591738.463, 94
Trd, 2591739.696, 112
Trd, 2591740.579, 116
Trd, 2591740.729, 112
Trd, 2591741.313, 110
Trd, 2591741.729, 116
Trd, 2591741.979, 108
Trd, 2591742.879, 98
Trd, 2591743.429, 91
Trd, 2591744.846, 92
Trd, 2591745.279, 117
Trd, 2591745.346, 94
Trd, 2591747.646, 116
Trd, 2591747.863, 122
Trd, 2591748.046, 112
Trd, 2591748.813, 108
Trd, 2591749.763, 118
Trd, 2591750.046, 118
Trd, 2591750.313, 99
Trd, 2591751.129, 102
Trd, 2591751.613, 102
Trd, 2591752.179, 100
Trd, 2591752.246, 98
Trd, 2591753.429, 110
Trd, 2591753.546, 113
Trd, 2591753.813, 112
Trd, 2591755.063, 116
Trd, 2591755.379, 108
Trd, 2591757.546, 102
Trd, 2591757.663, 91
Trd, 2591758.229, 80
Trd, 2591758.679, 109
Trd, 2591758.913, 110
Trd, 2591759.129, 75
Trd, 2591759.179, 112
Trd, 2591759.529, 74
Trd, 2591760.879, 115
Trd, 2591761.529, 91
Trd, 2591762.996, 116
Trd, 2591763.463, 96
Trd, 2591764.646, 95
Trd, 2591764.913, 99
Trd, 2591765.229, 105
Trd, 2591766.396, 103
Trd, 2591766.479, 106
Trd, 2591767.313, 107
Trd, 2591767.329, 108
Trd, 2591768.396, 106
Trd, 2591768.446, 104
Trd, 2591769.263, 101
Trd, 2591769.663, 102
Trd, 2591770.279, 104
Trd, 2591770.363, 98
Trd, 2591770.979, 108
Trd, 2591771.379, 97
Trd, 2591771.829, 91
Trd, 2591772.663, 106
Trd, 2591773.446, 107
Trd, 2591773.546, 95
Trd, 2591773.863, 112
Trd, 2591774.629, 112
Trd, 2591774.779, 81
Trd, 2591775.379, 87
Trd, 2591777.096, 80
Trd, 2591778.063, 91
Trd, 2591778.379, 83
Trd, 2591778.479, 80
Trd, 2591780.546, 99
Trd, 2591780.563, 100
Trd, 2591780.729, 101
Trd, 2591781.996, 95
Trd, 2591782.763, 106
Trd, 2591782.896, 113
Trd, 2591783.679, 93
Trd, 2591784.813, 101
Trd, 2591785.563, 94
Trd, 2591786.163, 95
Trd, 2591786.413, 101
Trd, 2591786.479, 92
Trd, 2591786.529, 115
Trd, 2591787.313, 113
Trd, 2591787.513, 92
Trd, 2591787.646, 115
Trd, 2591788.513, 115
Trd, 2591788.679, 111
Trd, 2591790.179, 109
Trd, 2591790.429, 102
Trd, 2591791.863, 101
Trd, 2591792.596, 98
Trd, 2591792.646, 103
Trd, 2591793.346, 92
Trd, 2591794.779, 92
Trd, 2591794.846, 91
Trd, 2591795.096, 81
Trd, 2591795.513, 93
Trd, 2591795.963, 98
Trd, 2591796.046, 105
Trd, 2591797.813, 90
Trd, 2591798.096, 122
Trd, 2591799.146, 88
Trd, 2591799.663, 93
Trd, 2591800.196, 108
Trd, 2591803.446, 96
Trd, 2591803.763, 97
Trd, 2591804.013, 101
Trd, 2591804.029, 101
Trd, 2591804.046, 96
Trd, 2591804.913, 104
Trd, 2591805.013, 109
Trd, 2591805.463, 109
Trd, 2591805.696, 95
Trd, 2591805.879, 92
Trd, 2591805.979, 91
Trd, 2591807.963, 93
Trd, 2591808.379, 102
Trd, 2591809.479, 102
Trd, 2591809.596, 104
Trd, 2591810.413, 112
Trd, 2591810.446, 113
Trd, 2591810.929, 119
Trd, 2591811.463, 124
Trd, 2591812.213, 91
Trd, 2591813.563, 95
Trd, 2591813.729, 95
Trd, 2591814.096, 94
Trd, 2591815.029, 106
Trd, 2591815.613, 102
Trd, 2591816.129, 98
Trd, 2591816.179, 98
Trd, 2591817.529, 110
Trd, 2591818.913, 96
Trd, 2591818.996, 102
Trd, 2591819.629, 103
Trd, 2591820.046, 91
Trd, 2591820.163, 105
Trd, 2591820.329, 113
Trd, 2591820.713, 92
Trd, 2591821.313, 93
Trd, 2591821.463, 122
Trd, 2591821.479, 92
Trd, 2591822.729, 92
Trd, 2591824.813, 113
Trd, 2591825.629, 91
Trd, 2591826.963, 99
Trd, 2591827.363, 92
Trd, 2591828.529, 100
Trd, 2591828.646, 102
Trd, 2591828.929, 90
Trd, 2591830.813, 91
Trd, 2591831.713, 93
Trd, 2591831.896, 94
Trd, 2591831.946, 92
Trd, 2591832.196, 105
Trd, 2591834.196, 111
Trd, 2591834.596, 98
Trd, 2591834.763, 114
Trd, 2591834.779, 97
Trd, 2591834.996, 95
Trd, 2591835.796, 118
Trd, 2591836.413, 109
Trd, 2591836.679, 94
Trd, 2591836.846, 81
Trd, 2591836.879, 112
Trd, 2591837.313, 92
Trd, 2591838.179, 98
Trd, 2591838.279, 102
Trd, 2591838.696, 91
Trd, 2591840.479, 109
Trd, 2591840.579, 111
Trd, 2591840.696, 105
Trd, 2591841.379, 114
Trd, 2591841.613, 112
Trd, 2591842.463, 107
Trd, 2591844.096, 87
Trd, 2591844.163, 86
Trd, 2591844.229, 87
Trd, 2591845.246, 86
Trd, 2591845.429, 85
Trd, 2591845.563, 118
Trd, 2591847.463, 96
Trd, 2591847.996, 103
Trd, 2591848.046, 104
Trd, 2591848.746, 81
Trd, 2591849.246, 94
Trd, 2591849.313, 106
Trd, 2591849.563, 76
Trd, 2591850.346, 97
Trd, 2591850.713, 105
Trd, 2591850.829, 107
Trd, 2591851.513, 108
Trd, 2591851.713, 115
Trd, 2591852.579, 112
Trd, 2591853.713, 101
Trd, 2591853.763, 91
Trd, 2591854.429, 115
Trd, 2591855.063, 99
Trd, 2591855.763, 106
Trd, 2591857.096, 91
Trd, 2591857.513, 89
Trd, 2591857.529, 110
Trd, 2591859.013, 92
Trd, 2591859.713, 103
Trd, 2591859.779, 103
Trd, 2591859.913, 103
Trd, 2591860.179, 105
Trd, 2591860.896, 109
Trd, 2591861.313, 108
Trd, 2591861.596, 107
Trd, 2591862.713, 99
Trd, 2591863.429, 103
Trd, 2591863.813, 99
Trd, 2591864.079, 108
Trd, 2591865.446, 109
Trd, 2591866.313, 100
Trd, 2591866.396, 98
Trd, 2591866.513, 94
Trd, 2591866.729, 108
Trd, 2591866.896, 106
Trd, 2591867.879, 109
Trd, 2591868.213, 112
Trd, 2591868.479, 106
Trd, 2591869.179, 98
Trd, 2591869.196, 118
Trd, 2591869.646, 113
Trd, 2591870.329, 91
Trd, 2591871.279, 108
Trd, 2591872.429, 83
Trd, 2591873.063, 82
Trd, 2591873.296, 101
Trd, 2591873.613, 105
Trd, 2591874.679, 109
Trd, 2591875.946, 96
Trd, 2591876.479, 85
Trd, 2591877.163, 80
Trd, 2591877.929, 99
Trd, 2591878.896, 88
Trd, 2591879.096, 106
Trd, 2591879.179, 80
Trd, 2591880.379, 106
Trd, 2591880.679, 106
Trd, 2591881.063, 88
Trd, 2591881.563, 84
Trd, 2591883.613, 89
Trd, 2591883.829, 89
Trd, 2591883.946, 90
Trd, 2591884.763, 93
Trd, 2591885.046, 89
Trd, 2591886.696, 113
Trd, 2591886.763, 114
Trd, 2591887.279, 118
Trd, 2591887.529, 114
Trd, 2591887.546, 108
Trd, 2591888.113, 112
Trd, 2591889.413, 106
Trd, 2591890.213, 111
Trd, 2591890.579, 105
Trd, 2591890.663, 118
Trd, 2591891.179, 101
Trd, 2591892.379, 93
Trd, 2591893.229, 100
Trd, 2591893.679, 101
Trd, 2591894.763, 95
Trd, 2591895.063, 98
Trd, 2591895.279, 114
Trd, 2591895.579, 116
Trd, 2591896.096, 116
Trd, 2591896.963, 93
Trd, 2591897.763, 91
Trd, 2591897.946, 96
Trd, 2591899.279, 101
Trd, 2591899.696, 110
Trd, 2591900.079, 95
Trd, 2591900.446, 94
Trd, 2591900.746, 98
Trd, 2591902.113, 93
Trd, 2591903.129, 82
Trd, 2591903.796, 110
Trd, 2591904.796, 83
Trd, 2591904.929, 110
Trd, 2591904.946, 108
Trd, 2591907.896, 112
Trd, 2591908.946, 116
Trd, 2591909.113, 115
Trd, 2591910.813, 112
Trd, 2591910.829, 113
Trd, 2591911.329, 116
Trd, 2591911.796, 106
Trd, 2591911.996, 105
Trd, 2591912.146, 107
Trd, 2591912.396, 101
Trd, 2591912.663, 120
Trd, 2591912.679, 91
Trd, 2591912.846, 99
Trd, 2591913.646, 88
Trd, 2591914.579, 96
Trd, 2591914.629, 101
Trd, 2591914.779, 88
Trd, 2591916.546, 98
Trd, 2591916.629, 92
Trd, 2591916.679, 101
Trd, 2591917.779, 91
Trd, 2591918.163, 91
Trd, 2591918.413, 87
Trd, 2591918.429, 81
Trd, 2591919.946, 77
Trd, 2591920.329, 74
Trd, 2591920.763, 90
Trd, 2591921.563, 92
Trd, 2591922.296, 108
Trd, 2591922.796, 111
Trd, 2591923.829, 109
Trd, 2591924.313, 86
Trd, 2591925.546, 84
Trd, 2591926.629, 88
Trd, 2591926.746, 89
Trd, 2591928.429, 96
Trd, 2591929.346, 101
Trd, 2591929.496, 106
Trd, 2591929.513, 87
Trd, 2591930.113, 88
Trd, 2591930.896, 90
Trd, 2591931.229, 110
Trd, 2591932.146, 109
Trd, 2591932.513, 93
Trd, 2591932.746, 109
Trd, 2591933.613, 110
Trd, 2591934.779, 95
Trd, 2591935.696, 100
Trd, 2591935.713, 97
Trd, 2591935.879, 114
Trd, 2591936.446, 93
Trd, 2591938.929, 105
Trd, 2591939.579, 112
Trd, 2591939.646, 113
Trd, 2591941.013, 100
Trd, 2591941.279, 101
Trd, 2591941.363, 107
Trd, 2591941.963, 101
Trd, 2591942.946, 111
Trd, 2591942.963, 102
Trd, 2591943.013, 98
Trd, 2591943.613, 118
Trd, 2591943.729, 117
Trd, 2591943.813, 91
Trd, 2591944.163, 85
Trd, 2591946.596, 98
Trd, 2591946.663, 101
Trd, 2591947.213, 110
Trd, 2591948.679, 90
Trd, 2591948.829, 91
Trd, 2591948.946, 88
Trd, 2591949.363, 109
Trd, 2591949.479, 110
Trd, 2591949.646, 81
Trd, 2591950.613, 116
Trd, 2591950.946, 121
Trd, 2591951.829, 97
Trd, 2591951.996, 92
Trd, 2591952.213, 91
Trd, 2591954.046, 107
Trd, 2591954.979, 108
Trd, 2591955.013, 107
Trd, 2591955.646, 121
Trd, 2591955.863, 113
Trd, 2591956.679, 110
Trd, 2591956.846, 114
Trd, 2591957.229, 113
Trd, 2591958.096, 99
Trd, 2591959.246, 108
Trd, 2591959.629, 99
Trd, 2591959.929, 107
Trd, 2591960.196, 103
Trd, 2591960.463, 107
Trd, 2591960.679, 108
Trd, 2591961.146, 109
Trd, 2591961.979, 101
Trd, 2591964.629, 98
Trd, 2591965.296, 94
Trd, 2591965.963, 103
Trd, 2591966.579, 103
Trd, 2591966.646, 105
Trd, 2591967.329, 98
Trd, 2591967.646, 106
Trd, 2591968.896, 88
Trd, 2591969.546, 80
Trd, 2591969.763, 93
Trd, 2591970.129, 78
Trd, 2591972.013, 75
Trd, 2591973.279, 86
Trd, 2591973.363, 101
Trd, 2591973.696, 114
Trd, 2591974.146, 110
Trd, 2591974.513, 113
Trd, 2591974.863, 80
Trd, 2591975.413, 90
Trd, 2591975.713, 77
Trd, 2591976.079, 112
Trd, 2591977.846, 111
Trd, 2591978.213, 112
Trd, 2591980.763, 103
Trd, 2591980.979, 102
Trd, 2591981.263, 101
Trd, 2591981.696, 98
Trd, 2591982.379, 93
Trd, 2591982.463, 106
Trd, 2591982.846, 106
Trd, 2591983.029, 91
Trd, 2591983.196, 113
Trd, 2591983.446, 112
Trd, 2591984.229, 121
Trd, 2591985.179, 117
Trd, 2591985.379, 92
Trd, 2591986.096, 118
Trd, 2591986.496, 115
Trd, 2591987.013, 97
Trd, 2591987.796, 105
Trd, 2591988.379, 101
Trd, 2591988.446, 93
Trd, 2591989.063, 90
Trd, 2591990.429, 81
Trd, 2591991.013, 77
Trd, 2591991.913, 92
Trd, 2591992.029, 99
Trd, 2591992.163, 103
Trd, 2591992.179, 81
Trd, 2591992.896, 77
Trd, 2591993.063, 75
Trd, 2591994.196, 89
Trd, 2591994.329, 100
Trd, 2591994.579, 101
Trd, 2591994.696, 99
Trd, 2591996.529, 109
Trd, 2591996.763, 113
Trd, 2591998.029, 113
Trd, 2591998.163, 98
Trd, 2591998.379, 117
Trd, 2591999.579, 108
