Trd, 2590660.946, 102
Trd, 2590661.296, 101
Trd, 2590661.429, 97
Trd, 2590662.829, 87
Trd, 2590662.863, 91
Trd, 2590664.146, 108
Trd, 2590664.196, 107
Trd, 2590665.313, 100
Trd, 2590665.813, 101
Trd, 2590666.146, 100
Trd, 2590666.596, 110
Trd, 2590666.896, 100
Trd, 2590668.463, 86
Trd, 2590669.413, 103
Trd, 2590670.346, 101
Trd, 2590670.563, 100
Trd, 2590670.963, 99
Trd, 2590670.996, 115
Trd, 2590671.179, 97
Trd, 2590672.996, 104
Trd, 2590673.129, 77
Trd, 2590673.396, 81
Trd, 2590675.596, 92
Trd, 2590675.679, 91
Trd, 2590675.796, 99
Trd, 2590676.163, 86
Trd, 2590676.263, 77
Trd, 2590678.313, 95
Trd, 2590678.479, 89
Trd, 2590679.013, 102
Trd, 2590679.463, 105
Trd, 2590680.746, 100
Trd, 2590680.829, 107
Trd, 2590681.346, 101
Trd, 2590681.763, 100
Trd, 2590682.463, 109
Trd, 2590682.679, 114
Trd, 2590682.896, 107
Trd, 2590683.329, 119
Trd, 2590685.096, 109
Trd, 2590686.129, 108
Trd, 2590687.496, 110
Trd, 2590687.763, 109
Trd, 2590688.579, 113
Trd, 2590688.913, 105
Trd, 2590689.679, 101
Trd, 2590689.713, 93
Trd, 2590689.896, 111
Trd, 2590690.313, 94
Trd, 2590690.546, 93
Trd, 2590691.979, 94
Trd, 2590692.179, 98
Trd, 2590692.346, 92
Trd, 2590692.879, 91
Trd, 2590693.429, 88
Trd, 2590694.379, 114
Trd, 2590695.063, 115
Trd, 2590695.129, 99
Trd, 2590695.846, 95
Trd, 2590696.146, 100
Trd, 2590696.396, 94
Trd, 2590696.929, 110
Trd, 2590698.913, 106
Trd, 2590699.663, 104
Trd, 2590699.696, 101
Trd, 2590699.713, 97
Trd, 2590700.829, 87
Trd, 2590702.046, 87
Trd, 2590702.429, 102
Trd, 2590702.596, 86
Trd, 2590703.113, 91
Trd, 2590703.463, 98
Trd, 2590705.563, 96
Trd, 2590705.663, 94
Trd, 2590706.996, 95
Trd, 2590707.663, 93
Trd, 2590707.779, 93
Trd, 2590708.313, 102
Trd, 2590709.296, 104
Trd, 2590710.979, 104
Trd, 2590711.013, 108
Trd, 2590713.129, 113
Trd, 2590714.229, 112
Trd, 2590714.379, 112
Trd, 2590714.896, 97
Trd, 2590716.046, 97
Trd, 2590716.379, 96
Trd, 2590717.013, 96
Trd, 2590718.246, 87
Trd, 2590718.846, 86
Trd, 2590719.446, 93
Trd, 2590719.546, 101
Trd, 2590720.296, 101
Trd, 2590722.696, 100
Trd, 2590723.946, 93
Trd, 2590724.196, 108
Trd, 2590724.446, 104
Trd, 2590724.596, 105
Trd, 2590724.929, 104
Trd, 2590725.629, 107
Trd, 2590727.029, 102
Trd, 2590727.379, 101
Trd, 2590727.913, 87
Trd, 2590728.463, 106
Trd, 2590729.896, 94
Trd, 2590730.146, 90
Trd, 2590730.163, 96
Trd, 2590731.029, 97
Trd, 2590731.063, 87
Trd, 2590731.396, 87
Trd, 2590732.363, 96
Trd, 2590732.529, 96
Trd, 2590733.863, 101
Trd, 2590734.313, 97
Trd, 2590734.463, 97
Trd, 2590735.146, 103
Trd, 2590735.229, 114
Trd, 2590736.096, 112
Trd, 2590737.579, 116
Trd, 2590737.696, 112
Trd, 2590737.713, 92
Trd, 2590737.729, 88
Trd, 2590737.829, 115
Trd, 2590740.229, 101
Trd, 2590740.479, 102
Trd, 2590740.613, 103
Trd, 2590742.346, 97
Trd, 2590742.413, 97
Trd, 2590742.963, 98
Trd, 2590744.596, 106
Trd, 2590744.946, 110
Trd, 2590746.679, 112
Trd, 2590746.829, 103
Trd, 2590746.929, 97
Trd, 2590749.279, 93
Trd, 2590750.063, 93
Trd, 2590750.396, 94
Trd, 2590750.646, 93
Trd, 2590751.413, 93
Trd, 2590751.446, 94
Trd, 2590751.496, 92
Trd, 2590753.229, 92
Trd, 2590753.246, 99
Trd, 2590753.329, 104
Trd, 2590753.846, 106
Trd, 2590754.229, 88
Trd, 2590754.396, 87
Trd, 2590754.763, 116
Trd, 2590757.213, 86
Trd, 2590757.496, 84
Trd, 2590758.979, 84
Trd, 2590759.696, 89
Trd, 2590759.863, 95
Trd, 2590760.046, 86
Trd, 2590760.279, 85
Trd, 2590760.896, 89
Trd, 2590761.163, 94
Trd, 2590761.913, 91
Trd, 2590763.096, 104
Trd, 2590764.013, 90
Trd, 2590764.346, 94
Trd, 2590764.613, 94
Trd, 2590764.663, 89
Trd, 2590764.913, 100
Trd, 2590765.229, 105
Trd, 2590765.379, 88
Trd, 2590766.896, 101
Trd, 2590767.063, 100
Trd, 2590768.079, 112
Trd, 2590769.363, 100
Trd, 2590771.079, 104
Trd, 2590771.163, 105
Trd, 2590771.229, 103
Trd, 2590771.546, 102
Trd, 2590772.246, 97
Trd, 2590773.946, 96
Trd, 2590774.179, 87
Trd, 2590775.179, 83
Trd, 2590776.163, 82
Trd, 2590776.179, 108
Trd, 2590778.196, 83
Trd, 2590778.963, 83
Trd, 2590779.046, 85
Trd, 2590779.296, 97
Trd, 2590779.563, 99
Trd, 2590780.546, 82
Trd, 2590781.013, 104
Trd, 2590781.746, 104
Trd, 2590781.829, 100
Trd, 2590782.546, 103
Trd, 2590782.913, 96
Trd, 2590783.179, 88
Trd, 2590784.546, 111
Trd, 2590784.996, 116
Trd, 2590786.629, 89
Trd, 2590787.729, 80
Trd, 2590787.863, 88
Trd, 2590788.096, 80
Trd, 2590788.879, 79
Trd, 2590789.396, 88
Trd, 2590790.013, 91
Trd, 2590791.263, 91
Trd, 2590791.379, 90
Trd, 2590792.613, 90
Trd, 2590792.779, 93
Trd, 2590793.413, 86
Trd, 2590793.646, 85
Trd, 2590793.929, 93
Trd, 2590795.296, 87
Trd, 2590796.296, 84
Trd, 2590797.546, 94
Trd, 2590797.829, 94
Trd, 2590798.363, 100
Trd, 2590799.296, 95
Trd, 2590799.513, 94
Trd, 2590799.763, 101
Trd, 2590799.846, 91
Trd, 2590800.863, 89
Trd, 2590800.913, 88
Trd, 2590801.029, 94
Trd, 2590801.629, 88
Trd, 2590803.913, 93
Trd, 2590805.246, 96
Trd, 2590805.563, 110
Trd, 2590806.729, 105
Trd, 2590807.829, 104
Trd, 2590808.429, 108
Trd, 2590808.446, 100
Trd, 2590808.663, 109
Trd, 2590809.129, 98
Trd, 2590809.229, 114
Trd, 2590810.229, 100
Trd, 2590811.113, 110
Trd, 2590811.346, 88
Trd, 2590811.513, 87
Trd, 2590812.046, 96
Trd, 2590812.163, 84
Trd, 2590812.329, 109
Trd, 2590814.496, 88
Trd, 2590815.996, 94
Trd, 2590816.846, 92
Trd, 2590816.979, 89
Trd, 2590817.513, 92
Trd, 2590818.163, 95
Trd, 2590818.579, 97
Trd, 2590819.429, 99
Trd, 2590820.496, 95
Trd, 2590820.629, 87
Trd, 2590820.763, 98
Trd, 2590820.996, 101
Trd, 2590822.679, 83
Trd, 2590825.146, 95
Trd, 2590825.346, 95
Trd, 2590825.696, 89
Trd, 2590825.963, 96
Trd, 2590828.496, 108
Trd, 2590828.713, 107
Trd, 2590829.146, 109
Trd, 2590829.613, 101
Trd, 2590829.696, 95
Trd, 2590830.379, 95
Trd, 2590831.379, 97
Trd, 2590831.529, 96
Trd, 2590831.813, 93
Trd, 2590833.679, 92
Trd, 2590834.263, 99
Trd, 2590834.763, 92
Trd, 2590834.929, 91
Trd, 2590835.329, 100
Trd, 2590835.863, 102
Trd, 2590836.179, 97
Trd, 2590837.263, 105
Trd, 2590837.329, 88
Trd, 2590838.613, 88
Trd, 2590839.579, 107
Trd, 2590840.179, 114
Trd, 2590840.629, 89
Trd, 2590841.679, 92
Trd, 2590842.013, 93
Trd, 2590844.296, 90
Trd, 2590844.363, 91
Trd, 2590844.713, 87
Trd, 2590845.429, 90
Trd, 2590845.813, 87
Trd, 2590846.096, 85
Trd, 2590846.229, 83
Trd, 2590847.146, 109
Trd, 2590848.913, 105
Trd, 2590849.146, 104
Trd, 2590849.346, 103
Trd, 2590850.696, 110
Trd, 2590851.079, 99
Trd, 2590851.546, 93
Trd, 2590852.263, 81
Trd, 2590852.663, 105
Trd, 2590853.446, 102
Trd, 2590853.546, 103
Trd, 2590854.629, 104
Trd, 2590855.513, 106
Trd, 2590855.563, 103
Trd, 2590855.646, 101
Trd, 2590856.613, 91
Trd, 2590857.196, 91
Trd, 2590859.146, 109
Trd, 2590860.563, 97
Trd, 2590860.763, 101
Trd, 2590861.913, 98
Trd, 2590862.479, 98
Trd, 2590862.613, 103
Trd, 2590862.629, 88
Trd, 2590863.463, 109
Trd, 2590864.196, 88
Trd, 2590865.063, 110
Trd, 2590865.113, 100
Trd, 2590865.129, 97
Trd, 2590865.146, 88
Trd, 2590865.629, 113
Trd, 2590865.663, 114
Trd, 2590866.163, 89
Trd, 2590868.113, 94
Trd, 2590868.379, 97
Trd, 2590869.313, 111
Trd, 2590870.296, 112
Trd, 2590870.579, 111
Trd, 2590872.329, 105
Trd, 2590872.729, 105
Trd, 2590873.663, 109
Trd, 2590874.946, 101
Trd, 2590875.063, 96
Trd, 2590875.529, 86
Trd, 2590875.596, 108
Trd, 2590877.079, 103
Trd, 2590878.879, 107
Trd, 2590879.129, 105
Trd, 2590879.496, 108
Trd, 2590879.529, 102
Trd, 2590880.263, 108
Trd, 2590880.313, 98
Trd, 2590880.929, 100
Trd, 2590881.829, 99
Trd, 2590883.913, 92
Trd, 2590884.596, 92
Trd, 2590885.063, 99
Trd, 2590886.046, 93
Trd, 2590886.246, 93
Trd, 2590886.563, 93
Trd, 2590886.979, 86
Trd, 2590887.663, 89
Trd, 2590888.379, 102
Trd, 2590888.579, 108
Trd, 2590890.046, 104
Trd, 2590890.579, 104
Trd, 2590891.079, 102
Trd, 2590891.513, 102
Trd, 2590892.546, 105
Trd, 2590892.863, 105
Trd, 2590893.763, 101
Trd, 2590894.129, 88
Trd, 2590897.096, 98
Trd, 2590897.729, 93
Trd, 2590899.063, 95
Trd, 2590899.463, 96
Trd, 2590899.829, 94
Trd, 2590899.996, 101
Trd, 2590900.113, 102
Trd, 2590900.229, 92
Trd, 2590900.279, 108
Trd, 2590900.746, 93
Trd, 2590901.213, 87
Trd, 2590902.296, 89
Trd, 2590904.296, 95
Trd, 2590904.496, 92
Trd, 2590906.679, 92
Trd, 2590907.079, 91
Trd, 2590907.763, 90
Trd, 2590908.279, 94
Trd, 2590908.596, 95
Trd, 2590909.146, 99
Trd, 2590910.129, 99
Trd, 2590910.313, 94
Trd, 2590910.963, 96
Trd, 2590911.029, 92
Trd, 2590911.229, 100
Trd, 2590911.796, 89
Trd, 2590911.979, 92
Trd, 2590913.546, 105
Trd, 2590914.013, 106
Trd, 2590914.563, 102
Trd, 2590915.679, 103
Trd, 2590916.113, 101
Trd, 2590917.079, 88
Trd, 2590917.296, 97
Trd, 2590917.363, 105
Trd, 2590917.379, 87
Trd, 2590919.379, 101
Trd, 2590920.546, 86
Trd, 2590920.979, 98
Trd, 2590925.063, 89
Trd, 2590925.796, 88
Trd, 2590926.346, 96
Trd, 2590926.579, 88
Trd, 2590926.646, 87
Trd, 2590926.896, 85
Trd, 2590927.096, 107
Trd, 2590927.829, 105
Trd, 2590927.846, 81
Trd, 2590928.413, 102
Trd, 2590928.796, 101
Trd, 2590930.629, 105
Trd, 2590930.979, 110
Trd, 2590931.163, 103
Trd, 2590932.046, 104
Trd, 2590932.213, 99
Trd, 2590932.679, 99
Trd, 2590933.313, 106
Trd, 2590933.763, 102
Trd, 2590934.113, 98
Trd, 2590934.613, 105
Trd, 2590935.296, 98
Trd, 2590935.363, 97
Trd, 2590936.579, 94
Trd, 2590937.279, 88
Trd, 2590937.629, 97
Trd, 2590937.846, 85
Trd, 2590938.796, 108
Trd, 2590941.213, 105
Trd, 2590941.229, 101
Trd, 2590941.463, 94
Trd, 2590943.946, 95
Trd, 2590944.096, 96
Trd, 2590945.179, 93
Trd, 2590945.879, 95
Trd, 2590946.396, 97
Trd, 2590946.413, 94
Trd, 2590947.163, 103
Trd, 2590947.213, 87
Trd, 2590948.096, 87
Trd, 2590948.613, 93
Trd, 2590949.296, 85
Trd, 2590949.679, 86
Trd, 2590951.479, 92
Trd, 2590953.263, 95
Trd, 2590953.846, 108
Trd, 2590955.513, 105
Trd, 2590955.763, 104
Trd, 2590956.063, 101
Trd, 2590957.229, 101
Trd, 2590957.963, 109
Trd, 2590958.029, 101
Trd, 2590959.379, 108
Trd, 2590959.496, 109
Trd, 2590960.063, 97
Trd, 2590960.196, 88
Trd, 2590960.413, 88
Trd, 2590960.629, 104
Trd, 2590961.213, 87
Trd, 2590961.413, 77
Trd, 2590961.563, 92
Trd, 2590962.063, 104
Trd, 2590962.746, 85
Trd, 2590963.596, 94
Trd, 2590964.996, 78
Trd, 2590965.496, 83
Trd, 2590965.696, 83
Trd, 2590966.279, 89
Trd, 2590966.879, 85
Trd, 2590969.029, 87
Trd, 2590969.429, 101
Trd, 2590970.129, 109
Trd, 2590970.546, 109
Trd, 2590971.063, 114
Trd, 2590971.413, 87
Trd, 2590971.529, 115
Trd, 2590971.763, 102
Trd, 2590972.063, 92
Trd, 2590972.846, 108
Trd, 2590972.913, 117
Trd, 2590974.679, 90
Trd, 2590975.363, 93
Trd, 2590976.313, 92
Trd, 2590976.546, 91
Trd, 2590976.679, 91
Trd, 2590977.196, 91
Trd, 2590978.229, 92
Trd, 2590980.013, 102
Trd, 2590981.013, 94
Trd, 2590981.129, 93
Trd, 2590981.579, 95
Trd, 2590984.079, 100
Trd, 2590984.763, 104
Trd, 2590985.096, 99
Trd, 2590985.296, 97
Trd, 2590986.179, 102
Trd, 2590986.213, 107
Trd, 2590986.829, 87
Trd, 2590988.929, 93
Trd, 2590989.546, 96
Trd, 2590989.846, 100
Trd, 2590990.113, 97
Trd, 2590990.129, 95
Trd, 2590991.279, 96
Trd, 2590992.563, 102
Trd, 2590992.979, 103
Trd, 2590993.129, 95
Trd, 2590993.946, 88
Trd, 2590994.929, 109
Trd, 2590994.963, 89
Trd, 2590995.396, 101
Trd, 2590997.779, 102
Trd, 2590998.063, 103
Trd, 2590998.146, 92
Trd, 2590998.613, 92
Trd, 2590998.779, 92
Trd, 2591000.796, 92
Trd, 2591001.413, 102
Trd, 2591002.196, 94
Trd, 2591002.429, 107
Trd, 2591002.813, 114
Trd, 2591003.646, 97
Trd, 2591003.779, 97
Trd, 2591004.413, 96
Trd, 2591006.163, 119
Trd, 2591007.046, 93
Trd, 2591007.679, 107
Trd, 2591008.313, 89
Trd, 2591008.563, 94
Trd, 2591008.613, 87
Trd, 2591009.679, 88
Trd, 2591009.879, 95
Trd, 2591010.613, 88
Trd, 2591011.646, 98
Trd, 2591012.479, 100
Trd, 2591012.913, 92
Trd, 2591014.913, 93
Trd, 2591016.013, 94
Trd, 2591016.246, 92
Trd, 2591016.696, 102
Trd, 2591016.779, 92
Trd, 2591018.046, 102
Trd, 2591018.729, 101
Trd, 2591019.429, 97
Trd, 2591019.696, 101
Trd, 2591020.596, 91
Trd, 2591021.879, 90
Trd, 2591022.113, 92
Trd, 2591022.296, 102
Trd, 2591024.813, 95
Trd, 2591024.979, 96
Trd, 2591025.446, 94
Trd, 2591025.546, 105
Trd, 2591025.579, 94
Trd, 2591026.363, 95
Trd, 2591028.913, 103
Trd, 2591030.396, 101
Trd, 2591030.596, 100
Trd, 2591030.629, 98
Trd, 2591031.379, 104
Trd, 2591032.546, 97
Trd, 2591032.663, 88
Trd, 2591034.146, 95
Trd, 2591034.563, 104
Trd, 2591034.763, 106
Trd, 2591034.779, 111
Trd, 2591035.396, 86
Trd, 2591035.563, 97
Trd, 2591035.729, 82
Trd, 2591037.346, 86
Trd, 2591039.446, 86
Trd, 2591040.196, 97
Trd, 2591040.896, 98
Trd, 2591040.913, 96
Trd, 2591041.446, 96
Trd, 2591041.496, 95
Trd, 2591044.813, 107
Trd, 2591045.679, 108
Trd, 2591046.129, 103
Trd, 2591046.163, 106
Trd, 2591047.163, 99
Trd, 2591047.446, 98
Trd, 2591048.496, 101
Trd, 2591048.663, 97
Trd, 2591048.729, 96
Trd, 2591048.829, 101
Trd, 2591049.029, 112
Trd, 2591050.713, 102
Trd, 2591051.813, 103
Trd, 2591052.929, 105
Trd, 2591052.979, 103
Trd, 2591053.429, 90
Trd, 2591054.063, 88
Trd, 2591054.229, 87
Trd, 2591055.496, 110
Trd, 2591055.763, 83
Trd, 2591056.079, 103
Trd, 2591056.896, 81
Trd, 2591058.029, 107
Trd, 2591058.563, 103
Trd, 2591058.596, 113
Trd, 2591059.196, 102
Trd, 2591059.796, 92
Trd, 2591060.679, 105
Trd, 2591062.029, 96
Trd, 2591063.279, 95
Trd, 2591064.529, 96
Trd, 2591065.913, 104
Trd, 2591066.029, 100
Trd, 2591066.096, 100
Trd, 2591066.213, 99
Trd, 2591069.229, 97
Trd, 2591069.529, 100
Trd, 2591069.713, 98
Trd, 2591069.913, 97
Trd, 2591070.546, 101
Trd, 2591070.563, 96
Trd, 2591071.096, 103
Trd, 2591071.129, 111
Trd, 2591071.363, 88
Trd, 2591071.429, 88
Trd, 2591072.663, 89
Trd, 2591073.146, 92
Trd, 2591073.563, 105
Trd, 2591073.946, 112
Trd, 2591074.029, 105
Trd, 2591074.479, 103
Trd, 2591077.896, 104
Trd, 2591077.929, 105
Trd, 2591078.096, 101
Trd, 2591078.196, 114
Trd, 2591079.229, 93
Trd, 2591079.596, 107
Trd, 2591080.279, 92
Trd, 2591080.563, 88
Trd, 2591081.829, 87
Trd, 2591081.863, 87
Trd, 2591082.429, 93
Trd, 2591082.579, 98
Trd, 2591083.513, 88
Trd, 2591084.046, 83
Trd, 2591084.963, 84
Trd, 2591085.513, 93
Trd, 2591086.096, 84
Trd, 2591087.946, 101
Trd, 2591088.346, 95
Trd, 2591088.713, 100
Trd, 2591089.963, 101
Trd, 2591090.446, 114
Trd, 2591091.313, 98
Trd, 2591092.863, 99
Trd, 2591092.946, 98
Trd, 2591093.079, 98
Trd, 2591093.329, 107
Trd, 2591094.163, 105
Trd, 2591094.813, 104
Trd, 2591095.013, 114
Trd, 2591095.413, 109
Trd, 2591095.579, 94
Trd, 2591096.979, 94
Trd, 2591098.279, 98
Trd, 2591100.196, 104
Trd, 2591100.563, 91
Trd, 2591102.629, 105
Trd, 2591103.496, 115
Trd, 2591103.613, 106
Trd, 2591103.929, 106
Trd, 2591104.863, 95
Trd, 2591105.279, 88
Trd, 2591105.996, 87
Trd, 2591106.063, 85
Trd, 2591107.096, 92
Trd, 2591107.779, 101
Trd, 2591108.879, 90
Trd, 2591109.596, 78
Trd, 2591109.813, 87
Trd, 2591109.829, 80
Trd, 2591110.229, 90
Trd, 2591112.463, 96
Trd, 2591113.513, 99
Trd, 2591113.629, 99
Trd, 2591113.713, 98
Trd, 2591113.829, 95
Trd, 2591114.779, 78
Trd, 2591116.096, 107
Trd, 2591116.146, 94
Trd, 2591116.879, 105
Trd, 2591118.046, 98
Trd, 2591118.663, 108
Trd, 2591118.796, 99
Trd, 2591120.013, 107
Trd, 2591120.529, 112
Trd, 2591120.946, 101
Trd, 2591121.963, 97
Trd, 2591122.163, 93
Trd, 2591122.429, 101
Trd, 2591122.613, 87
Trd, 2591125.763, 102
Trd, 2591126.513, 95
Trd, 2591127.013, 95
Trd, 2591127.779, 100
Trd, 2591128.646, 98
Trd, 2591129.996, 98
Trd, 2591130.163, 97
Trd, 2591130.779, 98
Trd, 2591130.979, 91
Trd, 2591131.246, 85
Trd, 2591133.063, 96
Trd, 2591134.029, 96
Trd, 2591134.113, 88
Trd, 2591135.429, 96
Trd, 2591135.563, 90
Trd, 2591136.329, 89
Trd, 2591136.346, 87
Trd, 2591136.496, 99
Trd, 2591136.846, 105
Trd, 2591137.213, 103
Trd, 2591138.979, 93
Trd, 2591139.313, 95
Trd, 2591139.846, 94
Trd, 2591139.929, 93
Trd, 2591140.263, 88
Trd, 2591141.096, 107
Trd, 2591141.729, 96
Trd, 2591141.979, 91
Trd, 2591142.829, 88
Trd, 2591143.946, 98
Trd, 2591145.696, 85
Trd, 2591146.463, 93
Trd, 2591146.829, 103
Trd, 2591147.963, 85
Trd, 2591148.529, 85
Trd, 2591149.063, 101
Trd, 2591149.646, 102
Trd, 2591149.763, 91
Trd, 2591150.313, 91
Trd, 2591151.746, 100
Trd, 2591152.496, 94
Trd, 2591152.513, 90
Trd, 2591154.079, 93
Trd, 2591154.646, 100
Trd, 2591156.029, 101
Trd, 2591156.696, 112
Trd, 2591157.113, 102
Trd, 2591157.963, 98
Trd, 2591158.063, 97
Trd, 2591158.113, 95
Trd, 2591158.646, 92
Trd, 2591160.679, 90
Trd, 2591160.946, 87
Trd, 2591160.963, 98
Trd, 2591162.446, 85
Trd, 2591162.546, 86
Trd, 2591163.496, 109
Trd, 2591164.796, 101
Trd, 2591165.146, 104
Trd, 2591165.396, 98
Trd, 2591165.813, 90
Trd, 2591166.129, 85
Trd, 2591167.129, 94
Trd, 2591167.463, 105
Trd, 2591169.696, 90
Trd, 2591169.913, 89
Trd, 2591170.779, 90
Trd, 2591171.079, 100
Trd, 2591171.729, 90
Trd, 2591171.779, 88
Trd, 2591171.863, 87
Trd, 2591173.646, 85
Trd, 2591174.013, 92
Trd, 2591174.429, 93
Trd, 2591175.313, 95
Trd, 2591175.979, 86
Trd, 2591177.613, 91
Trd, 2591178.496, 101
Trd, 2591178.713, 102
Trd, 2591179.179, 101
Trd, 2591180.046, 99
Trd, 2591180.296, 97
Trd, 2591182.046, 90
Trd, 2591182.596, 105
Trd, 2591184.263, 99
Trd, 2591184.446, 98
Trd, 2591185.046, 91
Trd, 2591185.196, 102
Trd, 2591185.696, 89
Trd, 2591186.513, 108
Trd, 2591186.629, 107
Trd, 2591187.079, 113
Trd, 2591187.279, 84
Trd, 2591189.529, 88
Trd, 2591189.646, 88
Trd, 2591190.179, 89
Trd, 2591192.146, 93
Trd, 2591192.379, 94
Trd, 2591192.863, 91
Trd, 2591192.929, 88
Trd, 2591193.529, 101
Trd, 2591193.663, 108
Trd, 2591194.546, 90
Trd, 2591196.396, 112
Trd, 2591196.863, 88
Trd, 2591196.946, 105
Trd, 2591197.646, 101
Trd, 2591198.179, 87
Trd, 2591199.163, 113
Trd, 2591199.513, 107
Trd, 2591199.946, 97
Trd, 2591200.279, 109
Trd, 2591201.029, 105
Trd, 2591201.379, 93
Trd, 2591202.063, 87
Trd, 2591202.796, 103
Trd, 2591203.046, 89
Trd, 2591203.746, 107
Trd, 2591203.946, 95
Trd, 2591205.596, 105
Trd, 2591206.213, 95
Trd, 2591207.363, 93
Trd, 2591207.996, 95
Trd, 2591208.829, 94
Trd, 2591211.063, 101
Trd, 2591211.079, 88
Trd, 2591211.513, 92
Trd, 2591211.763, 103
Trd, 2591212.579, 95
Trd, 2591212.663, 105
Trd, 2591212.679, 89
Trd, 2591215.179, 93
Trd, 2591216.196, 93
Trd, 2591216.379, 92
Trd, 2591216.546, 88
Trd, 2591216.863, 108
Trd, 2591217.413, 88
Trd, 2591218.029, 87
Trd, 2591218.563, 100
Trd, 2591218.613, 103
Trd, 2591219.479, 94
Trd, 2591220.529, 107
Trd, 2591221.846, 107
Trd, 2591221.946, 97
Trd, 2591223.679, 101
Trd, 2591223.813, 100
Trd, 2591224.079, 99
Trd, 2591226.696, 101
Trd, 2591227.929, 101
Trd, 2591228.913, 101
Trd, 2591229.246, 100
Trd, 2591230.163, 101
Trd, 2591230.879, 100
Trd, 2591230.979, 97
Trd, 2591231.129, 101
Trd, 2591231.796, 95
Trd, 2591233.313, 94
Trd, 2591233.479, 92
Trd, 2591234.113, 94
Trd, 2591234.513, 100
Trd, 2591235.379, 109
Trd, 2591235.613, 100
Trd, 2591236.113, 85
Trd, 2591237.313, 87
Trd, 2591237.879, 105
Trd, 2591239.713, 91
Trd, 2591239.746, 83
Trd, 2591241.146, 105
Trd, 2591242.796, 102
Trd, 2591242.846, 101
Trd, 2591243.696, 102
Trd, 2591243.846, 109
Trd, 2591245.679, 100
Trd, 2591247.013, 104
Trd, 2591247.513, 99
Trd, 2591247.929, 97
Trd, 2591248.096, 102
Trd, 2591249.129, 97
Trd, 2591249.163, 99
Trd, 2591249.346, 94
Trd, 2591249.446, 88
Trd, 2591249.963, 87
Trd, 2591251.529, 89
Trd, 2591251.779, 90
Trd, 2591252.229, 99
Trd, 2591253.279, 89
Trd, 2591253.513, 101
Trd, 2591254.296, 89
Trd, 2591254.763, 86
Trd, 2591256.363, 88
Trd, 2591256.913, 91
Trd, 2591257.046, 88
Trd, 2591257.063, 87
Trd, 2591257.096, 94
Trd, 2591257.446, 96
Trd, 2591259.596, 89
Trd, 2591261.279, 92
Trd, 2591262.479, 91
Trd, 2591263.479, 89
Trd, 2591263.829, 90
Trd, 2591264.596, 93
Trd, 2591266.146, 96
Trd, 2591266.379, 94
Trd, 2591266.496, 109
Trd, 2591266.596, 111
Trd, 2591267.063, 88
Trd, 2591267.396, 96
Trd, 2591267.846, 93
Trd, 2591268.246, 94
Trd, 2591268.463, 94
Trd, 2591268.913, 94
Trd, 2591270.963, 96
Trd, 2591271.796, 99
Trd, 2591273.979, 96
Trd, 2591275.696, 94
Trd, 2591275.929, 105
Trd, 2591276.246, 105
Trd, 2591276.696, 104
Trd, 2591277.113, 103
Trd, 2591277.246, 101
Trd, 2591277.613, 99
Trd, 2591277.829, 93
Trd, 2591278.246, 97
Trd, 2591279.063, 106
Trd, 2591279.213, 105
Trd, 2591279.829, 103
Trd, 2591280.513, 103
Trd, 2591282.313, 99
Trd, 2591283.413, 88
Trd, 2591283.946, 97
Trd, 2591284.079, 94
Trd, 2591284.179, 88
Trd, 2591285.213, 86
Trd, 2591285.629, 96
Trd, 2591285.829, 99
Trd, 2591287.946, 93
Trd, 2591288.029, 93
Trd, 2591288.379, 92
Trd, 2591289.346, 95
Trd, 2591290.129, 96
Trd, 2591291.529, 97
Trd, 2591292.279, 100
Trd, 2591292.829, 100
Trd, 2591293.529, 100
Trd, 2591293.946, 93
Trd, 2591293.996, 105
Trd, 2591295.429, 87
Trd, 2591295.479, 86
Trd, 2591296.813, 102
Trd, 2591297.213, 97
Trd, 2591297.346, 97
Trd, 2591297.779, 100
Trd, 2591298.263, 99
Trd, 2591298.363, 100
Trd, 2591298.746, 102
Trd, 2591299.196, 98
Trd, 2591301.363, 91
Trd, 2591301.979, 86
Trd, 2591302.529, 101
Trd, 2591302.596, 98
Trd, 2591303.413, 101
Trd, 2591304.213, 86
Trd, 2591304.596, 105
Trd, 2591306.696, 88
Trd, 2591306.946, 113
Trd, 2591307.613, 109
Trd, 2591307.696, 89
Trd, 2591308.096, 117
Trd, 2591308.596, 106
Trd, 2591309.379, 105
Trd, 2591309.929, 97
Trd, 2591310.446, 98
Trd, 2591310.479, 105
Trd, 2591310.796, 114
Trd, 2591312.063, 100
Trd, 2591312.363, 97
Trd, 2591312.379, 88
Trd, 2591312.596, 87
Trd, 2591314.346, 98
Trd, 2591314.913, 87
Trd, 2591315.496, 89
Trd, 2591317.096, 95
Trd, 2591317.279, 88
Trd, 2591317.363, 88
Trd, 2591318.413, 90
Trd, 2591318.813, 102
Trd, 2591319.829, 106
Trd, 2591320.929, 94
Trd, 2591321.379, 108
Trd, 2591322.396, 100
Trd, 2591322.513, 101
Trd, 2591322.729, 100
Trd, 2591323.196, 117
Trd, 2591323.329, 106
Trd, 2591323.663, 101
Trd, 2591324.496, 91
Trd, 2591327.063, 95
Trd, 2591327.096, 94
Trd, 2591327.146, 88
Trd, 2591327.496, 105
Trd, 2591327.846, 84
Trd, 2591328.429, 92
Trd, 2591329.313, 97
Trd, 2591329.796, 84
Trd, 2591331.063, 99
Trd, 2591331.596, 101
Trd, 2591331.663, 107
Trd, 2591331.946, 93
Trd, 2591333.646, 88
Trd, 2591334.413, 87
Trd, 2591335.696, 96
Trd, 2591336.813, 106
Trd, 2591336.913, 108
Trd, 2591338.063, 96
Trd, 2591338.396, 86
Trd, 2591339.729, 101
Trd, 2591341.046, 95
Trd, 2591341.479, 102
Trd, 2591341.946, 99
Trd, 2591342.146, 106
Trd, 2591343.046, 101
Trd, 2591343.313, 97
Trd, 2591345.713, 106
Trd, 2591345.763, 95
Trd, 2591345.863, 95
Trd, 2591346.263, 103
Trd, 2591348.246, 95
Trd, 2591350.279, 103
Trd, 2591350.396, 104
Trd, 2591350.429, 103
Trd, 2591350.629, 105
Trd, 2591350.729, 102
Trd, 2591352.079, 93
Trd, 2591352.996, 91
Trd, 2591353.346, 108
Trd, 2591353.963, 113
Trd, 2591354.279, 96
Trd, 2591355.063, 97
Trd, 2591355.313, 90
Trd, 2591355.529, 89
Trd, 2591356.313, 87
Trd, 2591357.179, 99
Trd, 2591357.846, 101
Trd, 2591357.996, 90
Trd, 2591358.246, 102
Trd, 2591359.996, 86
Trd, 2591360.613, 85
Trd, 2591361.896, 93
Trd, 2591364.546, 96
Trd, 2591366.063, 97
Trd, 2591366.363, 96
Trd, 2591368.329, 97
Trd, 2591369.063, 98
Trd, 2591369.396, 98
Trd, 2591369.646, 94
Trd, 2591369.929, 87
Trd, 2591370.296, 88
Trd, 2591370.913, 97
Trd, 2591370.979, 98
Trd, 2591371.779, 94
Trd, 2591371.879, 88
Trd, 2591372.513, 102
Trd, 2591372.696, 110
Trd, 2591374.179, 93
Trd, 2591374.829, 88
Trd, 2591375.213, 103
Trd, 2591380.263, 94
Trd, 2591380.346, 95
Trd, 2591380.396, 97
Trd, 2591380.463, 94
Trd, 2591380.513, 105
Trd, 2591380.946, 97
Trd, 2591381.496, 107
Trd, 2591381.763, 95
Trd, 2591381.879, 93
Trd, 2591382.146, 102
Trd, 2591382.813, 90
Trd, 2591384.013, 92
Trd, 2591384.196, 95
Trd, 2591384.479, 97
Trd, 2591387.229, 114
Trd, 2591387.579, 105
Trd, 2591387.996, 101
Trd, 2591388.279, 100
Trd, 2591388.913, 113
Trd, 2591389.813, 100
Trd, 2591390.446, 101
Trd, 2591390.779, 100
Trd, 2591391.396, 93
Trd, 2591393.846, 95
Trd, 2591394.379, 89
Trd, 2591394.946, 96
Trd, 2591395.313, 102
Trd, 2591396.779, 108
Trd, 2591396.796, 98
Trd, 2591396.913, 110
Trd, 2591397.296, 83
Trd, 2591398.063, 107
Trd, 2591398.279, 98
Trd, 2591399.513, 89
Trd, 2591399.563, 89
Trd, 2591399.979, 107
Trd, 2591400.163, 99
Trd, 2591400.346, 90
Trd, 2591400.546, 87
Trd, 2591401.146, 85
Trd, 2591401.679, 84
Trd, 2591403.563, 79
Trd, 2591403.813, 78
Trd, 2591405.546, 85
Trd, 2591405.663, 80
Trd, 2591406.629, 76
Trd, 2591407.079, 87
Trd, 2591407.313, 88
Trd, 2591408.213, 96
Trd, 2591408.496, 96
Trd, 2591408.513, 108
Trd, 2591408.829, 94
Trd, 2591409.096, 120
Trd, 2591410.013, 92
Trd, 2591412.129, 97
Trd, 2591413.013, 95
Trd, 2591413.213, 93
Trd, 2591413.396, 94
Trd, 2591413.779, 85
Trd, 2591414.546, 100
Trd, 2591416.079, 88
Trd, 2591416.629, 86
Trd, 2591418.596, 96
Trd, 2591419.429, 97
Trd, 2591420.279, 93
Trd, 2591420.313, 92
Trd, 2591421.079, 102
Trd, 2591422.579, 105
Trd, 2591422.913, 104
Trd, 2591423.629, 104
Trd, 2591424.046, 108
Trd, 2591424.063, 111
Trd, 2591424.696, 89
Trd, 2591425.146, 92
Trd, 2591425.779, 93
Trd, 2591426.463, 91
Trd, 2591426.729, 90
Trd, 2591427.446, 89
Trd, 2591427.696, 88
Trd, 2591428.013, 87
Trd, 2591428.113, 82
Trd, 2591428.363, 79
Trd, 2591429.513, 89
Trd, 2591430.013, 88
Trd, 2591430.879, 87
Trd, 2591431.079, 95
Trd, 2591431.646, 104
Trd, 2591431.863, 108
Trd, 2591432.646, 109
Trd, 2591433.646, 102
Trd, 2591433.713, 111
Trd, 2591434.113, 114
Trd, 2591435.496, 106
Trd, 2591435.629, 104
Trd, 2591435.896, 102
Trd, 2591436.163, 101
Trd, 2591437.313, 99
Trd, 2591438.413, 97
Trd, 2591438.446, 97
Trd, 2591438.879, 91
Trd, 2591441.346, 102
Trd, 2591441.563, 88
Trd, 2591443.563, 95
Trd, 2591443.729, 93
Trd, 2591443.946, 101
Trd, 2591444.679, 88
Trd, 2591445.063, 99
Trd, 2591446.313, 101
Trd, 2591446.996, 99
Trd, 2591447.513, 101
Trd, 2591448.146, 92
Trd, 2591448.846, 92
Trd, 2591449.229, 87
Trd, 2591449.663, 108
Trd, 2591450.413, 98
Trd, 2591450.813, 88
Trd, 2591451.846, 80
Trd, 2591452.246, 79
Trd, 2591452.529, 92
Trd, 2591453.913, 94
Trd, 2591454.229, 84
Trd, 2591454.913, 85
Trd, 2591454.963, 96
Trd, 2591456.896, 101
Trd, 2591456.979, 95
Trd, 2591457.379, 94
Trd, 2591457.929, 104
Trd, 2591458.363, 95
Trd, 2591458.829, 97
Trd, 2591459.013, 96
Trd, 2591460.796, 99
Trd, 2591461.229, 98
Trd, 2591462.263, 97
Trd, 2591462.729, 97
Trd, 2591462.746, 88
Trd, 2591463.279, 86
Trd, 2591464.696, 101
Trd, 2591465.896, 104
Trd, 2591466.396, 105
Trd, 2591468.429, 101
Trd, 2591468.496, 99
Trd, 2591469.229, 90
Trd, 2591469.863, 111
Trd, 2591470.179, 103
Trd, 2591471.213, 91
Trd, 2591471.779, 114
Trd, 2591472.246, 91
Trd, 2591472.929, 113
Trd, 2591473.629, 117
Trd, 2591473.846, 113
Trd, 2591473.896, 112
Trd, 2591474.146, 97
Trd, 2591474.429, 106
Trd, 2591475.846, 98
Trd, 2591476.346, 97
Trd, 2591476.963, 92
Trd, 2591477.346, 108
Trd, 2591478.563, 106
Trd, 2591481.313, 105
Trd, 2591481.479, 103
Trd, 2591481.813, 99
Trd, 2591481.846, 100
Trd, 2591481.896, 114
Trd, 2591482.296, 113
Trd, 2591482.313, 97
Trd, 2591482.479, 88
Trd, 2591483.346, 119
Trd, 2591483.513, 120
Trd, 2591485.746, 87
Trd, 2591486.996, 89
Trd, 2591487.263, 88
Trd, 2591487.763, 95
Trd, 2591487.846, 102
Trd, 2591489.563, 97
Trd, 2591489.663, 99
Trd, 2591490.013, 88
Trd, 2591490.196, 87
Trd, 2591491.396, 82
Trd, 2591492.179, 104
Trd, 2591492.279, 103
Trd, 2591492.529, 84
Trd, 2591493.413, 88
Trd, 2591494.796, 96
Trd, 2591495.313, 102
Trd, 2591495.496, 91
Trd, 2591496.813, 92
Trd, 2591497.029, 93
Trd, 2591497.496, 92
Trd, 2591498.179, 98
Trd, 2591498.329, 101
Trd, 2591499.096, 94
Trd, 2591499.379, 104
Trd, 2591501.479, 96
Trd, 2591502.296, 96
Trd, 2591503.463, 106
Trd, 2591503.829, 95
Trd, 2591504.679, 92
Trd, 2591505.013, 108
Trd, 2591505.429, 110
Trd, 2591505.779, 109
Trd, 2591506.679, 101
Trd, 2591507.946, 98
Trd, 2591508.096, 91
Trd, 2591508.229, 88
Trd, 2591508.929, 113
Trd, 2591509.646, 100
Trd, 2591509.746, 98
Trd, 2591510.213, 94
Trd, 2591511.729, 92
Trd, 2591512.396, 91
Trd, 2591513.063, 102
Trd, 2591513.529, 104
Trd, 2591513.863, 106
Trd, 2591514.496, 86
Trd, 2591515.396, 87
Trd, 2591515.429, 86
Trd, 2591516.379, 83
Trd, 2591517.296, 80
Trd, 2591517.796, 101
Trd, 2591518.563, 101
Trd, 2591519.363, 101
Trd, 2591519.546, 95
Trd, 2591521.346, 89
Trd, 2591522.879, 103
Trd, 2591523.729, 101
Trd, 2591524.463, 88
Trd, 2591524.879, 98
Trd, 2591524.946, 88
Trd, 2591525.929, 101
Trd, 2591527.346, 90
Trd, 2591527.713, 94
Trd, 2591528.679, 91
Trd, 2591528.879, 106
Trd, 2591529.396, 91
Trd, 2591529.429, 88
Trd, 2591530.179, 95
Trd, 2591530.629, 101
Trd, 2591530.913, 99
Trd, 2591531.096, 93
Trd, 2591532.879, 93
Trd, 2591533.179, 104
Trd, 2591533.213, 110
Trd, 2591533.513, 88
Trd, 2591533.963, 113
Trd, 2591535.646, 93
Trd, 2591536.713, 115
Trd, 2591536.763, 87
Trd, 2591537.229, 87
Trd, 2591537.363, 86
Trd, 2591539.363, 91
Trd, 2591539.596, 92
Trd, 2591539.863, 102
Trd, 2591540.729, 90
Trd, 2591541.096, 91
Trd, 2591541.679, 105
Trd, 2591541.979, 109
Trd, 2591542.329, 90
Trd, 2591542.846, 98
Trd, 2591542.863, 90
Trd, 2591545.346, 91
Trd, 2591545.779, 91
Trd, 2591546.079, 93
Trd, 2591546.246, 90
Trd, 2591546.363, 105
Trd, 2591546.463, 109
Trd, 2591547.679, 92
Trd, 2591547.979, 87
Trd, 2591550.763, 106
Trd, 2591550.946, 105
Trd, 2591551.196, 103
Trd, 2591551.363, 100
Trd, 2591552.613, 101
Trd, 2591552.729, 107
Trd, 2591552.863, 93
Trd, 2591554.863, 96
Trd, 2591556.596, 95
Trd, 2591557.079, 94
Trd, 2591557.313, 94
Trd, 2591558.279, 87
Trd, 2591558.429, 109
Trd, 2591558.979, 95
Trd, 2591559.346, 112
Trd, 2591559.396, 85
Trd, 2591559.713, 84
Trd, 2591561.213, 94
Trd, 2591561.363, 99
Trd, 2591562.263, 100
Trd, 2591562.329, 93
Trd, 2591562.513, 89
Trd, 2591563.496, 83
Trd, 2591564.946, 95
Trd, 2591565.013, 106
Trd, 2591565.479, 108
Trd, 2591565.596, 91
Trd, 2591567.196, 95
Trd, 2591567.513, 104
Trd, 2591567.813, 104
Trd, 2591567.929, 103
Trd, 2591568.413, 95
Trd, 2591568.529, 104
Trd, 2591569.513, 97
Trd, 2591570.096, 95
Trd, 2591570.146, 89
Trd, 2591570.279, 87
Trd, 2591571.046, 101
Trd, 2591571.329, 81
Trd, 2591572.463, 97
Trd, 2591572.829, 102
Trd, 2591573.129, 76
Trd, 2591573.396, 85
Trd, 2591574.913, 100
Trd, 2591576.429, 91
Trd, 2591576.629, 104
Trd, 2591576.829, 107
Trd, 2591577.396, 98
Trd, 2591578.379, 94
Trd, 2591578.996, 88
Trd, 2591581.379, 93
Trd, 2591581.546, 94
Trd, 2591581.913, 95
Trd, 2591582.146, 92
Trd, 2591582.279, 91
Trd, 2591582.413, 106
Trd, 2591583.413, 108
Trd, 2591583.929, 99
Trd, 2591583.996, 105
Trd, 2591584.229, 115
Trd, 2591585.113, 106
Trd, 2591585.129, 104
Trd, 2591585.546, 97
Trd, 2591586.246, 87
Trd, 2591586.446, 105
Trd, 2591587.013, 84
Trd, 2591589.179, 95
Trd, 2591589.613, 98
Trd, 2591590.479, 93
Trd, 2591591.513, 88
Trd, 2591593.296, 97
Trd, 2591594.229, 96
Trd, 2591594.479, 96
Trd, 2591594.863, 97
Trd, 2591595.163, 102
Trd, 2591595.629, 98
Trd, 2591596.063, 104
Trd, 2591596.179, 106
Trd, 2591596.529, 98
Trd, 2591597.479, 104
Trd, 2591597.646, 114
Trd, 2591597.913, 101
Trd, 2591599.296, 88
Trd, 2591599.896, 87
Trd, 2591599.913, 93
Trd, 2591601.729, 93
Trd, 2591601.913, 97
Trd, 2591602.579, 87
Trd, 2591603.646, 83
Trd, 2591605.113, 88
Trd, 2591605.596, 94
Trd, 2591607.529, 88
Trd, 2591607.696, 91
Trd, 2591608.029, 87
Trd, 2591608.213, 94
Trd, 2591608.629, 105
Trd, 2591610.446, 87
Trd, 2591610.596, 91
Trd, 2591611.429, 92
Trd, 2591612.379, 100
Trd, 2591612.513, 98
Trd, 2591612.629, 96
Trd, 2591613.529, 89
Trd, 2591614.396, 90
Trd, 2591614.629, 103
Trd, 2591615.163, 104
Trd, 2591617.896, 107
Trd, 2591619.296, 107
Trd, 2591619.429, 103
Trd, 2591619.463, 97
Trd, 2591619.513, 96
Trd, 2591619.713, 91
Trd, 2591620.779, 102
Trd, 2591620.946, 101
Trd, 2591621.146, 108
Trd, 2591622.229, 95
Trd, 2591622.313, 110
Trd, 2591623.363, 91
Trd, 2591624.296, 95
Trd, 2591624.546, 93
Trd, 2591624.946, 91
Trd, 2591625.879, 90
Trd, 2591626.229, 88
Trd, 2591629.446, 92
Trd, 2591630.346, 92
Trd, 2591631.046, 92
Trd, 2591631.379, 99
Trd, 2591631.463, 92
Trd, 2591631.629, 102
Trd, 2591631.979, 102
Trd, 2591633.729, 95
Trd, 2591634.363, 99
Trd, 2591634.513, 94
Trd, 2591634.546, 94
Trd, 2591636.013, 101
Trd, 2591636.029, 103
Trd, 2591636.346, 95
Trd, 2591636.463, 104
Trd, 2591636.546, 88
Trd, 2591638.679, 91
Trd, 2591640.179, 94
Trd, 2591640.313, 100
Trd, 2591641.463, 106
Trd, 2591643.179, 95
Trd, 2591644.113, 103
Trd, 2591644.946, 112
Trd, 2591645.113, 93
Trd, 2591645.513, 115
Trd, 2591647.246, 103
Trd, 2591647.629, 103
Trd, 2591648.163, 98
Trd, 2591649.096, 97
Trd, 2591649.396, 88
Trd, 2591649.546, 87
Trd, 2591650.046, 84
Trd, 2591650.713, 100
Trd, 2591650.996, 105
Trd, 2591651.379, 97
Trd, 2591652.429, 101
Trd, 2591653.429, 95
Trd, 2591653.729, 96
Trd, 2591654.246, 96
Trd, 2591654.663, 102
Trd, 2591654.746, 89
Trd, 2591654.996, 104
Trd, 2591655.429, 86
Trd, 2591655.796, 103
Trd, 2591655.913, 98
Trd, 2591657.579, 86
Trd, 2591658.096, 85
Trd, 2591659.596, 101
Trd, 2591660.363, 83
Trd, 2591661.296, 86
Trd, 2591662.996, 105
Trd, 2591663.963, 102
Trd, 2591665.379, 102
Trd, 2591666.329, 105
Trd, 2591666.796, 108
Trd, 2591666.963, 106
Trd, 2591667.063, 105
Trd, 2591668.763, 106
Trd, 2591668.946, 106
Trd, 2591669.063, 104
Trd, 2591669.779, 97
Trd, 2591669.796, 91
Trd, 2591670.213, 96
Trd, 2591672.096, 94
Trd, 2591672.646, 88
Trd, 2591673.196, 94
Trd, 2591673.579, 87
Trd, 2591673.613, 92
Trd, 2591675.079, 81
Trd, 2591675.363, 92
Trd, 2591676.813, 95
Trd, 2591676.879, 94
Trd, 2591677.313, 100
Trd, 2591677.429, 91
Trd, 2591677.813, 93
Trd, 2591679.363, 99
Trd, 2591679.746, 103
Trd, 2591680.829, 102
Trd, 2591680.896, 101
Trd, 2591681.596, 88
Trd, 2591682.196, 80
Trd, 2591682.429, 106
Trd, 2591684.346, 94
Trd, 2591684.646, 98
Trd, 2591684.679, 95
Trd, 2591684.813, 108
Trd, 2591685.213, 99
Trd, 2591685.729, 99
Trd, 2591685.996, 115
Trd, 2591686.529, 91
Trd, 2591687.563, 109
Trd, 2591687.763, 110
Trd, 2591687.863, 94
Trd, 2591687.879, 92
Trd, 2591689.446, 88
Trd, 2591690.746, 95
Trd, 2591692.729, 102
Trd, 2591692.779, 86
Trd, 2591694.079, 87
Trd, 2591695.246, 102
Trd, 2591695.413, 87
Trd, 2591695.796, 86
Trd, 2591696.029, 102
Trd, 2591696.713, 88
Trd, 2591696.729, 104
Trd, 2591696.846, 105
Trd, 2591696.946, 109
Trd, 2591697.179, 90
Trd, 2591699.829, 111
Trd, 2591701.413, 99
Trd, 2591701.596, 96
Trd, 2591702.363, 83
Trd, 2591702.863, 83
Trd, 2591703.979, 82
Trd, 2591704.696, 91
Trd, 2591704.746, 89
Trd, 2591705.346, 93
Trd, 2591705.463, 88
Trd, 2591707.746, 87
Trd, 2591708.696, 88
Trd, 2591709.596, 85
Trd, 2591710.379, 88
Trd, 2591710.429, 89
Trd, 2591711.829, 89
Trd, 2591712.946, 99
Trd, 2591713.313, 100
Trd, 2591714.729, 92
Trd, 2591715.129, 88
Trd, 2591715.146, 100
Trd, 2591716.229, 97
Trd, 2591717.829, 96
Trd, 2591718.379, 101
Trd, 2591718.579, 101
Trd, 2591718.929, 106
Trd, 2591719.279, 91
Trd, 2591719.413, 106
Trd, 2591719.546, 90
Trd, 2591721.429, 88
Trd, 2591723.613, 89
Trd, 2591723.629, 90
Trd, 2591723.696, 88
Trd, 2591724.279, 90
Trd, 2591724.329, 90
Trd, 2591726.463, 91
Trd, 2591726.796, 91
Trd, 2591727.246, 92
Trd, 2591727.763, 92
Trd, 2591728.246, 92
Trd, 2591730.313, 100
Trd, 2591730.396, 107
Trd, 2591730.463, 114
Trd, 2591730.713, 102
Trd, 2591730.929, 92
Trd, 2591731.079, 89
Trd, 2591731.913, 107
Trd, 2591732.029, 88
Trd, 2591733.063, 98
Trd, 2591733.346, 87
Trd, 2591733.829, 94
Trd, 2591735.413, 96
Trd, 2591736.096, 101
Trd, 2591737.246, 104
Trd, 2591737.763, 105
Trd, 2591738.346, 103
Trd, 2591738.629, 100
Trd, 2591739.246, 96
Trd, 2591739.296, 92
Trd, 2591739.513, 87
Trd, 2591740.696, 86
Trd, 2591742.629, 87
Trd, 2591742.696, 94
Trd, 2591743.363, 84
Trd, 2591743.529, 110
Trd, 2591743.796, 81
Trd, 2591745.629, 93
Trd, 2591746.063, 110
Trd, 2591747.463, 87
Trd, 2591747.613, 87
Trd, 2591748.546, 89
Trd, 2591749.863, 93
Trd, 2591749.896, 85
Trd, 2591751.996, 96
Trd, 2591752.679, 94
Trd, 2591753.463, 105
Trd, 2591754.346, 97
Trd, 2591755.296, 111
Trd, 2591755.679, 101
Trd, 2591756.096, 100
Trd, 2591756.896, 92
Trd, 2591757.846, 82
Trd, 2591758.879, 87
Trd, 2591759.113, 90
Trd, 2591759.679, 107
Trd, 2591760.196, 104
Trd, 2591760.963, 107
Trd, 2591761.179, 103
Trd, 2591761.246, 105
Trd, 2591761.813, 102
Trd, 2591762.546, 101
Trd, 2591764.029, 109
Trd, 2591764.546, 108
Trd, 2591764.713, 107
Trd, 2591764.796, 97
Trd, 2591764.996, 108
Trd, 2591765.279, 86
Trd, 2591766.763, 93
Trd, 2591767.679, 110
Trd, 2591767.829, 95
Trd, 2591768.063, 94
Trd, 2591768.946, 105
Trd, 2591769.413, 87
Trd, 2591770.563, 89
Trd, 2591770.846, 95
Trd, 2591772.646, 115
Trd, 2591773.813, 93
Trd, 2591774.163, 93
Trd, 2591774.613, 98
Trd, 2591774.863, 97
Trd, 2591775.279, 97
Trd, 2591775.929, 103
Trd, 2591776.496, 91
Trd, 2591777.579, 89
Trd, 2591778.446, 103
Trd, 2591779.563, 104
Trd, 2591779.579, 95
Trd, 2591779.613, 94
Trd, 2591780.013, 86
Trd, 2591781.346, 93
Trd, 2591781.429, 107
Trd, 2591782.513, 112
Trd, 2591783.163, 92
Trd, 2591783.829, 82
Trd, 2591783.929, 81
Trd, 2591784.496, 81
Trd, 2591785.613, 85
Trd, 2591785.913, 93
Trd, 2591786.279, 108
Trd, 2591787.246, 89
Trd, 2591787.913, 115
Trd, 2591788.329, 114
Trd, 2591788.546, 115
Trd, 2591788.663, 98
Trd, 2591789.179, 90
Trd, 2591790.013, 88
Trd, 2591791.046, 95
Trd, 2591792.146, 94
Trd, 2591794.713, 96
Trd, 2591794.796, 91
Trd, 2591795.429, 92
Trd, 2591797.913, 96
Trd, 2591798.229, 101
Trd, 2591798.563, 97
Trd, 2591798.696, 95
Trd, 2591799.813, 91
Trd, 2591800.663, 99
Trd, 2591802.663, 93
Trd, 2591802.879, 90
Trd, 2591803.079, 87
Trd, 2591803.163, 94
Trd, 2591803.546, 91
Trd, 2591804.313, 96
Trd, 2591804.496, 99
Trd, 2591804.546, 105
Trd, 2591805.513, 91
Trd, 2591807.696, 84
Trd, 2591807.929, 82
Trd, 2591809.429, 86
Trd, 2591810.396, 84
Trd, 2591811.263, 89
Trd, 2591811.313, 88
Trd, 2591811.563, 88
Trd, 2591812.563, 91
Trd, 2591812.896, 94
Trd, 2591813.746, 92
Trd, 2591813.846, 91
Trd, 2591815.063, 105
Trd, 2591815.429, 92
Trd, 2591816.213, 93
Trd, 2591816.996, 96
Trd, 2591818.113, 95
Trd, 2591819.163, 95
Trd, 2591819.546, 97
Trd, 2591821.679, 99
Trd, 2591821.879, 97
Trd, 2591822.146, 95
Trd, 2591822.596, 92
Trd, 2591822.763, 93
Trd, 2591822.796, 87
Trd, 2591823.113, 96
Trd, 2591823.129, 86
Trd, 2591824.379, 102
Trd, 2591825.163, 97
Trd, 2591825.629, 98
Trd, 2591826.129, 87
Trd, 2591826.446, 107
Trd, 2591826.663, 87
Trd, 2591827.013, 87
Trd, 2591828.113, 91
Trd, 2591828.196, 97
Trd, 2591828.379, 85
Trd, 2591829.079, 113
Trd, 2591831.963, 109
Trd, 2591832.863, 108
Trd, 2591833.779, 111
Trd, 2591834.196, 102
Trd, 2591835.513, 103
Trd, 2591835.963, 99
Trd, 2591836.113, 104
Trd, 2591836.996, 98
Trd, 2591837.429, 97
Trd, 2591837.746, 101
Trd, 2591838.113, 89
Trd, 2591839.329, 114
Trd, 2591840.763, 110
Trd, 2591840.913, 108
Trd, 2591841.229, 101
Trd, 2591841.279, 90
Trd, 2591841.863, 113
Trd, 2591843.513, 98
Trd, 2591843.596, 97
Trd, 2591844.046, 98
Trd, 2591844.579, 109
Trd, 2591845.596, 92
Trd, 2591846.029, 106
Trd, 2591847.213, 97
Trd, 2591847.329, 108
Trd, 2591848.679, 99
Trd, 2591848.929, 105
Trd, 2591849.046, 116
Trd, 2591849.096, 117
Trd, 2591850.846, 100
Trd, 2591851.163, 92
Trd, 2591851.763, 103
Trd, 2591852.146, 90
Trd, 2591852.163, 88
Trd, 2591853.046, 95
Trd, 2591854.829, 89
Trd, 2591856.629, 103
Trd, 2591857.196, 97
Trd, 2591857.746, 96
Trd, 2591857.846, 96
Trd, 2591858.613, 105
Trd, 2591858.779, 104
Trd, 2591858.796, 101
Trd, 2591859.413, 99
Trd, 2591860.529, 89
Trd, 2591861.179, 89
Trd, 2591862.363, 91
Trd, 2591862.529, 88
Trd, 2591863.296, 94
Trd, 2591863.879, 106
Trd, 2591865.196, 99
Trd, 2591865.296, 93
Trd, 2591867.196, 96
Trd, 2591867.946, 95
Trd, 2591868.279, 91
Trd, 2591868.863, 98
Trd, 2591869.379, 97
Trd, 2591870.779, 106
Trd, 2591871.913, 105
Trd, 2591872.263, 103
Trd, 2591872.279, 97
Trd, 2591873.579, 93
Trd, 2591873.713, 95
Trd, 2591874.913, 98
Trd, 2591875.063, 93
Trd, 2591875.479, 109
Trd, 2591877.346, 99
Trd, 2591877.396, 100
Trd, 2591878.829, 98
Trd, 2591879.629, 108
Trd, 2591880.779, 98
Trd, 2591881.429, 107
Trd, 2591881.879, 112
Trd, 2591881.929, 109
Trd, 2591882.096, 106
Trd, 2591882.113, 97
Trd, 2591883.646, 87
Trd, 2591884.629, 83
Trd, 2591885.629, 89
Trd, 2591887.246, 85
Trd, 2591888.313, 89
Trd, 2591888.329, 96
Trd, 2591888.396, 88
Trd, 2591888.479, 87
Trd, 2591889.696, 102
Trd, 2591890.563, 107
Trd, 2591890.829, 107
Trd, 2591891.096, 91
Trd, 2591892.163, 90
Trd, 2591892.179, 87
Trd, 2591894.313, 87
Trd, 2591894.613, 87
Trd, 2591894.929, 90
Trd, 2591896.079, 89
Trd, 2591896.229, 87
Trd, 2591897.963, 92
Trd, 2591899.979, 103
Trd, 2591900.313, 86
Trd, 2591900.813, 106
Trd, 2591901.046, 94
Trd, 2591901.679, 93
Trd, 2591902.446, 99
Trd, 2591902.463, 94
Trd, 2591903.679, 107
Trd, 2591904.163, 106
Trd, 2591904.229, 108
Trd, 2591904.546, 88
Trd, 2591905.346, 101
Trd, 2591905.896, 100
Trd, 2591907.579, 83
Trd, 2591908.063, 106
Trd, 2591908.513, 113
Trd, 2591909.279, 87
Trd, 2591910.446, 115
Trd, 2591910.496, 93
Trd, 2591912.213, 101
Trd, 2591912.746, 103
Trd, 2591913.496, 104
Trd, 2591913.929, 104
Trd, 2591913.963, 112
Trd, 2591915.779, 107
Trd, 2591916.279, 108
Trd, 2591916.329, 101
Trd, 2591917.163, 99
Trd, 2591917.996, 88
Trd, 2591918.663, 105
Trd, 2591921.213, 100
Trd, 2591922.313, 107
Trd, 2591922.913, 105
Trd, 2591923.146, 104
Trd, 2591923.513, 87
Trd, 2591924.113, 109
Trd, 2591925.063, 110
Trd, 2591925.179, 106
Trd, 2591925.946, 94
Trd, 2591927.163, 105
Trd, 2591927.746, 106
Trd, 2591927.796, 105
Trd, 2591928.779, 104
Trd, 2591929.996, 101
Trd, 2591931.396, 115
Trd, 2591931.913, 105
Trd, 2591932.063, 103
Trd, 2591933.396, 102
Trd, 2591933.429, 97
Trd, 2591936.096, 108
Trd, 2591937.063, 102
Trd, 2591937.129, 94
Trd, 2591938.046, 102
Trd, 2591938.946, 106
Trd, 2591939.996, 104
Trd, 2591940.879, 93
Trd, 2591941.013, 92
Trd, 2591941.829, 98
Trd, 2591942.513, 91
Trd, 2591943.113, 87
Trd, 2591944.129, 94
Trd, 2591944.513, 104
Trd, 2591944.529, 90
Trd, 2591945.029, 109
Trd, 2591945.963, 99
Trd, 2591946.263, 108
Trd, 2591946.429, 82
Trd, 2591946.729, 105
Trd, 2591947.963, 94
Trd, 2591949.613, 95
Trd, 2591949.829, 95
Trd, 2591949.913, 88
Trd, 2591950.263, 99
Trd, 2591951.146, 107
Trd, 2591951.963, 108
Trd, 2591952.629, 110
Trd, 2591953.246, 103
Trd, 2591953.746, 101
Trd, 2591953.946, 91
Trd, 2591954.513, 94
Trd, 2591957.379, 104
Trd, 2591957.496, 105
Trd, 2591958.079, 105
Trd, 2591958.529, 109
Trd, 2591958.879, 102
Trd, 2591959.446, 95
Trd, 2591960.096, 94
Trd, 2591960.446, 95
Trd, 2591960.846, 94
Trd, 2591961.563, 97
Trd, 2591962.063, 105
Trd, 2591962.113, 104
Trd, 2591962.996, 87
Trd, 2591963.579, 108
Trd, 2591964.846, 98
Trd, 2591966.346, 97
Trd, 2591967.013, 93
Trd, 2591967.496, 94
Trd, 2591967.513, 93
Trd, 2591969.663, 95
Trd, 2591970.796, 101
Trd, 2591971.129, 95
Trd, 2591972.713, 95
Trd, 2591973.129, 96
Trd, 2591973.479, 93
Trd, 2591974.363, 95
Trd, 2591974.729, 105
Trd, 2591974.879, 106
Trd, 2591975.813, 91
Trd, 2591976.079, 90
Trd, 2591976.779, 90
Trd, 2591977.529, 94
Trd, 2591977.696, 105
Trd, 2591978.646, 107
Trd, 2591979.279, 95
Trd, 2591980.463, 98
Trd, 2591980.863, 98
Trd, 2591981.863, 102
Trd, 2591982.479, 97
Trd, 2591982.863, 91
Trd, 2591983.229, 108
Trd, 2591983.729, 102
Trd, 2591984.313, 105
Trd, 2591984.913, 112
Trd, 2591984.946, 88
Trd, 2591986.313, 102
Trd, 2591986.413, 101
Trd, 2591988.313, 104
Trd, 2591988.763, 101
Trd, 2591988.963, 97
Trd, 2591989.263, 101
Trd, 2591989.879, 94
Trd, 2591992.179, 101
Trd, 2591993.213, 106
Trd, 2591994.063, 106
Trd, 2591994.379, 105
Trd, 2591994.863, 100
Trd, 2591995.296, 107
Trd, 2591995.963, 99
Trd, 2591997.413, 104
Trd, 2591998.579, 105
Trd, 2591999.196, 97
Trd, 2591999.696, 108
