Trd, 2590675.263, 92
Trd, 2590675.579, 96
Trd, 2590676.313, 96
Trd, 2590676.729, 107
Trd, 2590677.096, 114
Trd, 2590677.163, 98
Trd, 2590677.946, 91
Trd, 2590679.446, 91
Trd, 2590679.563, 106
Trd, 2590680.296, 101
Trd, 2590681.363, 91
Trd, 2590681.779, 108
Trd, 2590682.496, 91
Trd, 2590683.546, 113
Trd, 2590684.879, 93
Trd, 2590684.963, 103
Trd, 2590685.929, 94
Trd, 2590686.063, 92
Trd, 2590686.396, 91
Trd, 2590686.513, 90
Trd, 2590686.963, 90
Trd, 2590687.013, 120
Trd, 2590688.096, 92
Trd, 2590688.679, 101
Trd, 2590689.029, 104
Trd, 2590689.379, 108
Trd, 2590690.646, 97
Trd, 2590691.579, 91
Trd, 2590692.496, 116
Trd, 2590693.663, 91
Trd, 2590694.263, 84
Trd, 2590694.313, 82
Trd, 2590694.463, 104
Trd, 2590695.696, 79
Trd, 2590695.996, 93
Trd, 2590696.013, 104
Trd, 2590696.629, 77
Trd, 2590697.829, 98
Trd, 2590698.296, 97
Trd, 2590698.546, 92
Trd, 2590699.346, 101
Trd, 2590699.496, 96
Trd, 2590699.813, 95
Trd, 2590700.479, 108
Trd, 2590700.746, 90
Trd, 2590700.779, 112
Trd, 2590701.613, 101
Trd, 2590702.246, 100
Trd, 2590703.546, 89
Trd, 2590704.913, 111
Trd, 2590705.463, 108
Trd, 2590706.079, 103
Trd, 2590706.096, 99
Trd, 2590707.646, 105
Trd, 2590707.696, 119
Trd, 2590708.529, 91
Trd, 2590709.013, 84
Trd, 2590709.413, 112
Trd, 2590710.713, 94
Trd, 2590710.796, 92
Trd, 2590711.979, 99
Trd, 2590712.246, 98
Trd, 2590712.363, 87
Trd, 2590712.796, 86
Trd, 2590713.013, 85
Trd, 2590713.096, 96
Trd, 2590713.429, 85
Trd, 2590715.346, 100
Trd, 2590716.396, 97
Trd, 2590717.079, 91
Trd, 2590717.179, 91
Trd, 2590718.396, 94
Trd, 2590718.463, 90
Trd, 2590718.529, 108
Trd, 2590718.979, 102
Trd, 2590719.646, 105
Trd, 2590720.063, 111
Trd, 2590722.713, 95
Trd, 2590723.096, 100
Trd, 2590723.313, 99
Trd, 2590725.329, 107
Trd, 2590726.163, 93
Trd, 2590726.413, 91
Trd, 2590726.529, 90
Trd, 2590726.613, 114
Trd, 2590726.879, 89
Trd, 2590727.163, 83
Trd, 2590727.879, 107
Trd, 2590729.446, 107
Trd, 2590729.796, 103
Trd, 2590731.496, 97
Trd, 2590731.546, 90
Trd, 2590732.179, 84
Trd, 2590732.946, 84
Trd, 2590733.663, 103
Trd, 2590733.779, 105
Trd, 2590734.079, 99
Trd, 2590734.529, 81
Trd, 2590735.029, 106
Trd, 2590736.046, 105
Trd, 2590736.196, 81
Trd, 2590736.413, 78
Trd, 2590737.713, 82
Trd, 2590738.629, 82
Trd, 2590741.046, 89
Trd, 2590741.596, 105
Trd, 2590742.213, 102
Trd, 2590742.496, 94
Trd, 2590743.063, 92
Trd, 2590743.096, 92
Trd, 2590743.213, 91
Trd, 2590743.329, 85
Trd, 2590743.346, 80
Trd, 2590743.696, 111
Trd, 2590744.296, 111
Trd, 2590744.413, 94
Trd, 2590745.813, 102
Trd, 2590746.663, 93
Trd, 2590749.163, 96
Trd, 2590749.613, 92
Trd, 2590749.829, 104
Trd, 2590749.896, 91
Trd, 2590750.513, 101
Trd, 2590751.196, 116
Trd, 2590751.379, 101
Trd, 2590752.029, 111
Trd, 2590753.779, 102
Trd, 2590753.863, 97
Trd, 2590754.329, 102
Trd, 2590754.396, 96
Trd, 2590754.446, 85
Trd, 2590755.013, 86
Trd, 2590755.563, 110
Trd, 2590756.029, 84
Trd, 2590756.179, 111
Trd, 2590756.596, 83
Trd, 2590758.296, 87
Trd, 2590758.513, 87
Trd, 2590758.746, 104
Trd, 2590758.979, 108
Trd, 2590759.029, 115
Trd, 2590760.846, 100
Trd, 2590761.646, 87
Trd, 2590761.696, 108
Trd, 2590763.046, 87
Trd, 2590763.313, 85
Trd, 2590763.879, 101
Trd, 2590764.729, 97
Trd, 2590765.213, 113
Trd, 2590765.229, 101
Trd, 2590765.963, 100
Trd, 2590766.379, 101
Trd, 2590766.913, 107
Trd, 2590769.296, 99
Trd, 2590769.513, 98
Trd, 2590769.979, 95
Trd, 2590772.346, 98
Trd, 2590773.329, 91
Trd, 2590774.846, 90
Trd, 2590775.796, 95
Trd, 2590776.046, 89
Trd, 2590776.096, 88
Trd, 2590776.213, 86
Trd, 2590776.329, 80
Trd, 2590776.463, 102
Trd, 2590777.529, 100
Trd, 2590778.179, 108
Trd, 2590779.246, 97
Trd, 2590779.929, 81
Trd, 2590780.446, 101
Trd, 2590780.963, 101
Trd, 2590781.429, 104
Trd, 2590781.713, 108
Trd, 2590781.929, 100
Trd, 2590782.796, 98
Trd, 2590784.163, 84
Trd, 2590784.313, 84
Trd, 2590784.829, 112
Trd, 2590785.679, 88
Trd, 2590786.129, 87
Trd, 2590786.813, 126
Trd, 2590787.579, 96
Trd, 2590788.429, 110
Trd, 2590789.013, 108
Trd, 2590789.246, 105
Trd, 2590789.463, 92
Trd, 2590790.146, 114
Trd, 2590790.446, 91
Trd, 2590791.129, 87
Trd, 2590792.296, 98
Trd, 2590792.563, 91
Trd, 2590793.096, 95
Trd, 2590793.463, 93
Trd, 2590794.746, 100
Trd, 2590796.079, 104
Trd, 2590796.379, 104
Trd, 2590796.429, 100
Trd, 2590796.746, 102
Trd, 2590796.763, 112
Trd, 2590797.846, 120
Trd, 2590799.029, 102
Trd, 2590800.446, 96
Trd, 2590800.613, 106
Trd, 2590801.513, 113
Trd, 2590803.079, 96
Trd, 2590803.679, 94
Trd, 2590804.029, 92
Trd, 2590804.396, 108
Trd, 2590805.163, 100
Trd, 2590805.546, 102
Trd, 2590806.329, 96
Trd, 2590807.513, 99
Trd, 2590809.713, 105
Trd, 2590809.896, 107
Trd, 2590810.446, 108
Trd, 2590810.829, 98
Trd, 2590811.079, 92
Trd, 2590811.179, 91
Trd, 2590813.479, 93
Trd, 2590814.646, 95
Trd, 2590816.379, 93
Trd, 2590816.563, 89
Trd, 2590816.996, 89
Trd, 2590817.313, 84
Trd, 2590817.379, 98
Trd, 2590817.563, 83
Trd, 2590818.096, 104
Trd, 2590818.596, 93
Trd, 2590819.279, 108
Trd, 2590819.546, 98
Trd, 2590819.929, 87
Trd, 2590820.229, 115
Trd, 2590820.413, 83
Trd, 2590820.546, 82
Trd, 2590821.279, 118
Trd, 2590821.479, 121
Trd, 2590821.696, 98
Trd, 2590821.963, 82
Trd, 2590823.979, 96
Trd, 2590825.313, 93
Trd, 2590826.229, 102
Trd, 2590826.829, 98
Trd, 2590826.879, 90
Trd, 2590828.579, 106
Trd, 2590828.879, 87
Trd, 2590828.996, 85
Trd, 2590829.029, 93
Trd, 2590830.096, 98
Trd, 2590830.313, 98
Trd, 2590830.329, 97
Trd, 2590830.846, 97
Trd, 2590831.829, 91
Trd, 2590831.863, 90
Trd, 2590832.029, 92
Trd, 2590833.629, 87
Trd, 2590834.229, 86
Trd, 2590834.379, 106
Trd, 2590834.879, 108
Trd, 2590836.129, 100
Trd, 2590836.163, 96
Trd, 2590837.629, 104
Trd, 2590839.646, 94
Trd, 2590839.896, 90
Trd, 2590841.113, 92
Trd, 2590842.679, 99
Trd, 2590843.846, 108
Trd, 2590844.196, 101
Trd, 2590844.879, 115
Trd, 2590845.463, 93
Trd, 2590845.663, 103
Trd, 2590845.829, 89
Trd, 2590846.246, 113
Trd, 2590846.929, 97
Trd, 2590847.079, 113
Trd, 2590847.396, 93
Trd, 2590847.779, 90
Trd, 2590849.129, 108
Trd, 2590849.763, 97
Trd, 2590850.529, 98
Trd, 2590850.713, 91
Trd, 2590851.063, 115
Trd, 2590851.379, 96
Trd, 2590852.779, 108
Trd, 2590853.113, 118
Trd, 2590853.613, 98
Trd, 2590854.829, 92
Trd, 2590855.046, 92
Trd, 2590855.063, 91
Trd, 2590856.163, 104
Trd, 2590856.279, 95
Trd, 2590856.779, 91
Trd, 2590856.896, 91
Trd, 2590857.413, 84
Trd, 2590857.579, 82
Trd, 2590857.646, 80
Trd, 2590860.063, 83
Trd, 2590860.396, 82
Trd, 2590861.113, 87
Trd, 2590863.613, 102
Trd, 2590863.663, 101
Trd, 2590865.346, 100
Trd, 2590865.779, 95
Trd, 2590866.213, 92
Trd, 2590866.479, 100
Trd, 2590867.313, 91
Trd, 2590867.713, 92
Trd, 2590868.079, 108
Trd, 2590869.446, 83
Trd, 2590869.579, 91
Trd, 2590870.246, 105
Trd, 2590870.296, 97
Trd, 2590871.263, 111
Trd, 2590871.613, 88
Trd, 2590871.763, 115
Trd, 2590872.196, 86
Trd, 2590872.596, 115
Trd, 2590874.213, 99
Trd, 2590874.713, 108
Trd, 2590875.029, 113
Trd, 2590875.696, 98
Trd, 2590876.546, 96
Trd, 2590879.229, 94
Trd, 2590879.546, 91
Trd, 2590880.413, 98
Trd, 2590881.346, 101
Trd, 2590881.796, 100
Trd, 2590882.046, 96
Trd, 2590882.063, 112
Trd, 2590882.946, 94
Trd, 2590883.196, 82
Trd, 2590883.229, 81
Trd, 2590884.713, 98
Trd, 2590885.163, 87
Trd, 2590885.463, 92
Trd, 2590886.979, 94
Trd, 2590887.829, 106
Trd, 2590888.029, 94
Trd, 2590888.879, 102
Trd, 2590889.146, 108
Trd, 2590889.346, 101
Trd, 2590889.646, 97
Trd, 2590890.579, 93
Trd, 2590891.329, 91
Trd, 2590891.779, 85
Trd, 2590891.946, 101
Trd, 2590893.429, 103
Trd, 2590895.496, 100
Trd, 2590895.613, 98
Trd, 2590895.963, 94
Trd, 2590896.213, 88
Trd, 2590898.646, 101
Trd, 2590898.663, 108
Trd, 2590898.763, 94
Trd, 2590898.829, 109
Trd, 2590899.796, 94
Trd, 2590899.996, 93
Trd, 2590900.313, 94
Trd, 2590900.613, 91
Trd, 2590901.479, 81
Trd, 2590902.863, 90
Trd, 2590902.963, 90
Trd, 2590903.446, 93
Trd, 2590903.963, 88
Trd, 2590905.446, 102
Trd, 2590905.513, 98
Trd, 2590906.863, 89
Trd, 2590907.363, 94
Trd, 2590908.046, 103
Trd, 2590908.179, 108
Trd, 2590909.296, 95
Trd, 2590909.346, 92
Trd, 2590910.129, 95
Trd, 2590910.913, 91
Trd, 2590913.379, 91
Trd, 2590914.279, 100
Trd, 2590914.329, 88
Trd, 2590915.096, 84
Trd, 2590915.296, 87
Trd, 2590915.346, 104
Trd, 2590917.346, 108
Trd, 2590917.779, 98
Trd, 2590918.296, 99
Trd, 2590919.046, 97
Trd, 2590919.279, 96
Trd, 2590919.646, 96
Trd, 2590920.363, 93
Trd, 2590920.763, 96
Trd, 2590921.129, 98
Trd, 2590921.329, 95
Trd, 2590921.663, 103
Trd, 2590922.329, 96
Trd, 2590922.546, 92
Trd, 2590923.396, 82
Trd, 2590924.163, 105
Trd, 2590925.113, 108
Trd, 2590926.146, 115
Trd, 2590926.296, 90
Trd, 2590926.696, 78
Trd, 2590928.029, 82
Trd, 2590928.196, 100
Trd, 2590928.796, 81
Trd, 2590928.979, 113
Trd, 2590930.979, 94
Trd, 2590931.613, 104
Trd, 2590933.063, 92
Trd, 2590933.813, 100
Trd, 2590934.163, 101
Trd, 2590934.913, 93
Trd, 2590935.296, 91
Trd, 2590936.029, 94
Trd, 2590937.013, 104
Trd, 2590937.229, 108
Trd, 2590937.396, 100
Trd, 2590937.496, 98
Trd, 2590937.563, 91
Trd, 2590937.946, 101
Trd, 2590940.179, 109
Trd, 2590941.379, 92
Trd, 2590941.646, 99
Trd, 2590941.996, 92
Trd, 2590944.779, 102
Trd, 2590944.913, 106
Trd, 2590946.063, 85
Trd, 2590946.179, 92
Trd, 2590948.713, 98
Trd, 2590949.513, 103
Trd, 2590949.879, 100
Trd, 2590949.963, 99
Trd, 2590949.996, 98
Trd, 2590950.163, 108
Trd, 2590950.529, 97
Trd, 2590950.946, 95
Trd, 2590951.296, 105
Trd, 2590952.113, 115
Trd, 2590952.329, 118
Trd, 2590953.063, 96
Trd, 2590954.013, 106
Trd, 2590954.896, 99
Trd, 2590955.913, 94
Trd, 2590955.996, 104
Trd, 2590956.013, 125
Trd, 2590956.613, 100
Trd, 2590956.946, 93
Trd, 2590958.513, 112
Trd, 2590959.013, 106
Trd, 2590959.296, 103
Trd, 2590961.379, 96
Trd, 2590961.729, 94
Trd, 2590962.079, 103
Trd, 2590962.746, 95
Trd, 2590963.396, 95
Trd, 2590964.463, 92
Trd, 2590965.263, 95
Trd, 2590965.463, 105
Trd, 2590966.796, 91
Trd, 2590966.879, 87
Trd, 2590967.979, 93
Trd, 2590969.296, 96
Trd, 2590969.946, 93
Trd, 2590970.246, 88
Trd, 2590970.963, 94
Trd, 2590971.196, 99
Trd, 2590971.496, 89
Trd, 2590971.513, 87
Trd, 2590971.596, 106
Trd, 2590972.529, 103
Trd, 2590972.613, 99
Trd, 2590972.913, 86
Trd, 2590974.879, 90
Trd, 2590975.363, 105
Trd, 2590975.863, 104
Trd, 2590976.446, 89
Trd, 2590976.796, 84
Trd, 2590977.229, 94
Trd, 2590977.363, 86
Trd, 2590977.929, 79
Trd, 2590979.146, 96
Trd, 2590979.779, 107
Trd, 2590981.413, 99
Trd, 2590982.279, 104
Trd, 2590982.546, 108
Trd, 2590983.263, 110
Trd, 2590983.763, 104
Trd, 2590984.929, 91
Trd, 2590985.629, 88
Trd, 2590985.779, 92
Trd, 2590986.963, 90
Trd, 2590986.979, 88
Trd, 2590987.179, 87
Trd, 2590988.963, 96
Trd, 2590990.446, 93
Trd, 2590990.496, 91
Trd, 2590990.679, 90
Trd, 2590990.929, 92
Trd, 2590991.679, 99
Trd, 2590991.713, 112
Trd, 2590992.729, 98
Trd, 2590993.313, 89
Trd, 2590993.696, 93
Trd, 2590993.913, 93
Trd, 2590995.029, 97
Trd, 2590996.813, 105
Trd, 2590996.913, 86
Trd, 2590997.346, 99
Trd, 2590998.346, 97
Trd, 2590999.346, 94
Trd, 2590999.513, 103
Trd, 2591000.613, 94
Trd, 2591000.646, 97
Trd, 2591001.446, 94
Trd, 2591001.596, 108
Trd, 2591001.663, 90
Trd, 2591002.879, 116
Trd, 2591003.863, 100
Trd, 2591005.379, 94
Trd, 2591005.713, 93
Trd, 2591006.796, 102
Trd, 2591006.879, 92
Trd, 2591007.663, 94
Trd, 2591008.563, 108
Trd, 2591008.913, 98
Trd, 2591009.029, 112
Trd, 2591010.679, 91
Trd, 2591012.196, 102
Trd, 2591012.213, 97
Trd, 2591012.313, 94
Trd, 2591013.179, 104
Trd, 2591013.679, 98
Trd, 2591013.913, 88
Trd, 2591014.213, 95
Trd, 2591015.396, 83
Trd, 2591018.663, 94
Trd, 2591019.513, 108
Trd, 2591020.246, 94
Trd, 2591020.346, 94
Trd, 2591020.446, 93
Trd, 2591020.946, 91
Trd, 2591021.046, 89
Trd, 2591021.179, 103
Trd, 2591021.546, 101
Trd, 2591021.979, 85
Trd, 2591022.863, 97
Trd, 2591023.413, 99
Trd, 2591023.679, 85
Trd, 2591023.763, 84
Trd, 2591023.829, 97
Trd, 2591025.013, 82
Trd, 2591026.196, 93
Trd, 2591027.229, 108
Trd, 2591027.863, 108
Trd, 2591027.896, 91
Trd, 2591029.429, 109
Trd, 2591030.229, 102
Trd, 2591030.313, 101
Trd, 2591031.046, 103
Trd, 2591031.263, 97
Trd, 2591031.679, 93
Trd, 2591031.963, 106
Trd, 2591032.263, 111
Trd, 2591033.829, 115
Trd, 2591033.979, 110
Trd, 2591034.113, 103
Trd, 2591034.246, 91
Trd, 2591036.496, 88
Trd, 2591036.546, 87
Trd, 2591036.829, 86
Trd, 2591037.163, 127
Trd, 2591037.346, 82
Trd, 2591038.813, 104
Trd, 2591038.996, 102
Trd, 2591040.413, 102
Trd, 2591040.496, 91
Trd, 2591041.329, 108
Trd, 2591043.229, 93
Trd, 2591043.246, 92
Trd, 2591043.429, 94
Trd, 2591044.829, 117
Trd, 2591045.446, 117
Trd, 2591045.463, 120
Trd, 2591045.863, 104
Trd, 2591046.346, 103
Trd, 2591046.679, 102
Trd, 2591047.479, 86
Trd, 2591047.579, 125
Trd, 2591047.779, 91
Trd, 2591047.829, 80
Trd, 2591047.979, 79
Trd, 2591049.146, 78
Trd, 2591049.863, 89
Trd, 2591049.879, 87
Trd, 2591051.429, 100
Trd, 2591051.613, 96
Trd, 2591052.079, 108
Trd, 2591054.113, 99
Trd, 2591054.863, 111
Trd, 2591055.446, 92
Trd, 2591055.763, 90
Trd, 2591055.829, 97
Trd, 2591058.529, 93
Trd, 2591059.513, 94
Trd, 2591059.579, 98
Trd, 2591059.663, 91
Trd, 2591060.179, 99
Trd, 2591060.379, 95
Trd, 2591060.513, 103
Trd, 2591061.013, 108
Trd, 2591062.296, 89
Trd, 2591063.713, 102
Trd, 2591064.996, 108
Trd, 2591065.013, 91
Trd, 2591065.129, 86
Trd, 2591065.429, 92
Trd, 2591065.629, 103
Trd, 2591066.296, 102
Trd, 2591066.746, 98
Trd, 2591067.446, 90
Trd, 2591068.313, 87
Trd, 2591068.613, 88
Trd, 2591069.663, 104
Trd, 2591070.829, 77
Trd, 2591070.846, 82
Trd, 2591071.246, 84
Trd, 2591072.129, 93
Trd, 2591072.413, 92
Trd, 2591073.279, 109
Trd, 2591073.879, 101
Trd, 2591074.246, 100
Trd, 2591074.879, 106
Trd, 2591075.579, 104
Trd, 2591075.779, 96
Trd, 2591075.913, 81
Trd, 2591076.363, 86
Trd, 2591076.563, 80
Trd, 2591077.496, 118
Trd, 2591077.913, 82
Trd, 2591078.546, 116
Trd, 2591080.179, 100
Trd, 2591080.346, 109
Trd, 2591081.929, 87
Trd, 2591082.129, 93
Trd, 2591082.179, 84
Trd, 2591083.113, 95
Trd, 2591084.013, 113
Trd, 2591084.663, 94
Trd, 2591084.913, 84
Trd, 2591085.213, 105
Trd, 2591085.229, 101
Trd, 2591086.329, 103
Trd, 2591087.063, 91
Trd, 2591087.429, 82
Trd, 2591087.796, 87
Trd, 2591089.446, 97
Trd, 2591089.863, 91
Trd, 2591090.063, 90
Trd, 2591090.846, 97
Trd, 2591091.379, 105
Trd, 2591091.446, 112
Trd, 2591091.996, 97
Trd, 2591093.463, 101
Trd, 2591095.446, 95
Trd, 2591096.596, 107
Trd, 2591096.846, 108
Trd, 2591096.863, 103
Trd, 2591097.046, 105
Trd, 2591099.513, 95
Trd, 2591099.596, 91
Trd, 2591099.629, 92
Trd, 2591100.829, 95
Trd, 2591101.679, 97
Trd, 2591101.696, 94
Trd, 2591101.929, 102
Trd, 2591101.996, 107
Trd, 2591102.363, 86
Trd, 2591103.829, 85
Trd, 2591104.363, 106
Trd, 2591104.529, 101
Trd, 2591105.663, 110
Trd, 2591106.179, 116
Trd, 2591106.946, 114
Trd, 2591107.063, 109
Trd, 2591107.729, 102
Trd, 2591109.179, 118
Trd, 2591109.196, 98
Trd, 2591109.329, 106
Trd, 2591109.346, 103
Trd, 2591109.863, 100
Trd, 2591110.263, 96
Trd, 2591111.829, 95
Trd, 2591112.196, 91
Trd, 2591112.363, 91
Trd, 2591112.729, 92
Trd, 2591113.479, 104
Trd, 2591114.363, 110
Trd, 2591116.113, 101
Trd, 2591116.479, 92
Trd, 2591116.779, 102
Trd, 2591117.929, 100
Trd, 2591119.096, 107
Trd, 2591119.979, 103
Trd, 2591120.129, 97
Trd, 2591120.296, 100
Trd, 2591120.379, 97
Trd, 2591120.646, 96
Trd, 2591121.179, 93
Trd, 2591122.196, 91
Trd, 2591122.863, 94
Trd, 2591123.013, 93
Trd, 2591125.163, 84
Trd, 2591125.463, 100
Trd, 2591126.029, 96
Trd, 2591126.479, 99
Trd, 2591126.979, 90
Trd, 2591127.246, 107
Trd, 2591127.579, 108
Trd, 2591127.729, 99
Trd, 2591128.613, 97
Trd, 2591128.863, 103
Trd, 2591129.929, 106
Trd, 2591130.313, 100
Trd, 2591131.063, 93
Trd, 2591131.729, 91
Trd, 2591132.096, 112
Trd, 2591132.879, 108
Trd, 2591133.613, 107
Trd, 2591134.179, 99
Trd, 2591135.096, 105
Trd, 2591135.379, 104
Trd, 2591135.513, 91
Trd, 2591135.896, 87
Trd, 2591139.179, 97
Trd, 2591139.413, 99
Trd, 2591139.446, 96
Trd, 2591140.496, 106
Trd, 2591141.079, 105
Trd, 2591141.513, 104
Trd, 2591141.996, 101
Trd, 2591142.213, 101
Trd, 2591142.913, 94
Trd, 2591143.396, 102
Trd, 2591143.746, 97
Trd, 2591144.229, 108
Trd, 2591144.863, 115
Trd, 2591145.746, 104
Trd, 2591146.546, 101
Trd, 2591147.146, 94
Trd, 2591147.696, 102
Trd, 2591148.613, 97
Trd, 2591149.379, 121
Trd, 2591149.863, 104
Trd, 2591150.229, 106
Trd, 2591150.546, 105
Trd, 2591151.513, 91
Trd, 2591152.646, 85
Trd, 2591153.246, 80
Trd, 2591153.346, 107
Trd, 2591154.163, 91
Trd, 2591154.563, 86
Trd, 2591155.696, 106
Trd, 2591156.329, 96
Trd, 2591157.029, 102
Trd, 2591157.046, 96
Trd, 2591157.296, 98
Trd, 2591159.679, 92
Trd, 2591160.063, 91
Trd, 2591160.829, 90
Trd, 2591161.779, 102
Trd, 2591161.946, 105
Trd, 2591162.629, 90
Trd, 2591162.663, 108
Trd, 2591163.146, 91
Trd, 2591163.879, 96
Trd, 2591166.179, 95
Trd, 2591166.463, 114
Trd, 2591169.263, 115
Trd, 2591169.496, 100
Trd, 2591169.563, 87
Trd, 2591169.929, 86
Trd, 2591170.596, 94
Trd, 2591171.146, 84
Trd, 2591171.213, 84
Trd, 2591171.796, 88
Trd, 2591172.213, 83
Trd, 2591172.479, 96
Trd, 2591173.063, 87
Trd, 2591173.379, 100
Trd, 2591174.179, 86
Trd, 2591174.396, 100
Trd, 2591175.113, 87
Trd, 2591175.663, 85
Trd, 2591175.696, 83
Trd, 2591177.413, 85
Trd, 2591178.129, 95
Trd, 2591178.246, 87
Trd, 2591178.846, 82
Trd, 2591180.263, 96
Trd, 2591180.596, 98
Trd, 2591180.663, 106
Trd, 2591180.679, 91
Trd, 2591180.846, 107
Trd, 2591181.279, 92
Trd, 2591182.813, 107
Trd, 2591182.846, 105
Trd, 2591183.646, 108
Trd, 2591184.496, 99
Trd, 2591184.913, 104
Trd, 2591186.963, 94
Trd, 2591187.396, 107
Trd, 2591187.496, 103
Trd, 2591187.563, 91
Trd, 2591188.413, 108
Trd, 2591188.879, 115
Trd, 2591189.413, 94
Trd, 2591189.829, 99
Trd, 2591190.046, 90
Trd, 2591191.079, 81
Trd, 2591191.413, 96
Trd, 2591191.679, 81
Trd, 2591193.013, 104
Trd, 2591193.596, 103
Trd, 2591193.913, 105
Trd, 2591194.329, 120
Trd, 2591195.329, 101
Trd, 2591195.763, 115
Trd, 2591196.979, 105
Trd, 2591197.079, 89
Trd, 2591197.329, 83
Trd, 2591198.579, 82
Trd, 2591199.013, 98
Trd, 2591199.096, 86
Trd, 2591201.163, 96
Trd, 2591201.363, 95
Trd, 2591201.763, 97
Trd, 2591201.913, 104
Trd, 2591203.263, 102
Trd, 2591203.779, 101
Trd, 2591204.613, 100
Trd, 2591204.979, 95
Trd, 2591205.713, 93
Trd, 2591205.863, 86
Trd, 2591205.929, 96
Trd, 2591207.646, 105
Trd, 2591208.879, 91
Trd, 2591209.063, 92
Trd, 2591209.563, 94
Trd, 2591209.746, 96
Trd, 2591210.663, 91
Trd, 2591211.129, 89
Trd, 2591211.346, 105
Trd, 2591213.129, 103
Trd, 2591213.546, 105
Trd, 2591215.046, 107
Trd, 2591215.413, 100
Trd, 2591215.429, 97
Trd, 2591215.446, 91
Trd, 2591215.746, 91
Trd, 2591215.763, 117
Trd, 2591216.213, 95
Trd, 2591216.529, 87
Trd, 2591216.846, 86
Trd, 2591217.646, 85
Trd, 2591217.863, 112
Trd, 2591218.829, 99
Trd, 2591219.996, 115
Trd, 2591221.279, 108
Trd, 2591222.113, 107
Trd, 2591223.246, 93
Trd, 2591223.496, 90
Trd, 2591224.379, 94
Trd, 2591224.579, 108
Trd, 2591224.629, 92
Trd, 2591225.429, 88
Trd, 2591225.679, 95
Trd, 2591226.729, 102
Trd, 2591228.046, 85
Trd, 2591228.579, 81
Trd, 2591229.496, 109
Trd, 2591230.746, 118
Trd, 2591231.129, 115
Trd, 2591231.513, 110
Trd, 2591231.896, 107
Trd, 2591232.029, 110
Trd, 2591233.163, 106
Trd, 2591233.646, 103
Trd, 2591235.063, 109
Trd, 2591235.346, 103
Trd, 2591236.146, 100
Trd, 2591236.929, 84
Trd, 2591237.479, 81
Trd, 2591238.463, 103
Trd, 2591239.029, 93
Trd, 2591239.513, 100
Trd, 2591239.646, 90
Trd, 2591239.663, 89
Trd, 2591240.146, 107
Trd, 2591240.563, 91
Trd, 2591243.163, 105
Trd, 2591243.329, 101
Trd, 2591244.579, 99
Trd, 2591244.896, 96
Trd, 2591245.096, 105
Trd, 2591245.246, 96
Trd, 2591245.779, 117
Trd, 2591246.413, 119
Trd, 2591249.713, 92
Trd, 2591250.329, 103
Trd, 2591250.963, 95
Trd, 2591251.346, 100
Trd, 2591251.396, 93
Trd, 2591251.429, 102
Trd, 2591251.779, 97
Trd, 2591252.529, 108
Trd, 2591252.813, 85
Trd, 2591253.446, 89
Trd, 2591253.563, 87
Trd, 2591253.863, 90
Trd, 2591254.429, 115
Trd, 2591257.463, 87
Trd, 2591257.613, 94
Trd, 2591258.129, 96
Trd, 2591258.513, 99
Trd, 2591259.063, 103
Trd, 2591260.129, 97
Trd, 2591260.296, 96
Trd, 2591260.763, 91
Trd, 2591261.846, 98
Trd, 2591262.396, 112
Trd, 2591262.513, 84
Trd, 2591262.796, 80
Trd, 2591263.463, 101
Trd, 2591265.179, 89
Trd, 2591265.896, 89
Trd, 2591266.396, 100
Trd, 2591267.113, 90
Trd, 2591267.646, 98
Trd, 2591268.346, 97
Trd, 2591268.363, 100
Trd, 2591268.963, 104
Trd, 2591269.863, 104
Trd, 2591271.046, 84
Trd, 2591271.796, 87
Trd, 2591272.229, 101
Trd, 2591272.713, 83
Trd, 2591272.879, 101
Trd, 2591274.096, 105
Trd, 2591274.596, 108
Trd, 2591274.846, 107
Trd, 2591274.963, 101
Trd, 2591276.246, 108
Trd, 2591277.179, 100
Trd, 2591277.363, 104
Trd, 2591277.629, 96
Trd, 2591278.213, 88
Trd, 2591279.113, 104
Trd, 2591279.946, 85
Trd, 2591280.713, 87
Trd, 2591280.996, 89
Trd, 2591281.196, 83
Trd, 2591281.379, 92
Trd, 2591282.113, 115
Trd, 2591282.846, 93
Trd, 2591282.913, 91
Trd, 2591284.579, 84
Trd, 2591284.629, 83
Trd, 2591284.996, 83
Trd, 2591285.646, 85
Trd, 2591286.113, 97
Trd, 2591287.296, 84
Trd, 2591288.629, 89
Trd, 2591289.779, 90
Trd, 2591290.596, 92
Trd, 2591291.813, 98
Trd, 2591291.863, 106
Trd, 2591292.063, 108
Trd, 2591293.713, 95
Trd, 2591293.879, 94
Trd, 2591293.896, 91
Trd, 2591294.196, 102
Trd, 2591294.679, 101
Trd, 2591295.096, 93
Trd, 2591295.363, 92
Trd, 2591297.763, 101
Trd, 2591298.029, 110
Trd, 2591298.063, 115
Trd, 2591298.146, 118
Trd, 2591299.979, 102
Trd, 2591300.663, 96
Trd, 2591300.846, 91
Trd, 2591301.229, 82
Trd, 2591301.929, 102
Trd, 2591302.129, 89
Trd, 2591302.413, 81
Trd, 2591303.746, 100
Trd, 2591303.763, 80
Trd, 2591303.829, 76
Trd, 2591304.013, 86
Trd, 2591305.029, 98
Trd, 2591305.746, 98
Trd, 2591305.946, 103
Trd, 2591306.763, 104
Trd, 2591308.213, 99
Trd, 2591308.863, 90
Trd, 2591309.313, 90
Trd, 2591310.729, 106
Trd, 2591311.296, 104
Trd, 2591312.513, 97
Trd, 2591312.829, 96
Trd, 2591313.546, 91
Trd, 2591314.446, 108
Trd, 2591315.246, 88
Trd, 2591315.513, 103
Trd, 2591316.813, 94
Trd, 2591317.096, 97
Trd, 2591318.729, 98
Trd, 2591320.596, 107
Trd, 2591321.196, 116
Trd, 2591321.613, 106
Trd, 2591321.913, 102
Trd, 2591321.979, 104
Trd, 2591322.146, 100
Trd, 2591322.546, 115
Trd, 2591323.729, 96
Trd, 2591324.013, 92
Trd, 2591324.696, 108
Trd, 2591325.346, 119
Trd, 2591325.646, 103
Trd, 2591326.896, 99
Trd, 2591327.746, 111
Trd, 2591328.013, 98
Trd, 2591328.213, 91
Trd, 2591328.629, 91
Trd, 2591329.179, 99
Trd, 2591329.346, 95
Trd, 2591330.096, 83
Trd, 2591331.113, 112
Trd, 2591332.879, 95
Trd, 2591333.429, 92
Trd, 2591333.796, 106
Trd, 2591334.013, 91
Trd, 2591334.063, 95
Trd, 2591334.796, 96
Trd, 2591334.846, 90
Trd, 2591335.429, 85
Trd, 2591335.679, 108
Trd, 2591335.996, 81
Trd, 2591336.113, 110
Trd, 2591337.779, 95
Trd, 2591337.996, 92
Trd, 2591339.979, 106
Trd, 2591341.146, 94
Trd, 2591343.613, 109
Trd, 2591344.029, 91
Trd, 2591345.946, 103
Trd, 2591345.963, 100
Trd, 2591346.913, 89
Trd, 2591347.113, 85
Trd, 2591347.479, 80
Trd, 2591347.579, 78
Trd, 2591348.263, 108
Trd, 2591348.979, 94
Trd, 2591349.529, 108
Trd, 2591349.596, 93
Trd, 2591349.879, 116
Trd, 2591350.596, 122
Trd, 2591350.679, 91
Trd, 2591351.496, 95
Trd, 2591351.713, 100
Trd, 2591351.746, 92
Trd, 2591353.329, 92
Trd, 2591353.479, 91
Trd, 2591353.613, 90
Trd, 2591354.629, 89
Trd, 2591354.746, 109
Trd, 2591354.779, 110
Trd, 2591355.263, 99
Trd, 2591356.863, 110
Trd, 2591358.896, 96
Trd, 2591360.396, 95
Trd, 2591360.596, 93
Trd, 2591361.546, 107
Trd, 2591361.729, 107
Trd, 2591362.096, 91
Trd, 2591362.546, 108
Trd, 2591363.046, 91
Trd, 2591363.479, 90
Trd, 2591363.613, 89
Trd, 2591364.696, 86
Trd, 2591365.796, 86
Trd, 2591366.146, 105
Trd, 2591367.213, 105
Trd, 2591367.463, 102
Trd, 2591367.813, 108
Trd, 2591368.446, 101
Trd, 2591368.663, 105
Trd, 2591369.313, 95
Trd, 2591370.679, 99
Trd, 2591370.896, 91
Trd, 2591371.346, 85
Trd, 2591372.663, 115
Trd, 2591374.196, 104
Trd, 2591374.979, 96
Trd, 2591375.879, 109
Trd, 2591376.013, 118
Trd, 2591376.379, 96
Trd, 2591377.196, 101
Trd, 2591377.246, 91
Trd, 2591377.796, 88
Trd, 2591378.196, 86
Trd, 2591380.346, 108
Trd, 2591380.396, 104
Trd, 2591380.713, 97
Trd, 2591381.263, 93
Trd, 2591381.663, 101
Trd, 2591381.829, 104
Trd, 2591382.596, 109
Trd, 2591383.346, 113
Trd, 2591383.613, 112
Trd, 2591384.763, 95
Trd, 2591386.263, 103
Trd, 2591386.629, 108
Trd, 2591387.396, 109
Trd, 2591387.796, 96
Trd, 2591388.163, 91
Trd, 2591388.279, 99
Trd, 2591389.579, 87
Trd, 2591389.946, 101
Trd, 2591390.213, 87
Trd, 2591390.729, 85
Trd, 2591391.213, 114
Trd, 2591391.563, 106
Trd, 2591392.179, 82
Trd, 2591394.646, 116
Trd, 2591395.346, 91
Trd, 2591395.546, 85
Trd, 2591396.629, 84
Trd, 2591396.846, 88
Trd, 2591397.046, 91
Trd, 2591397.796, 80
Trd, 2591398.579, 77
Trd, 2591400.396, 102
Trd, 2591401.163, 103
Trd, 2591401.213, 100
Trd, 2591401.746, 96
Trd, 2591402.613, 101
Trd, 2591402.679, 97
Trd, 2591402.846, 107
Trd, 2591403.613, 92
Trd, 2591404.096, 105
Trd, 2591405.396, 89
Trd, 2591405.813, 115
Trd, 2591406.746, 96
Trd, 2591406.913, 99
Trd, 2591407.246, 92
Trd, 2591408.296, 122
Trd, 2591408.729, 105
Trd, 2591408.963, 104
Trd, 2591409.063, 111
Trd, 2591409.896, 112
Trd, 2591410.779, 108
Trd, 2591411.146, 116
Trd, 2591411.713, 101
Trd, 2591412.229, 93
Trd, 2591412.813, 91
Trd, 2591413.479, 91
Trd, 2591413.679, 77
Trd, 2591414.313, 83
Trd, 2591414.329, 101
Trd, 2591416.379, 91
Trd, 2591416.446, 85
Trd, 2591416.829, 91
Trd, 2591418.613, 84
Trd, 2591418.696, 85
Trd, 2591418.879, 81
Trd, 2591420.213, 108
Trd, 2591421.013, 90
Trd, 2591421.113, 93
Trd, 2591421.646, 96
Trd, 2591422.863, 103
Trd, 2591423.196, 98
Trd, 2591424.429, 116
Trd, 2591425.296, 100
Trd, 2591425.329, 99
Trd, 2591425.379, 96
Trd, 2591425.679, 86
Trd, 2591426.096, 108
Trd, 2591426.379, 111
Trd, 2591428.979, 104
Trd, 2591429.346, 91
Trd, 2591429.813, 91
Trd, 2591430.513, 108
Trd, 2591431.063, 87
Trd, 2591431.096, 82
Trd, 2591431.896, 89
Trd, 2591433.329, 115
Trd, 2591433.829, 97
Trd, 2591434.563, 93
Trd, 2591434.579, 104
Trd, 2591434.996, 91
Trd, 2591436.146, 107
Trd, 2591436.863, 105
Trd, 2591436.929, 109
Trd, 2591439.029, 101
Trd, 2591439.213, 101
Trd, 2591440.029, 100
Trd, 2591440.996, 108
Trd, 2591441.729, 99
Trd, 2591442.896, 94
Trd, 2591443.096, 92
Trd, 2591443.213, 101
Trd, 2591444.029, 108
Trd, 2591444.479, 96
Trd, 2591445.646, 90
Trd, 2591445.863, 105
Trd, 2591446.096, 87
Trd, 2591446.896, 116
Trd, 2591448.563, 94
Trd, 2591448.929, 91
Trd, 2591449.296, 102
Trd, 2591450.329, 96
Trd, 2591450.446, 99
Trd, 2591450.629, 103
Trd, 2591451.229, 96
Trd, 2591451.296, 92
Trd, 2591453.379, 99
Trd, 2591454.046, 106
Trd, 2591454.079, 82
Trd, 2591454.346, 92
Trd, 2591454.746, 89
Trd, 2591454.863, 106
Trd, 2591456.229, 108
Trd, 2591456.246, 83
Trd, 2591457.396, 95
Trd, 2591458.363, 116
Trd, 2591458.629, 109
Trd, 2591460.263, 102
Trd, 2591461.196, 92
Trd, 2591461.513, 93
Trd, 2591462.029, 89
Trd, 2591463.379, 96
Trd, 2591465.696, 99
Trd, 2591465.863, 101
Trd, 2591466.179, 96
Trd, 2591466.329, 108
Trd, 2591468.196, 105
Trd, 2591468.829, 99
Trd, 2591468.963, 98
Trd, 2591469.463, 115
Trd, 2591469.913, 101
Trd, 2591470.163, 97
Trd, 2591470.246, 106
Trd, 2591470.779, 99
Trd, 2591470.979, 92
Trd, 2591471.796, 91
Trd, 2591472.079, 90
Trd, 2591472.563, 108
Trd, 2591473.479, 82
Trd, 2591473.796, 98
Trd, 2591474.013, 110
Trd, 2591474.196, 101
Trd, 2591475.346, 106
Trd, 2591476.696, 99
Trd, 2591477.279, 96
Trd, 2591478.096, 94
Trd, 2591479.513, 93
Trd, 2591479.663, 106
Trd, 2591481.296, 99
Trd, 2591482.129, 108
Trd, 2591482.529, 107
Trd, 2591483.046, 108
Trd, 2591483.429, 99
Trd, 2591483.846, 115
Trd, 2591485.463, 104
Trd, 2591486.296, 103
Trd, 2591487.196, 97
Trd, 2591487.579, 105
Trd, 2591487.779, 85
Trd, 2591488.729, 92
Trd, 2591488.846, 91
Trd, 2591489.763, 98
Trd, 2591490.096, 92
Trd, 2591490.146, 101
Trd, 2591490.663, 111
Trd, 2591490.696, 90
Trd, 2591490.929, 88
Trd, 2591492.179, 114
Trd, 2591493.063, 98
Trd, 2591495.663, 108
Trd, 2591496.113, 115
Trd, 2591497.063, 105
Trd, 2591497.213, 93
Trd, 2591497.446, 128
Trd, 2591498.596, 94
Trd, 2591499.079, 93
Trd, 2591499.946, 90
Trd, 2591500.229, 98
Trd, 2591500.329, 104
Trd, 2591501.096, 96
Trd, 2591501.146, 99
Trd, 2591501.196, 92
Trd, 2591502.146, 93
Trd, 2591503.396, 102
Trd, 2591503.796, 90
Trd, 2591504.729, 98
Trd, 2591504.996, 99
Trd, 2591505.213, 92
Trd, 2591506.379, 88
Trd, 2591507.296, 100
Trd, 2591507.529, 103
Trd, 2591507.796, 98
Trd, 2591508.479, 100
Trd, 2591509.046, 108
Trd, 2591509.279, 115
Trd, 2591510.096, 106
Trd, 2591510.429, 105
Trd, 2591510.446, 102
Trd, 2591510.663, 113
Trd, 2591511.113, 93
Trd, 2591511.413, 87
Trd, 2591514.846, 112
Trd, 2591515.096, 101
Trd, 2591515.963, 99
Trd, 2591517.279, 99
Trd, 2591517.746, 98
Trd, 2591519.346, 92
Trd, 2591520.563, 92
Trd, 2591520.646, 91
Trd, 2591520.696, 87
Trd, 2591520.963, 84
Trd, 2591521.613, 106
Trd, 2591522.063, 100
Trd, 2591522.496, 94
Trd, 2591522.579, 115
Trd, 2591523.229, 90
Trd, 2591524.146, 88
Trd, 2591524.879, 98
Trd, 2591525.513, 108
Trd, 2591526.229, 93
Trd, 2591527.629, 91
Trd, 2591528.846, 82
Trd, 2591529.263, 89
Trd, 2591530.529, 93
Trd, 2591530.979, 86
Trd, 2591531.046, 95
Trd, 2591531.179, 108
Trd, 2591531.813, 92
Trd, 2591531.996, 105
Trd, 2591532.196, 101
Trd, 2591532.513, 87
Trd, 2591533.646, 95
Trd, 2591534.346, 112
Trd, 2591534.529, 107
Trd, 2591535.563, 112
Trd, 2591535.613, 117
Trd, 2591535.729, 83
Trd, 2591535.863, 127
Trd, 2591536.046, 87
Trd, 2591537.013, 87
Trd, 2591537.146, 84
Trd, 2591537.379, 82
Trd, 2591540.579, 86
Trd, 2591543.079, 100
Trd, 2591543.779, 89
Trd, 2591544.763, 97
Trd, 2591544.879, 96
Trd, 2591545.746, 96
Trd, 2591545.879, 92
Trd, 2591545.929, 99
Trd, 2591546.013, 104
Trd, 2591546.363, 94
Trd, 2591546.829, 88
Trd, 2591547.463, 85
Trd, 2591547.813, 97
Trd, 2591547.863, 83
Trd, 2591548.446, 94
Trd, 2591550.529, 96
Trd, 2591552.446, 105
Trd, 2591552.896, 102
Trd, 2591553.096, 96
Trd, 2591553.179, 108
Trd, 2591555.679, 99
Trd, 2591556.163, 97
Trd, 2591556.379, 91
Trd, 2591557.713, 108
Trd, 2591557.863, 97
Trd, 2591558.596, 96
Trd, 2591559.046, 91
Trd, 2591559.229, 90
Trd, 2591559.463, 88
Trd, 2591559.929, 85
Trd, 2591561.546, 88
Trd, 2591561.646, 101
Trd, 2591561.913, 87
Trd, 2591562.696, 97
Trd, 2591562.879, 85
Trd, 2591564.163, 90
Trd, 2591564.329, 86
Trd, 2591565.129, 83
Trd, 2591565.346, 82
Trd, 2591565.596, 106
Trd, 2591566.079, 86
Trd, 2591566.629, 84
Trd, 2591567.596, 99
Trd, 2591567.779, 98
Trd, 2591570.463, 91
Trd, 2591570.579, 87
Trd, 2591571.329, 96
Trd, 2591571.679, 82
Trd, 2591572.546, 108
Trd, 2591572.713, 87
Trd, 2591572.846, 84
Trd, 2591572.863, 115
Trd, 2591574.629, 111
Trd, 2591574.929, 96
Trd, 2591575.079, 105
Trd, 2591575.396, 103
Trd, 2591575.479, 84
Trd, 2591575.663, 83
Trd, 2591576.629, 114
Trd, 2591576.946, 92
Trd, 2591577.546, 103
Trd, 2591578.329, 108
Trd, 2591578.379, 108
Trd, 2591578.579, 107
Trd, 2591579.313, 84
Trd, 2591580.346, 86
Trd, 2591581.163, 89
Trd, 2591582.646, 89
Trd, 2591582.896, 86
Trd, 2591583.996, 99
Trd, 2591584.263, 97
Trd, 2591584.363, 115
Trd, 2591584.596, 91
Trd, 2591585.113, 115
Trd, 2591585.363, 123
Trd, 2591585.713, 101
Trd, 2591588.663, 109
Trd, 2591589.029, 105
Trd, 2591589.696, 102
Trd, 2591589.946, 105
Trd, 2591592.013, 106
Trd, 2591592.096, 91
Trd, 2591592.263, 88
Trd, 2591592.779, 80
Trd, 2591593.379, 101
Trd, 2591593.513, 108
Trd, 2591594.196, 104
Trd, 2591594.629, 107
Trd, 2591595.113, 105
Trd, 2591595.963, 101
Trd, 2591596.696, 93
Trd, 2591597.113, 93
Trd, 2591597.246, 90
Trd, 2591597.763, 87
Trd, 2591597.829, 95
Trd, 2591600.446, 95
Trd, 2591602.046, 109
Trd, 2591602.796, 103
Trd, 2591602.879, 100
Trd, 2591603.446, 99
Trd, 2591603.596, 94
Trd, 2591603.979, 93
Trd, 2591604.213, 100
Trd, 2591607.413, 105
Trd, 2591608.463, 91
Trd, 2591608.796, 90
Trd, 2591608.896, 102
Trd, 2591609.246, 89
Trd, 2591609.696, 101
Trd, 2591610.446, 85
Trd, 2591610.479, 92
Trd, 2591611.279, 91
Trd, 2591611.496, 102
Trd, 2591611.763, 108
Trd, 2591612.013, 85
Trd, 2591612.513, 101
Trd, 2591612.663, 79
Trd, 2591612.729, 105
Trd, 2591613.013, 79
Trd, 2591613.296, 79
Trd, 2591615.063, 88
Trd, 2591615.663, 92
Trd, 2591615.863, 88
Trd, 2591616.246, 78
Trd, 2591616.813, 108
Trd, 2591617.029, 75
Trd, 2591617.046, 107
Trd, 2591617.113, 73
Trd, 2591617.879, 89
Trd, 2591618.929, 81
Trd, 2591619.596, 98
Trd, 2591620.513, 102
Trd, 2591621.679, 110
Trd, 2591621.913, 94
Trd, 2591623.629, 102
Trd, 2591623.879, 96
Trd, 2591624.746, 93
Trd, 2591626.729, 88
Trd, 2591627.163, 113
Trd, 2591627.396, 115
Trd, 2591628.363, 105
Trd, 2591628.629, 104
Trd, 2591628.746, 116
Trd, 2591629.479, 101
Trd, 2591629.579, 84
Trd, 2591630.129, 102
Trd, 2591630.179, 118
Trd, 2591630.213, 86
Trd, 2591632.179, 126
Trd, 2591633.646, 136
Trd, 2591635.113, 110
Trd, 2591635.263, 107
Trd, 2591637.246, 99
Trd, 2591639.363, 106
Trd, 2591639.529, 99
Trd, 2591640.746, 108
Trd, 2591640.929, 105
Trd, 2591641.013, 103
Trd, 2591641.813, 104
Trd, 2591641.996, 104
Trd, 2591642.846, 114
Trd, 2591643.079, 99
Trd, 2591643.113, 93
Trd, 2591643.246, 91
Trd, 2591643.779, 89
Trd, 2591644.579, 103
Trd, 2591644.646, 117
Trd, 2591645.363, 89
Trd, 2591647.563, 108
Trd, 2591647.629, 94
Trd, 2591648.429, 107
Trd, 2591648.829, 85
Trd, 2591649.779, 97
Trd, 2591652.146, 96
Trd, 2591652.463, 108
Trd, 2591652.963, 100
Trd, 2591653.196, 95
Trd, 2591653.279, 94
Trd, 2591653.413, 91
Trd, 2591654.229, 103
Trd, 2591654.746, 92
Trd, 2591656.179, 85
Trd, 2591656.413, 86
Trd, 2591659.629, 88
Trd, 2591659.796, 88
Trd, 2591660.029, 92
Trd, 2591660.096, 88
Trd, 2591660.579, 98
Trd, 2591660.629, 108
Trd, 2591661.113, 109
Trd, 2591661.763, 114
Trd, 2591662.646, 97
Trd, 2591662.713, 93
Trd, 2591662.796, 92
Trd, 2591663.229, 92
Trd, 2591665.813, 110
Trd, 2591666.079, 102
Trd, 2591666.279, 99
Trd, 2591666.596, 94
Trd, 2591666.946, 107
Trd, 2591668.129, 100
Trd, 2591668.879, 110
Trd, 2591669.346, 118
Trd, 2591670.146, 101
Trd, 2591670.213, 96
Trd, 2591671.479, 104
Trd, 2591671.496, 98
Trd, 2591672.163, 96
Trd, 2591673.129, 100
Trd, 2591675.946, 94
Trd, 2591676.046, 93
Trd, 2591677.246, 97
Trd, 2591677.513, 94
Trd, 2591678.796, 99
Trd, 2591679.046, 113
Trd, 2591679.629, 92
Trd, 2591679.729, 91
Trd, 2591680.829, 101
Trd, 2591681.113, 86
Trd, 2591681.196, 105
Trd, 2591682.129, 106
Trd, 2591682.896, 103
Trd, 2591683.613, 93
Trd, 2591683.646, 90
Trd, 2591685.913, 105
Trd, 2591688.113, 95
Trd, 2591688.196, 105
Trd, 2591688.263, 91
Trd, 2591688.346, 105
Trd, 2591689.046, 84
Trd, 2591690.379, 84
Trd, 2591691.363, 98
Trd, 2591692.129, 92
Trd, 2591692.296, 108
Trd, 2591692.996, 104
Trd, 2591693.179, 90
Trd, 2591693.213, 87
Trd, 2591693.563, 83
Trd, 2591694.196, 113
Trd, 2591695.246, 94
Trd, 2591695.329, 77
Trd, 2591695.563, 80
Trd, 2591696.213, 93
Trd, 2591696.846, 102
Trd, 2591697.496, 109
Trd, 2591699.079, 95
Trd, 2591699.663, 92
Trd, 2591699.813, 95
Trd, 2591700.013, 92
Trd, 2591700.179, 111
Trd, 2591701.729, 99
Trd, 2591702.713, 92
Trd, 2591702.796, 100
Trd, 2591703.079, 105
Trd, 2591703.313, 93
Trd, 2591704.396, 91
Trd, 2591704.513, 85
Trd, 2591704.529, 96
Trd, 2591706.813, 97
Trd, 2591707.946, 90
Trd, 2591708.246, 95
Trd, 2591708.563, 89
Trd, 2591708.796, 96
Trd, 2591709.613, 101
Trd, 2591709.879, 114
Trd, 2591710.629, 103
Trd, 2591711.013, 91
Trd, 2591711.046, 112
Trd, 2591712.929, 111
Trd, 2591713.696, 100
Trd, 2591714.129, 110
Trd, 2591715.379, 91
Trd, 2591716.729, 80
Trd, 2591717.029, 79
Trd, 2591717.263, 92
Trd, 2591717.729, 79
Trd, 2591718.546, 80
Trd, 2591718.729, 80
Trd, 2591719.413, 88
Trd, 2591719.463, 108
Trd, 2591719.946, 114
Trd, 2591721.696, 100
Trd, 2591721.746, 95
Trd, 2591723.146, 92
Trd, 2591723.863, 89
Trd, 2591725.379, 106
Trd, 2591726.096, 102
Trd, 2591726.613, 108
Trd, 2591727.329, 107
Trd, 2591727.746, 106
Trd, 2591731.046, 98
Trd, 2591731.429, 101
Trd, 2591731.663, 98
Trd, 2591731.929, 94
Trd, 2591731.979, 105
Trd, 2591732.129, 91
Trd, 2591732.513, 89
Trd, 2591733.046, 103
Trd, 2591733.263, 100
Trd, 2591734.279, 104
Trd, 2591734.363, 96
Trd, 2591735.396, 93
Trd, 2591735.496, 92
Trd, 2591735.946, 91
Trd, 2591736.379, 85
Trd, 2591737.296, 108
Trd, 2591738.096, 88
Trd, 2591738.346, 116
Trd, 2591738.729, 84
Trd, 2591738.763, 84
Trd, 2591738.779, 87
Trd, 2591739.313, 87
Trd, 2591739.463, 118
Trd, 2591739.979, 108
Trd, 2591743.363, 111
Trd, 2591743.729, 91
Trd, 2591743.829, 89
Trd, 2591745.413, 86
Trd, 2591745.879, 83
Trd, 2591746.513, 101
Trd, 2591746.746, 97
Trd, 2591746.996, 88
Trd, 2591747.446, 83
Trd, 2591747.579, 83
Trd, 2591749.063, 90
Trd, 2591749.896, 91
Trd, 2591751.013, 107
Trd, 2591751.629, 104
Trd, 2591752.063, 101
Trd, 2591752.246, 108
Trd, 2591752.896, 101
Trd, 2591753.246, 117
Trd, 2591753.413, 115
Trd, 2591753.713, 100
Trd, 2591754.596, 98
Trd, 2591754.979, 96
Trd, 2591755.146, 118
Trd, 2591755.596, 130
Trd, 2591755.779, 116
Trd, 2591755.796, 93
Trd, 2591757.113, 119
Trd, 2591757.929, 94
Trd, 2591759.313, 95
Trd, 2591759.496, 108
Trd, 2591760.246, 105
Trd, 2591762.213, 91
Trd, 2591762.963, 88
Trd, 2591763.563, 99
Trd, 2591763.763, 86
Trd, 2591764.329, 82
Trd, 2591765.029, 85
Trd, 2591765.179, 100
Trd, 2591766.513, 105
Trd, 2591766.829, 98
Trd, 2591767.146, 94
Trd, 2591767.163, 94
Trd, 2591768.079, 99
Trd, 2591768.513, 97
Trd, 2591768.746, 79
Trd, 2591769.579, 107
Trd, 2591770.163, 108
Trd, 2591770.563, 86
Trd, 2591771.296, 88
Trd, 2591772.346, 104
Trd, 2591772.696, 100
Trd, 2591772.846, 83
Trd, 2591773.979, 94
Trd, 2591775.913, 90
Trd, 2591776.679, 100
Trd, 2591778.713, 98
Trd, 2591780.346, 105
Trd, 2591780.763, 112
Trd, 2591780.946, 97
Trd, 2591781.296, 96
Trd, 2591781.329, 102
Trd, 2591781.763, 93
Trd, 2591782.213, 97
Trd, 2591782.646, 92
Trd, 2591782.729, 91
Trd, 2591783.363, 85
Trd, 2591783.379, 85
Trd, 2591784.579, 96
Trd, 2591784.963, 108
Trd, 2591785.196, 106
Trd, 2591786.529, 103
Trd, 2591787.079, 102
Trd, 2591787.729, 105
Trd, 2591788.763, 100
Trd, 2591790.596, 92
Trd, 2591791.446, 91
Trd, 2591792.163, 101
Trd, 2591793.763, 98
Trd, 2591793.946, 108
Trd, 2591794.663, 111
Trd, 2591794.746, 109
Trd, 2591795.079, 104
Trd, 2591795.696, 103
Trd, 2591796.229, 103
Trd, 2591796.963, 110
Trd, 2591797.213, 98
Trd, 2591797.429, 98
Trd, 2591799.496, 99
Trd, 2591801.046, 87
Trd, 2591801.179, 84
Trd, 2591801.929, 82
Trd, 2591803.096, 88
Trd, 2591804.346, 92
Trd, 2591804.513, 98
Trd, 2591804.829, 92
Trd, 2591804.929, 91
Trd, 2591805.163, 92
Trd, 2591805.779, 104
Trd, 2591806.813, 108
Trd, 2591807.463, 108
Trd, 2591809.396, 110
Trd, 2591809.763, 110
Trd, 2591809.829, 103
Trd, 2591810.013, 95
Trd, 2591811.496, 97
Trd, 2591811.913, 108
Trd, 2591812.329, 94
Trd, 2591813.146, 94
Trd, 2591813.196, 92
Trd, 2591813.679, 86
Trd, 2591815.929, 100
Trd, 2591815.963, 99
Trd, 2591816.629, 96
Trd, 2591817.496, 94
Trd, 2591818.129, 99
Trd, 2591818.229, 109
Trd, 2591818.563, 95
Trd, 2591819.113, 97
Trd, 2591819.346, 92
Trd, 2591820.346, 118
Trd, 2591820.946, 99
Trd, 2591821.329, 102
Trd, 2591821.496, 107
Trd, 2591821.579, 96
Trd, 2591822.196, 95
Trd, 2591822.496, 91
Trd, 2591823.696, 101
Trd, 2591824.163, 82
Trd, 2591825.313, 111
Trd, 2591825.429, 87
Trd, 2591827.196, 110
Trd, 2591827.613, 119
Trd, 2591828.963, 103
Trd, 2591829.479, 102
Trd, 2591830.529, 101
Trd, 2591830.579, 107
Trd, 2591830.946, 99
Trd, 2591831.963, 112
Trd, 2591832.113, 111
Trd, 2591832.896, 93
Trd, 2591833.579, 91
Trd, 2591833.913, 91
Trd, 2591835.279, 94
Trd, 2591835.813, 88
Trd, 2591836.796, 104
Trd, 2591837.163, 105
Trd, 2591837.863, 91
Trd, 2591838.746, 86
Trd, 2591840.029, 106
Trd, 2591840.163, 103
Trd, 2591840.896, 108
Trd, 2591841.379, 96
Trd, 2591841.546, 101
Trd, 2591841.996, 97
Trd, 2591842.246, 101
Trd, 2591842.846, 98
Trd, 2591843.363, 97
Trd, 2591844.496, 94
Trd, 2591845.346, 91
Trd, 2591845.529, 90
Trd, 2591845.913, 92
Trd, 2591846.713, 110
Trd, 2591847.046, 88
Trd, 2591847.096, 87
Trd, 2591847.346, 84
Trd, 2591849.046, 104
Trd, 2591849.663, 103
Trd, 2591850.246, 95
Trd, 2591851.346, 93
Trd, 2591852.129, 99
Trd, 2591852.213, 101
Trd, 2591852.246, 92
Trd, 2591853.796, 91
Trd, 2591853.896, 106
Trd, 2591854.796, 87
Trd, 2591855.229, 108
Trd, 2591856.179, 97
Trd, 2591856.563, 104
Trd, 2591856.963, 116
Trd, 2591857.163, 103
Trd, 2591857.363, 95
Trd, 2591857.763, 88
Trd, 2591858.063, 88
Trd, 2591859.613, 90
Trd, 2591863.246, 88
Trd, 2591863.546, 87
Trd, 2591863.913, 97
Trd, 2591864.113, 85
Trd, 2591864.896, 104
Trd, 2591864.929, 97
Trd, 2591865.063, 85
Trd, 2591865.146, 108
Trd, 2591866.979, 92
Trd, 2591867.196, 100
Trd, 2591867.779, 90
Trd, 2591869.263, 97
Trd, 2591869.546, 105
Trd, 2591871.129, 98
Trd, 2591871.713, 108
Trd, 2591871.929, 96
Trd, 2591872.313, 114
Trd, 2591872.713, 104
Trd, 2591872.913, 100
Trd, 2591873.646, 96
Trd, 2591874.496, 91
Trd, 2591875.563, 89
Trd, 2591876.596, 97
Trd, 2591877.729, 99
Trd, 2591877.896, 92
Trd, 2591879.129, 86
Trd, 2591879.229, 101
Trd, 2591879.313, 94
Trd, 2591879.396, 84
Trd, 2591880.829, 87
Trd, 2591880.913, 81
Trd, 2591881.613, 104
Trd, 2591884.279, 97
Trd, 2591884.629, 98
Trd, 2591885.479, 113
Trd, 2591885.546, 114
Trd, 2591887.129, 101
Trd, 2591887.146, 100
Trd, 2591887.546, 97
Trd, 2591888.429, 91
Trd, 2591889.429, 95
Trd, 2591889.496, 85
Trd, 2591889.979, 84
Trd, 2591889.996, 83
Trd, 2591890.896, 115
Trd, 2591890.929, 82
Trd, 2591891.429, 79
Trd, 2591891.779, 97
Trd, 2591892.563, 98
Trd, 2591892.729, 108
Trd, 2591893.796, 88
Trd, 2591895.213, 89
Trd, 2591896.046, 84
Trd, 2591896.363, 107
Trd, 2591897.246, 104
Trd, 2591897.429, 108
Trd, 2591897.929, 111
Trd, 2591898.496, 102
Trd, 2591898.596, 91
Trd, 2591899.429, 102
Trd, 2591899.496, 94
Trd, 2591899.529, 91
Trd, 2591899.829, 90
Trd, 2591900.429, 105
Trd, 2591900.696, 106
Trd, 2591901.246, 105
Trd, 2591902.229, 95
Trd, 2591902.246, 117
Trd, 2591903.229, 101
Trd, 2591905.813, 102
Trd, 2591905.979, 98
Trd, 2591906.629, 100
Trd, 2591907.263, 101
Trd, 2591907.746, 89
Trd, 2591908.413, 86
Trd, 2591908.529, 104
Trd, 2591908.813, 83
Trd, 2591909.446, 104
Trd, 2591912.229, 108
Trd, 2591912.679, 106
Trd, 2591912.946, 105
Trd, 2591912.979, 102
Trd, 2591913.846, 104
Trd, 2591913.979, 102
Trd, 2591914.896, 91
Trd, 2591914.979, 83
Trd, 2591915.129, 82
Trd, 2591915.513, 109
Trd, 2591915.529, 114
Trd, 2591916.229, 90
Trd, 2591917.096, 111
Trd, 2591917.813, 105
Trd, 2591918.813, 88
Trd, 2591918.846, 95
Trd, 2591919.296, 86
Trd, 2591920.179, 97
Trd, 2591920.513, 83
Trd, 2591923.263, 99
Trd, 2591923.379, 106
Trd, 2591923.796, 96
Trd, 2591923.879, 95
Trd, 2591924.029, 92
Trd, 2591925.146, 107
Trd, 2591927.063, 108
Trd, 2591927.529, 90
Trd, 2591927.713, 111
Trd, 2591928.729, 100
Trd, 2591929.013, 94
Trd, 2591929.813, 97
Trd, 2591929.913, 92
Trd, 2591929.946, 91
Trd, 2591930.279, 88
Trd, 2591930.296, 84
Trd, 2591930.746, 96
Trd, 2591933.663, 96
Trd, 2591934.263, 94
Trd, 2591934.329, 99
Trd, 2591935.629, 107
Trd, 2591935.963, 108
Trd, 2591936.179, 96
Trd, 2591936.963, 92
Trd, 2591937.179, 90
Trd, 2591938.663, 86
Trd, 2591939.029, 83
Trd, 2591939.796, 93
Trd, 2591940.196, 99
Trd, 2591940.829, 108
Trd, 2591941.946, 108
Trd, 2591942.163, 107
Trd, 2591942.263, 102
Trd, 2591943.979, 102
Trd, 2591944.763, 98
Trd, 2591945.796, 111
Trd, 2591945.996, 117
Trd, 2591947.596, 98
Trd, 2591948.396, 105
Trd, 2591949.479, 112
Trd, 2591949.913, 111
Trd, 2591950.813, 107
Trd, 2591951.063, 99
Trd, 2591951.679, 98
Trd, 2591951.763, 91
Trd, 2591951.963, 90
Trd, 2591952.613, 110
Trd, 2591953.496, 105
Trd, 2591953.529, 105
Trd, 2591953.713, 104
Trd, 2591954.329, 110
Trd, 2591954.663, 108
Trd, 2591956.063, 110
Trd, 2591956.613, 93
Trd, 2591958.163, 92
Trd, 2591958.729, 100
Trd, 2591960.396, 94
Trd, 2591960.463, 91
Trd, 2591960.546, 91
Trd, 2591960.729, 95
Trd, 2591961.946, 99
Trd, 2591962.513, 98
Trd, 2591963.029, 98
Trd, 2591963.729, 97
Trd, 2591964.046, 89
Trd, 2591965.446, 93
Trd, 2591965.879, 102
Trd, 2591966.096, 109
Trd, 2591966.329, 98
Trd, 2591966.746, 97
Trd, 2591968.246, 91
Trd, 2591968.846, 100
Trd, 2591971.046, 89
Trd, 2591971.329, 95
Trd, 2591972.263, 99
Trd, 2591972.329, 92
Trd, 2591972.963, 91
Trd, 2591974.796, 93
Trd, 2591975.563, 102
Trd, 2591975.629, 108
Trd, 2591976.329, 96
Trd, 2591977.963, 101
Trd, 2591978.946, 100
Trd, 2591979.779, 99
Trd, 2591980.163, 101
Trd, 2591980.563, 102
Trd, 2591980.763, 98
Trd, 2591981.563, 110
Trd, 2591982.646, 94
Trd, 2591983.663, 111
Trd, 2591983.696, 113
Trd, 2591984.229, 92
Trd, 2591984.329, 91
Trd, 2591984.396, 84
Trd, 2591984.913, 101
Trd, 2591985.413, 106
Trd, 2591985.813, 100
Trd, 2591986.046, 99
Trd, 2591987.396, 95
Trd, 2591988.579, 101
Trd, 2591989.646, 103
Trd, 2591990.079, 102
Trd, 2591990.296, 98
Trd, 2591991.713, 104
Trd, 2591992.113, 96
Trd, 2591993.279, 101
Trd, 2591993.813, 90
Trd, 2591994.813, 107
Trd, 2591994.913, 88
Trd, 2591995.029, 84
Trd, 2591996.813, 92
Trd, 2591997.679, 100
Trd, 2591997.763, 77
Trd, 2591997.846, 109
Trd, 2591998.996, 111
Trd, 2591999.029, 82
Trd, 2591999.279, 98
Trd, 2591999.646, 101
