Trd, 2590634.246, 95
Trd, 2590635.196, 102
Trd, 2590636.546, 96
Trd, 2590637.379, 97
Trd, 2590637.446, 96
Trd, 2590638.646, 86
Trd, 2590638.813, 88
Trd, 2590640.229, 91
Trd, 2590641.063, 98
Trd, 2590641.129, 99
Trd, 2590641.713, 100
Trd, 2590642.746, 107
Trd, 2590643.046, 93
Trd, 2590643.629, 108
Trd, 2590643.829, 90
Trd, 2590644.329, 93
Trd, 2590644.746, 105
Trd, 2590645.379, 89
Trd, 2590645.396, 91
Trd, 2590646.929, 104
Trd, 2590648.646, 96
Trd, 2590649.463, 95
Trd, 2590649.663, 94
Trd, 2590651.679, 100
Trd, 2590652.079, 85
Trd, 2590653.829, 101
Trd, 2590653.863, 84
Trd, 2590654.263, 101
Trd, 2590654.646, 94
Trd, 2590654.863, 117
Trd, 2590656.296, 108
Trd, 2590657.679, 96
Trd, 2590657.996, 88
Trd, 2590658.513, 89
Trd, 2590659.046, 82
Trd, 2590659.646, 96
Trd, 2590659.663, 95
Trd, 2590659.813, 85
Trd, 2590660.463, 81
Trd, 2590662.213, 79
Trd, 2590662.513, 79
Trd, 2590663.879, 84
Trd, 2590664.096, 84
Trd, 2590664.196, 94
Trd, 2590665.596, 84
Trd, 2590666.829, 87
Trd, 2590667.263, 93
Trd, 2590667.713, 89
Trd, 2590668.129, 88
Trd, 2590668.896, 95
Trd, 2590671.896, 102
Trd, 2590672.413, 98
Trd, 2590675.313, 98
Trd, 2590675.763, 103
Trd, 2590676.146, 98
Trd, 2590677.246, 95
Trd, 2590677.413, 100
Trd, 2590679.213, 100
Trd, 2590679.779, 100
Trd, 2590679.796, 99
Trd, 2590680.679, 96
Trd, 2590680.863, 84
Trd, 2590681.129, 97
Trd, 2590683.546, 99
Trd, 2590683.713, 100
Trd, 2590684.313, 103
Trd, 2590685.146, 101
Trd, 2590685.446, 96
Trd, 2590685.796, 95
Trd, 2590686.213, 95
Trd, 2590686.329, 94
Trd, 2590686.463, 93
Trd, 2590686.663, 84
Trd, 2590687.113, 79
Trd, 2590689.713, 88
Trd, 2590690.263, 94
Trd, 2590690.879, 94
Trd, 2590691.129, 90
Trd, 2590692.479, 91
Trd, 2590692.529, 94
Trd, 2590693.179, 90
Trd, 2590693.396, 89
Trd, 2590693.429, 82
Trd, 2590693.646, 82
Trd, 2590694.813, 94
Trd, 2590696.479, 97
Trd, 2590696.829, 103
Trd, 2590696.996, 102
Trd, 2590697.179, 95
Trd, 2590698.046, 91
Trd, 2590698.279, 91
Trd, 2590698.913, 101
Trd, 2590699.196, 84
Trd, 2590701.213, 87
Trd, 2590701.763, 91
Trd, 2590702.063, 85
Trd, 2590702.096, 105
Trd, 2590703.296, 85
Trd, 2590703.729, 88
Trd, 2590704.313, 84
Trd, 2590707.346, 95
Trd, 2590708.163, 97
Trd, 2590708.363, 91
Trd, 2590711.679, 101
Trd, 2590713.279, 103
Trd, 2590713.746, 115
Trd, 2590714.696, 93
Trd, 2590715.163, 92
Trd, 2590715.179, 91
Trd, 2590716.829, 107
Trd, 2590717.063, 108
Trd, 2590717.296, 95
Trd, 2590717.829, 116
Trd, 2590719.563, 95
Trd, 2590719.613, 94
Trd, 2590719.846, 93
Trd, 2590722.496, 99
Trd, 2590722.996, 98
Trd, 2590724.296, 107
Trd, 2590724.563, 107
Trd, 2590724.846, 94
Trd, 2590725.263, 90
Trd, 2590726.129, 83
Trd, 2590726.196, 96
Trd, 2590729.429, 90
Trd, 2590729.679, 94
Trd, 2590730.346, 95
Trd, 2590731.479, 97
Trd, 2590732.196, 99
Trd, 2590733.229, 100
Trd, 2590733.296, 101
Trd, 2590733.763, 101
Trd, 2590734.446, 115
Trd, 2590735.679, 112
Trd, 2590735.763, 112
Trd, 2590735.913, 111
Trd, 2590735.963, 89
Trd, 2590737.296, 96
Trd, 2590737.879, 104
Trd, 2590739.113, 99
Trd, 2590740.646, 105
Trd, 2590741.696, 91
Trd, 2590742.429, 104
Trd, 2590742.863, 112
Trd, 2590743.113, 104
Trd, 2590743.729, 103
Trd, 2590745.429, 103
Trd, 2590745.913, 102
Trd, 2590746.179, 102
Trd, 2590746.313, 98
Trd, 2590747.329, 93
Trd, 2590747.563, 91
Trd, 2590748.096, 98
Trd, 2590748.579, 90
Trd, 2590748.879, 97
Trd, 2590750.146, 97
Trd, 2590750.479, 94
Trd, 2590751.496, 95
Trd, 2590753.296, 91
Trd, 2590754.746, 94
Trd, 2590754.846, 91
Trd, 2590756.463, 92
Trd, 2590757.813, 88
Trd, 2590758.146, 100
Trd, 2590758.796, 101
Trd, 2590758.929, 93
Trd, 2590759.163, 92
Trd, 2590759.813, 93
Trd, 2590760.379, 110
Trd, 2590760.413, 90
Trd, 2590761.196, 84
Trd, 2590761.963, 84
Trd, 2590762.246, 82
Trd, 2590762.263, 101
Trd, 2590763.229, 81
Trd, 2590764.929, 84
Trd, 2590765.746, 85
Trd, 2590766.829, 92
Trd, 2590767.263, 102
Trd, 2590768.596, 84
Trd, 2590768.713, 87
Trd, 2590769.213, 105
Trd, 2590770.063, 104
Trd, 2590770.513, 102
Trd, 2590771.546, 101
Trd, 2590771.763, 101
Trd, 2590772.196, 100
Trd, 2590772.813, 84
Trd, 2590773.829, 83
Trd, 2590774.596, 95
Trd, 2590775.896, 96
Trd, 2590776.313, 97
Trd, 2590777.213, 98
Trd, 2590777.513, 104
Trd, 2590778.863, 106
Trd, 2590779.279, 107
Trd, 2590780.013, 107
Trd, 2590780.229, 106
Trd, 2590781.429, 103
Trd, 2590781.479, 102
Trd, 2590781.629, 111
Trd, 2590782.096, 102
Trd, 2590783.763, 109
Trd, 2590784.429, 108
Trd, 2590786.063, 101
Trd, 2590786.546, 98
Trd, 2590787.363, 97
Trd, 2590787.429, 101
Trd, 2590787.629, 86
Trd, 2590787.996, 82
Trd, 2590788.146, 106
Trd, 2590790.729, 103
Trd, 2590791.646, 99
Trd, 2590793.146, 103
Trd, 2590793.496, 103
Trd, 2590793.996, 103
Trd, 2590794.763, 106
Trd, 2590794.946, 104
Trd, 2590795.846, 105
Trd, 2590795.879, 107
Trd, 2590795.946, 102
Trd, 2590798.979, 108
Trd, 2590799.479, 107
Trd, 2590800.113, 103
Trd, 2590800.296, 106
Trd, 2590800.313, 101
Trd, 2590801.063, 84
Trd, 2590801.479, 102
Trd, 2590803.079, 102
Trd, 2590806.263, 93
Trd, 2590806.429, 102
Trd, 2590806.996, 112
Trd, 2590808.013, 95
Trd, 2590808.213, 97
Trd, 2590808.479, 98
Trd, 2590808.763, 105
Trd, 2590809.446, 101
Trd, 2590809.646, 101
Trd, 2590809.946, 102
Trd, 2590810.696, 113
Trd, 2590813.396, 91
Trd, 2590815.146, 95
Trd, 2590816.596, 102
Trd, 2590817.146, 103
Trd, 2590817.646, 102
Trd, 2590818.529, 101
Trd, 2590818.563, 100
Trd, 2590818.913, 98
Trd, 2590819.213, 94
Trd, 2590819.896, 104
Trd, 2590820.246, 113
Trd, 2590820.813, 88
Trd, 2590823.346, 103
Trd, 2590823.863, 107
Trd, 2590823.979, 98
Trd, 2590825.263, 103
Trd, 2590826.013, 102
Trd, 2590826.079, 101
Trd, 2590826.596, 84
Trd, 2590827.796, 102
Trd, 2590828.013, 90
Trd, 2590829.413, 88
Trd, 2590831.363, 98
Trd, 2590831.946, 89
Trd, 2590832.263, 98
Trd, 2590834.213, 96
Trd, 2590834.313, 101
Trd, 2590834.463, 108
Trd, 2590834.713, 91
Trd, 2590835.429, 115
Trd, 2590836.796, 104
Trd, 2590837.863, 111
Trd, 2590837.946, 103
Trd, 2590838.013, 102
Trd, 2590838.746, 101
Trd, 2590839.246, 101
Trd, 2590839.796, 103
Trd, 2590841.596, 99
Trd, 2590841.779, 100
Trd, 2590841.946, 94
Trd, 2590842.946, 83
Trd, 2590844.279, 86
Trd, 2590844.413, 99
Trd, 2590844.879, 90
Trd, 2590845.629, 98
Trd, 2590846.496, 96
Trd, 2590846.746, 85
Trd, 2590847.563, 97
Trd, 2590848.179, 98
Trd, 2590848.829, 96
Trd, 2590849.463, 98
Trd, 2590850.429, 99
Trd, 2590850.546, 99
Trd, 2590851.646, 89
Trd, 2590852.996, 97
Trd, 2590853.196, 92
Trd, 2590854.029, 101
Trd, 2590854.563, 95
Trd, 2590857.429, 100
Trd, 2590857.663, 100
Trd, 2590858.479, 101
Trd, 2590858.863, 100
Trd, 2590858.879, 94
Trd, 2590858.929, 93
Trd, 2590859.746, 98
Trd, 2590860.513, 95
Trd, 2590860.546, 91
Trd, 2590861.829, 93
Trd, 2590862.046, 84
Trd, 2590863.363, 97
Trd, 2590864.463, 103
Trd, 2590864.596, 101
Trd, 2590864.646, 101
Trd, 2590865.113, 102
Trd, 2590865.429, 94
Trd, 2590867.346, 106
Trd, 2590868.863, 107
Trd, 2590869.863, 99
Trd, 2590871.913, 91
Trd, 2590873.529, 101
Trd, 2590874.463, 94
Trd, 2590875.113, 89
Trd, 2590876.513, 108
Trd, 2590877.146, 96
Trd, 2590878.129, 106
Trd, 2590878.929, 105
Trd, 2590879.763, 101
Trd, 2590879.813, 103
Trd, 2590879.863, 98
Trd, 2590880.046, 93
Trd, 2590880.496, 86
Trd, 2590880.763, 84
Trd, 2590883.379, 88
Trd, 2590883.963, 99
Trd, 2590885.313, 99
Trd, 2590886.329, 103
Trd, 2590887.179, 101
Trd, 2590887.363, 100
Trd, 2590888.163, 110
Trd, 2590888.496, 99
Trd, 2590888.679, 92
Trd, 2590889.429, 85
Trd, 2590890.013, 100
Trd, 2590890.579, 99
Trd, 2590891.996, 87
Trd, 2590892.646, 86
Trd, 2590892.729, 100
Trd, 2590893.263, 98
Trd, 2590894.413, 100
Trd, 2590894.446, 87
Trd, 2590894.729, 101
Trd, 2590896.146, 98
Trd, 2590897.329, 96
Trd, 2590897.379, 96
Trd, 2590897.979, 107
Trd, 2590899.196, 103
Trd, 2590899.846, 88
Trd, 2590900.996, 86
Trd, 2590901.363, 85
Trd, 2590901.813, 85
Trd, 2590905.546, 98
Trd, 2590906.296, 100
Trd, 2590907.146, 104
Trd, 2590907.463, 104
Trd, 2590907.896, 98
Trd, 2590909.279, 106
Trd, 2590909.346, 102
Trd, 2590910.779, 107
Trd, 2590910.863, 106
Trd, 2590912.263, 107
Trd, 2590912.379, 106
Trd, 2590913.079, 113
Trd, 2590913.179, 105
Trd, 2590913.496, 105
Trd, 2590913.713, 104
Trd, 2590914.063, 101
Trd, 2590914.996, 99
Trd, 2590916.279, 103
Trd, 2590918.146, 102
Trd, 2590918.763, 105
Trd, 2590918.896, 101
Trd, 2590920.196, 94
Trd, 2590920.246, 106
Trd, 2590920.896, 101
Trd, 2590922.179, 99
Trd, 2590923.363, 100
Trd, 2590923.629, 106
Trd, 2590925.063, 101
Trd, 2590925.279, 107
Trd, 2590925.879, 98
Trd, 2590927.329, 100
Trd, 2590929.379, 103
Trd, 2590929.546, 100
Trd, 2590929.613, 78
Trd, 2590930.063, 95
Trd, 2590931.063, 100
Trd, 2590931.163, 98
Trd, 2590931.529, 100
Trd, 2590932.146, 96
Trd, 2590932.379, 90
Trd, 2590934.963, 100
Trd, 2590935.229, 100
Trd, 2590935.896, 91
Trd, 2590938.696, 97
Trd, 2590938.863, 108
Trd, 2590939.079, 93
Trd, 2590940.296, 93
Trd, 2590941.013, 100
Trd, 2590941.896, 100
Trd, 2590942.679, 101
Trd, 2590944.029, 101
Trd, 2590945.779, 99
Trd, 2590945.896, 98
Trd, 2590946.796, 109
Trd, 2590948.579, 102
Trd, 2590948.996, 101
Trd, 2590949.163, 95
Trd, 2590950.363, 94
Trd, 2590950.929, 93
Trd, 2590951.046, 86
Trd, 2590951.279, 101
Trd, 2590952.913, 103
Trd, 2590953.529, 103
Trd, 2590953.663, 105
Trd, 2590955.213, 103
Trd, 2590955.529, 101
Trd, 2590955.663, 110
Trd, 2590956.513, 103
Trd, 2590956.679, 106
Trd, 2590956.779, 102
Trd, 2590957.263, 101
Trd, 2590957.679, 108
Trd, 2590958.813, 86
Trd, 2590960.296, 84
Trd, 2590960.879, 99
Trd, 2590960.996, 105
Trd, 2590961.863, 86
Trd, 2590963.063, 88
Trd, 2590963.263, 85
Trd, 2590964.513, 103
Trd, 2590964.713, 98
Trd, 2590965.746, 87
Trd, 2590966.429, 98
Trd, 2590967.496, 97
Trd, 2590968.196, 94
Trd, 2590968.829, 88
Trd, 2590969.996, 88
Trd, 2590970.963, 96
Trd, 2590971.546, 95
Trd, 2590972.279, 101
Trd, 2590972.729, 101
Trd, 2590972.929, 100
Trd, 2590973.846, 107
Trd, 2590973.929, 98
Trd, 2590974.363, 86
Trd, 2590975.546, 97
Trd, 2590976.046, 98
Trd, 2590976.129, 91
Trd, 2590977.096, 101
Trd, 2590977.679, 96
Trd, 2590978.129, 97
Trd, 2590978.313, 104
Trd, 2590980.279, 91
Trd, 2590980.696, 84
Trd, 2590981.879, 92
Trd, 2590982.079, 97
Trd, 2590984.263, 89
Trd, 2590984.346, 84
Trd, 2590984.729, 93
Trd, 2590985.279, 92
Trd, 2590985.729, 94
Trd, 2590986.079, 82
Trd, 2590987.329, 99
Trd, 2590988.379, 104
Trd, 2590988.696, 91
Trd, 2590989.746, 94
Trd, 2590990.646, 107
Trd, 2590991.229, 108
Trd, 2590992.296, 106
Trd, 2590992.463, 95
Trd, 2590992.479, 88
Trd, 2590995.029, 103
Trd, 2590995.263, 91
Trd, 2590997.463, 103
Trd, 2590997.513, 105
Trd, 2590998.779, 103
Trd, 2591000.463, 103
Trd, 2591000.579, 106
Trd, 2591000.913, 103
Trd, 2591001.196, 102
Trd, 2591001.829, 106
Trd, 2591001.996, 103
Trd, 2591002.296, 110
Trd, 2591003.896, 110
Trd, 2591004.246, 108
Trd, 2591005.996, 110
Trd, 2591006.046, 101
Trd, 2591007.263, 105
Trd, 2591008.063, 96
Trd, 2591008.096, 97
Trd, 2591008.996, 113
Trd, 2591010.296, 101
Trd, 2591010.563, 100
Trd, 2591012.029, 90
Trd, 2591013.329, 102
Trd, 2591015.496, 103
Trd, 2591015.746, 102
Trd, 2591016.129, 97
Trd, 2591016.279, 95
Trd, 2591017.013, 92
Trd, 2591017.163, 91
Trd, 2591017.946, 94
Trd, 2591018.613, 83
Trd, 2591018.829, 80
Trd, 2591018.879, 78
Trd, 2591020.496, 97
Trd, 2591021.379, 91
Trd, 2591022.446, 95
Trd, 2591022.746, 90
Trd, 2591023.229, 94
Trd, 2591023.713, 86
Trd, 2591025.263, 96
Trd, 2591026.296, 100
Trd, 2591026.496, 99
Trd, 2591026.579, 95
Trd, 2591028.129, 98
Trd, 2591028.279, 96
Trd, 2591029.663, 97
Trd, 2591029.913, 92
Trd, 2591030.363, 99
Trd, 2591031.346, 102
Trd, 2591031.379, 101
Trd, 2591032.629, 95
Trd, 2591034.213, 99
Trd, 2591034.346, 98
Trd, 2591035.029, 87
Trd, 2591035.229, 84
Trd, 2591035.863, 81
Trd, 2591036.279, 73
Trd, 2591037.513, 91
Trd, 2591038.096, 84
Trd, 2591038.829, 92
Trd, 2591038.879, 94
Trd, 2591039.463, 106
Trd, 2591043.213, 107
Trd, 2591043.546, 109
Trd, 2591044.113, 110
Trd, 2591044.346, 114
Trd, 2591044.629, 116
Trd, 2591045.013, 112
Trd, 2591045.763, 111
Trd, 2591046.129, 110
Trd, 2591046.929, 101
Trd, 2591047.329, 95
Trd, 2591047.879, 100
Trd, 2591048.596, 96
Trd, 2591050.396, 102
Trd, 2591051.146, 101
Trd, 2591052.129, 102
Trd, 2591052.879, 102
Trd, 2591052.946, 101
Trd, 2591054.479, 85
Trd, 2591054.829, 91
Trd, 2591055.346, 111
Trd, 2591055.413, 91
Trd, 2591056.913, 110
Trd, 2591058.846, 103
Trd, 2591058.996, 102
Trd, 2591059.479, 90
Trd, 2591059.763, 103
Trd, 2591060.746, 86
Trd, 2591063.246, 95
Trd, 2591063.396, 95
Trd, 2591063.429, 108
Trd, 2591063.913, 93
Trd, 2591063.996, 92
Trd, 2591065.746, 100
Trd, 2591065.946, 113
Trd, 2591066.846, 101
Trd, 2591066.929, 104
Trd, 2591067.663, 84
Trd, 2591068.963, 86
Trd, 2591069.829, 106
Trd, 2591070.646, 90
Trd, 2591071.679, 84
Trd, 2591071.913, 82
Trd, 2591072.896, 85
Trd, 2591073.213, 86
Trd, 2591073.396, 94
Trd, 2591074.579, 103
Trd, 2591074.713, 101
Trd, 2591076.629, 106
Trd, 2591076.663, 99
Trd, 2591077.529, 100
Trd, 2591077.713, 105
Trd, 2591078.196, 102
Trd, 2591078.363, 107
Trd, 2591079.046, 101
Trd, 2591079.446, 102
Trd, 2591080.546, 92
Trd, 2591083.779, 94
Trd, 2591084.546, 99
Trd, 2591084.913, 102
Trd, 2591086.113, 103
Trd, 2591087.129, 104
Trd, 2591088.513, 106
Trd, 2591088.713, 107
Trd, 2591089.146, 105
Trd, 2591090.013, 101
Trd, 2591091.029, 88
Trd, 2591091.779, 94
Trd, 2591093.446, 87
Trd, 2591094.146, 101
Trd, 2591094.813, 83
Trd, 2591094.963, 81
Trd, 2591095.196, 106
Trd, 2591096.713, 108
Trd, 2591097.163, 82
Trd, 2591099.046, 90
Trd, 2591099.213, 89
Trd, 2591099.396, 96
Trd, 2591100.179, 108
Trd, 2591100.313, 108
Trd, 2591102.579, 98
Trd, 2591104.063, 102
Trd, 2591104.763, 102
Trd, 2591105.079, 101
Trd, 2591105.763, 90
Trd, 2591105.929, 102
Trd, 2591106.796, 97
Trd, 2591107.196, 103
Trd, 2591108.329, 95
Trd, 2591108.379, 109
Trd, 2591109.479, 98
Trd, 2591111.079, 107
Trd, 2591111.129, 105
Trd, 2591111.346, 98
Trd, 2591112.146, 97
Trd, 2591112.763, 90
Trd, 2591113.913, 104
Trd, 2591114.246, 90
Trd, 2591114.979, 107
Trd, 2591115.263, 95
Trd, 2591116.779, 99
Trd, 2591117.313, 98
Trd, 2591117.463, 97
Trd, 2591119.146, 102
Trd, 2591120.029, 109
Trd, 2591120.379, 103
Trd, 2591121.246, 105
Trd, 2591122.079, 99
Trd, 2591122.263, 87
Trd, 2591124.313, 90
Trd, 2591126.113, 102
Trd, 2591126.329, 103
Trd, 2591126.529, 113
Trd, 2591127.279, 92
Trd, 2591127.663, 98
Trd, 2591128.096, 97
Trd, 2591130.363, 103
Trd, 2591130.929, 103
Trd, 2591131.113, 103
Trd, 2591131.546, 110
Trd, 2591132.413, 92
Trd, 2591133.113, 104
Trd, 2591133.513, 94
Trd, 2591134.663, 104
Trd, 2591135.429, 104
Trd, 2591135.479, 103
Trd, 2591136.263, 97
Trd, 2591137.513, 101
Trd, 2591137.913, 98
Trd, 2591140.013, 102
Trd, 2591140.629, 101
Trd, 2591140.846, 100
Trd, 2591142.596, 96
Trd, 2591143.263, 97
Trd, 2591143.779, 92
Trd, 2591144.129, 91
Trd, 2591144.313, 85
Trd, 2591144.463, 84
Trd, 2591144.579, 105
Trd, 2591147.979, 94
Trd, 2591148.013, 99
Trd, 2591148.246, 93
Trd, 2591148.996, 99
Trd, 2591149.846, 105
Trd, 2591150.096, 104
Trd, 2591150.579, 92
Trd, 2591150.946, 87
Trd, 2591154.129, 101
Trd, 2591154.346, 101
Trd, 2591154.713, 101
Trd, 2591154.813, 102
Trd, 2591155.013, 104
Trd, 2591155.129, 102
Trd, 2591155.863, 99
Trd, 2591155.946, 107
Trd, 2591156.196, 105
Trd, 2591157.363, 109
Trd, 2591159.079, 106
Trd, 2591159.446, 104
Trd, 2591159.596, 104
Trd, 2591159.763, 92
Trd, 2591161.463, 93
Trd, 2591162.296, 105
Trd, 2591163.079, 100
Trd, 2591163.713, 90
Trd, 2591166.729, 97
Trd, 2591167.446, 99
Trd, 2591167.579, 102
Trd, 2591167.679, 78
Trd, 2591168.613, 91
Trd, 2591170.113, 95
Trd, 2591171.063, 94
Trd, 2591172.429, 96
Trd, 2591172.613, 89
Trd, 2591173.646, 89
Trd, 2591174.429, 108
Trd, 2591175.846, 108
Trd, 2591175.979, 94
Trd, 2591176.246, 88
Trd, 2591177.996, 85
Trd, 2591178.029, 85
Trd, 2591178.046, 88
Trd, 2591178.263, 86
Trd, 2591178.513, 83
Trd, 2591178.646, 86
Trd, 2591179.046, 94
Trd, 2591179.979, 108
Trd, 2591180.696, 106
Trd, 2591182.079, 105
Trd, 2591183.263, 101
Trd, 2591183.429, 94
Trd, 2591183.513, 89
Trd, 2591184.679, 109
Trd, 2591185.913, 97
Trd, 2591186.163, 96
Trd, 2591186.229, 89
Trd, 2591186.813, 89
Trd, 2591187.029, 96
Trd, 2591187.196, 97
Trd, 2591190.329, 98
Trd, 2591191.779, 101
Trd, 2591192.246, 107
Trd, 2591192.279, 108
Trd, 2591193.829, 104
Trd, 2591194.829, 102
Trd, 2591195.279, 102
Trd, 2591196.096, 104
Trd, 2591196.213, 101
Trd, 2591197.613, 98
Trd, 2591199.496, 104
Trd, 2591200.263, 105
Trd, 2591200.379, 106
Trd, 2591200.429, 103
Trd, 2591200.813, 96
Trd, 2591201.096, 90
Trd, 2591203.213, 89
Trd, 2591203.363, 86
Trd, 2591204.846, 89
Trd, 2591205.013, 86
Trd, 2591206.079, 103
Trd, 2591207.079, 88
Trd, 2591207.729, 94
Trd, 2591207.979, 91
Trd, 2591208.146, 109
Trd, 2591208.413, 114
Trd, 2591208.913, 85
Trd, 2591209.079, 84
Trd, 2591209.996, 100
Trd, 2591210.196, 102
Trd, 2591211.379, 94
Trd, 2591212.429, 104
Trd, 2591212.896, 96
Trd, 2591214.396, 107
Trd, 2591214.696, 101
Trd, 2591216.263, 104
Trd, 2591216.396, 103
Trd, 2591216.513, 102
Trd, 2591219.163, 94
Trd, 2591220.096, 85
Trd, 2591220.846, 100
Trd, 2591221.146, 85
Trd, 2591222.329, 98
Trd, 2591222.513, 102
Trd, 2591224.696, 100
Trd, 2591224.763, 99
Trd, 2591225.629, 106
Trd, 2591226.079, 105
Trd, 2591227.279, 101
Trd, 2591228.146, 99
Trd, 2591228.196, 90
Trd, 2591229.413, 97
Trd, 2591229.896, 84
Trd, 2591230.996, 96
Trd, 2591232.163, 81
Trd, 2591232.663, 91
Trd, 2591234.296, 101
Trd, 2591235.546, 98
Trd, 2591237.513, 105
Trd, 2591237.529, 107
Trd, 2591237.729, 102
Trd, 2591239.029, 106
Trd, 2591239.129, 104
Trd, 2591240.063, 105
Trd, 2591240.296, 104
Trd, 2591241.296, 102
Trd, 2591245.896, 94
Trd, 2591245.946, 99
Trd, 2591247.379, 97
Trd, 2591248.496, 100
Trd, 2591249.046, 99
Trd, 2591249.329, 98
Trd, 2591249.446, 87
Trd, 2591249.646, 101
Trd, 2591249.663, 84
Trd, 2591250.763, 87
Trd, 2591251.279, 95
Trd, 2591251.813, 88
Trd, 2591251.929, 106
Trd, 2591252.063, 107
Trd, 2591252.746, 90
Trd, 2591253.196, 100
Trd, 2591253.513, 99
Trd, 2591253.846, 76
Trd, 2591255.146, 101
Trd, 2591255.813, 101
Trd, 2591256.246, 103
Trd, 2591256.913, 86
Trd, 2591257.013, 84
Trd, 2591257.379, 86
Trd, 2591257.896, 98
Trd, 2591260.079, 95
Trd, 2591260.113, 96
Trd, 2591260.796, 94
Trd, 2591261.996, 101
Trd, 2591262.013, 102
Trd, 2591262.046, 101
Trd, 2591263.029, 97
Trd, 2591263.113, 76
Trd, 2591264.313, 84
Trd, 2591266.529, 96
Trd, 2591266.713, 95
Trd, 2591268.079, 94
Trd, 2591268.129, 101
Trd, 2591268.163, 93
Trd, 2591268.896, 92
Trd, 2591271.646, 97
Trd, 2591271.863, 98
Trd, 2591272.279, 109
Trd, 2591272.496, 94
Trd, 2591273.146, 110
Trd, 2591274.296, 82
Trd, 2591276.096, 101
Trd, 2591277.096, 102
Trd, 2591277.179, 93
Trd, 2591278.929, 102
Trd, 2591279.613, 101
Trd, 2591279.946, 97
Trd, 2591280.513, 92
Trd, 2591281.196, 95
Trd, 2591281.879, 92
Trd, 2591282.446, 94
Trd, 2591283.896, 98
Trd, 2591284.963, 99
Trd, 2591286.013, 102
Trd, 2591286.646, 108
Trd, 2591287.279, 101
Trd, 2591287.779, 105
Trd, 2591288.346, 103
Trd, 2591288.779, 100
Trd, 2591288.996, 89
Trd, 2591289.279, 89
Trd, 2591290.196, 85
Trd, 2591292.163, 101
Trd, 2591292.346, 104
Trd, 2591292.579, 97
Trd, 2591293.429, 101
Trd, 2591293.763, 101
Trd, 2591294.196, 100
Trd, 2591294.263, 93
Trd, 2591294.863, 84
Trd, 2591296.763, 80
Trd, 2591298.379, 101
Trd, 2591299.846, 96
Trd, 2591300.563, 87
Trd, 2591301.596, 98
Trd, 2591302.546, 93
Trd, 2591303.129, 98
Trd, 2591304.229, 99
Trd, 2591304.363, 100
Trd, 2591304.879, 100
Trd, 2591305.213, 101
Trd, 2591306.346, 108
Trd, 2591306.379, 114
Trd, 2591308.013, 104
Trd, 2591308.146, 103
Trd, 2591308.379, 102
Trd, 2591308.579, 94
Trd, 2591308.763, 90
Trd, 2591308.896, 84
Trd, 2591310.079, 104
Trd, 2591310.996, 88
Trd, 2591311.596, 88
Trd, 2591312.029, 87
Trd, 2591313.329, 101
Trd, 2591313.996, 105
Trd, 2591314.813, 92
Trd, 2591319.596, 101
Trd, 2591319.613, 103
Trd, 2591320.013, 114
Trd, 2591320.113, 101
Trd, 2591320.363, 101
Trd, 2591320.846, 110
Trd, 2591321.013, 95
Trd, 2591321.179, 93
Trd, 2591321.313, 106
Trd, 2591322.579, 108
Trd, 2591322.763, 91
Trd, 2591324.063, 95
Trd, 2591324.146, 101
Trd, 2591325.696, 97
Trd, 2591325.896, 94
Trd, 2591325.929, 84
Trd, 2591326.729, 102
Trd, 2591329.529, 88
Trd, 2591329.629, 88
Trd, 2591330.479, 89
Trd, 2591333.596, 106
Trd, 2591334.029, 106
Trd, 2591334.146, 100
Trd, 2591334.196, 98
Trd, 2591334.329, 113
Trd, 2591335.413, 109
Trd, 2591335.546, 109
Trd, 2591337.846, 97
Trd, 2591337.913, 85
Trd, 2591338.346, 105
Trd, 2591339.579, 95
Trd, 2591341.363, 88
Trd, 2591341.779, 96
Trd, 2591341.896, 102
Trd, 2591341.979, 109
Trd, 2591342.329, 90
Trd, 2591342.546, 92
Trd, 2591342.679, 86
Trd, 2591342.946, 84
Trd, 2591344.229, 101
Trd, 2591346.163, 104
Trd, 2591346.213, 101
Trd, 2591346.296, 95
Trd, 2591346.496, 86
Trd, 2591349.496, 91
Trd, 2591349.513, 96
Trd, 2591349.679, 101
Trd, 2591351.246, 98
Trd, 2591353.113, 106
Trd, 2591353.179, 99
Trd, 2591353.629, 94
Trd, 2591355.713, 89
Trd, 2591357.863, 103
Trd, 2591358.063, 104
Trd, 2591358.363, 101
Trd, 2591358.896, 102
Trd, 2591359.163, 100
Trd, 2591359.313, 104
Trd, 2591360.046, 109
Trd, 2591360.863, 97
Trd, 2591361.196, 85
Trd, 2591365.163, 104
Trd, 2591366.496, 94
Trd, 2591366.546, 93
Trd, 2591367.613, 93
Trd, 2591369.163, 105
Trd, 2591369.679, 105
Trd, 2591369.813, 95
Trd, 2591371.396, 96
Trd, 2591372.696, 91
Trd, 2591372.979, 90
Trd, 2591373.046, 85
Trd, 2591373.313, 83
Trd, 2591374.579, 100
Trd, 2591375.313, 98
Trd, 2591376.596, 98
Trd, 2591377.746, 95
Trd, 2591377.946, 99
Trd, 2591378.013, 104
Trd, 2591378.196, 110
Trd, 2591378.679, 98
Trd, 2591379.296, 88
Trd, 2591379.396, 87
Trd, 2591379.846, 86
Trd, 2591380.996, 101
Trd, 2591382.096, 102
Trd, 2591384.363, 98
Trd, 2591384.463, 97
Trd, 2591385.046, 95
Trd, 2591385.729, 93
Trd, 2591386.246, 93
Trd, 2591386.996, 92
Trd, 2591387.479, 94
Trd, 2591387.713, 92
Trd, 2591388.563, 84
Trd, 2591389.929, 87
Trd, 2591390.863, 85
Trd, 2591391.129, 110
Trd, 2591391.246, 101
Trd, 2591392.179, 108
Trd, 2591392.629, 111
Trd, 2591393.663, 92
Trd, 2591395.429, 102
Trd, 2591396.629, 89
Trd, 2591397.096, 96
Trd, 2591397.379, 94
Trd, 2591397.846, 99
Trd, 2591398.163, 101
Trd, 2591399.379, 86
Trd, 2591399.463, 108
Trd, 2591400.846, 103
Trd, 2591401.079, 87
Trd, 2591402.463, 107
Trd, 2591403.496, 93
Trd, 2591403.796, 96
Trd, 2591403.829, 107
Trd, 2591404.713, 93
Trd, 2591406.696, 104
Trd, 2591407.246, 99
Trd, 2591408.246, 101
Trd, 2591408.429, 98
Trd, 2591410.079, 92
Trd, 2591410.213, 94
Trd, 2591410.229, 99
Trd, 2591410.263, 100
Trd, 2591410.546, 96
Trd, 2591411.663, 100
Trd, 2591411.763, 108
Trd, 2591414.163, 98
Trd, 2591414.579, 95
Trd, 2591414.746, 115
Trd, 2591415.146, 102
Trd, 2591415.429, 108
Trd, 2591415.813, 102
Trd, 2591416.579, 101
Trd, 2591416.763, 107
Trd, 2591417.096, 115
Trd, 2591417.396, 98
Trd, 2591418.596, 95
Trd, 2591421.996, 96
Trd, 2591422.363, 95
Trd, 2591422.629, 94
Trd, 2591422.679, 97
Trd, 2591422.846, 97
Trd, 2591423.646, 101
Trd, 2591423.729, 86
Trd, 2591424.146, 108
Trd, 2591425.529, 108
Trd, 2591425.629, 99
Trd, 2591425.663, 85
Trd, 2591426.046, 84
Trd, 2591428.046, 95
Trd, 2591429.746, 102
Trd, 2591429.846, 101
Trd, 2591430.413, 100
Trd, 2591432.063, 99
Trd, 2591432.863, 89
Trd, 2591433.963, 92
Trd, 2591434.296, 94
Trd, 2591435.129, 93
Trd, 2591436.229, 98
Trd, 2591436.429, 97
Trd, 2591436.913, 99
Trd, 2591437.596, 95
Trd, 2591437.913, 89
Trd, 2591438.696, 89
Trd, 2591439.879, 103
Trd, 2591439.963, 104
Trd, 2591441.579, 108
Trd, 2591441.763, 100
Trd, 2591441.846, 84
Trd, 2591444.979, 104
Trd, 2591445.129, 101
Trd, 2591446.129, 87
Trd, 2591446.679, 84
Trd, 2591446.846, 77
Trd, 2591448.296, 92
Trd, 2591448.446, 105
Trd, 2591448.646, 85
Trd, 2591449.779, 99
Trd, 2591450.729, 102
Trd, 2591451.796, 96
Trd, 2591453.429, 99
Trd, 2591454.146, 103
Trd, 2591454.496, 102
Trd, 2591454.929, 102
Trd, 2591455.079, 88
Trd, 2591455.296, 111
Trd, 2591455.829, 85
Trd, 2591456.313, 84
Trd, 2591457.313, 85
Trd, 2591459.063, 99
Trd, 2591460.829, 80
Trd, 2591460.879, 81
Trd, 2591462.596, 87
Trd, 2591463.196, 94
Trd, 2591464.563, 91
Trd, 2591465.279, 99
Trd, 2591466.846, 85
Trd, 2591467.529, 91
Trd, 2591467.796, 85
Trd, 2591468.829, 93
Trd, 2591469.996, 94
Trd, 2591470.196, 110
Trd, 2591472.346, 102
Trd, 2591472.979, 103
Trd, 2591473.013, 101
Trd, 2591473.146, 99
Trd, 2591473.163, 98
Trd, 2591473.546, 102
Trd, 2591473.746, 96
Trd, 2591475.029, 105
Trd, 2591475.363, 107
Trd, 2591475.596, 96
Trd, 2591477.429, 102
Trd, 2591477.896, 101
Trd, 2591479.996, 101
Trd, 2591480.313, 99
Trd, 2591480.479, 101
Trd, 2591481.063, 89
Trd, 2591482.446, 91
Trd, 2591482.829, 88
Trd, 2591483.263, 87
Trd, 2591483.479, 89
Trd, 2591484.963, 112
Trd, 2591485.646, 105
Trd, 2591485.863, 106
Trd, 2591486.146, 101
Trd, 2591486.696, 100
Trd, 2591487.396, 111
Trd, 2591488.279, 91
Trd, 2591488.779, 113
Trd, 2591489.429, 105
Trd, 2591490.713, 108
Trd, 2591492.346, 106
Trd, 2591492.696, 104
Trd, 2591492.746, 98
Trd, 2591493.446, 95
Trd, 2591493.713, 100
Trd, 2591495.629, 103
Trd, 2591496.963, 93
Trd, 2591498.446, 101
Trd, 2591498.896, 101
Trd, 2591499.229, 95
Trd, 2591499.479, 102
Trd, 2591500.346, 103
Trd, 2591500.979, 101
Trd, 2591501.429, 89
Trd, 2591501.479, 83
Trd, 2591502.679, 103
Trd, 2591503.279, 104
Trd, 2591504.229, 108
Trd, 2591504.713, 113
Trd, 2591505.679, 107
Trd, 2591505.863, 90
Trd, 2591506.679, 109
Trd, 2591508.679, 107
Trd, 2591509.129, 104
Trd, 2591509.213, 102
Trd, 2591509.363, 101
Trd, 2591510.029, 101
Trd, 2591511.029, 97
Trd, 2591512.296, 85
Trd, 2591512.929, 94
Trd, 2591513.029, 104
Trd, 2591513.746, 105
Trd, 2591515.296, 94
Trd, 2591516.346, 84
Trd, 2591518.613, 90
Trd, 2591519.179, 94
Trd, 2591519.513, 104
Trd, 2591520.629, 100
Trd, 2591520.829, 99
Trd, 2591520.979, 98
Trd, 2591522.013, 95
Trd, 2591522.996, 98
Trd, 2591523.679, 105
Trd, 2591523.996, 101
Trd, 2591525.179, 94
Trd, 2591525.479, 95
Trd, 2591525.496, 100
Trd, 2591525.746, 91
Trd, 2591525.796, 87
Trd, 2591527.696, 92
Trd, 2591527.829, 95
Trd, 2591528.079, 98
Trd, 2591528.413, 103
Trd, 2591530.196, 91
Trd, 2591531.413, 108
Trd, 2591531.946, 84
Trd, 2591532.113, 83
Trd, 2591533.013, 101
Trd, 2591533.213, 100
Trd, 2591533.513, 74
Trd, 2591535.446, 80
Trd, 2591535.463, 85
Trd, 2591535.713, 108
Trd, 2591536.029, 88
Trd, 2591537.629, 90
Trd, 2591538.629, 85
Trd, 2591539.946, 85
Trd, 2591540.263, 99
Trd, 2591540.529, 84
Trd, 2591541.679, 104
Trd, 2591542.313, 103
Trd, 2591542.513, 105
Trd, 2591542.763, 105
Trd, 2591544.413, 103
Trd, 2591548.396, 91
Trd, 2591548.446, 88
Trd, 2591548.946, 91
Trd, 2591549.496, 96
Trd, 2591550.029, 101
Trd, 2591550.879, 97
Trd, 2591551.313, 93
Trd, 2591551.813, 93
Trd, 2591552.279, 93
Trd, 2591552.429, 111
Trd, 2591553.563, 92
Trd, 2591554.129, 101
Trd, 2591554.429, 94
Trd, 2591556.663, 107
Trd, 2591556.979, 116
Trd, 2591557.163, 113
Trd, 2591557.229, 104
Trd, 2591557.496, 107
Trd, 2591557.796, 113
Trd, 2591559.863, 110
Trd, 2591560.029, 107
Trd, 2591561.596, 107
Trd, 2591562.229, 101
Trd, 2591562.946, 97
Trd, 2591563.796, 96
Trd, 2591564.563, 100
Trd, 2591565.663, 89
Trd, 2591567.146, 97
Trd, 2591567.263, 96
Trd, 2591568.879, 101
Trd, 2591569.129, 100
Trd, 2591569.629, 98
Trd, 2591571.063, 100
Trd, 2591571.129, 88
Trd, 2591571.313, 102
Trd, 2591571.513, 86
Trd, 2591571.546, 83
Trd, 2591573.563, 106
Trd, 2591573.896, 107
Trd, 2591574.646, 109
Trd, 2591574.913, 110
Trd, 2591575.929, 109
Trd, 2591576.263, 108
Trd, 2591577.363, 111
Trd, 2591578.329, 110
Trd, 2591578.996, 97
Trd, 2591579.129, 96
Trd, 2591581.513, 93
Trd, 2591581.679, 83
Trd, 2591582.563, 100
Trd, 2591582.613, 92
Trd, 2591584.663, 91
Trd, 2591586.296, 87
Trd, 2591586.313, 94
Trd, 2591587.879, 100
Trd, 2591588.046, 94
Trd, 2591588.379, 96
Trd, 2591588.463, 97
Trd, 2591588.746, 98
Trd, 2591589.096, 95
Trd, 2591590.063, 103
Trd, 2591590.546, 102
Trd, 2591592.129, 106
Trd, 2591593.329, 93
Trd, 2591593.996, 93
Trd, 2591594.529, 99
Trd, 2591596.763, 95
Trd, 2591597.296, 100
Trd, 2591598.879, 98
Trd, 2591598.963, 101
Trd, 2591600.379, 105
Trd, 2591601.229, 105
Trd, 2591601.413, 102
Trd, 2591601.629, 101
Trd, 2591602.079, 100
Trd, 2591602.329, 108
Trd, 2591602.896, 116
Trd, 2591603.663, 104
Trd, 2591604.896, 103
Trd, 2591604.963, 107
Trd, 2591605.363, 94
Trd, 2591607.013, 93
Trd, 2591607.213, 101
Trd, 2591608.579, 101
Trd, 2591608.929, 103
Trd, 2591608.963, 102
Trd, 2591609.946, 100
Trd, 2591610.029, 91
Trd, 2591610.046, 112
Trd, 2591610.279, 84
Trd, 2591613.129, 82
Trd, 2591614.596, 87
Trd, 2591614.696, 107
Trd, 2591615.696, 106
Trd, 2591616.229, 109
Trd, 2591617.979, 100
Trd, 2591620.029, 103
Trd, 2591620.863, 98
Trd, 2591621.096, 96
Trd, 2591621.963, 99
Trd, 2591622.846, 102
Trd, 2591623.063, 97
Trd, 2591623.746, 95
Trd, 2591625.079, 100
Trd, 2591626.096, 101
Trd, 2591626.413, 101
Trd, 2591626.579, 102
Trd, 2591627.029, 101
Trd, 2591627.129, 111
Trd, 2591627.196, 91
Trd, 2591627.346, 87
Trd, 2591627.579, 84
Trd, 2591628.963, 85
Trd, 2591629.079, 77
Trd, 2591629.196, 110
Trd, 2591630.929, 99
Trd, 2591631.329, 108
Trd, 2591631.979, 108
Trd, 2591632.279, 110
Trd, 2591632.579, 99
Trd, 2591634.513, 103
Trd, 2591634.963, 103
Trd, 2591635.346, 94
Trd, 2591636.296, 104
Trd, 2591638.246, 105
Trd, 2591639.663, 107
Trd, 2591639.996, 106
Trd, 2591640.063, 96
Trd, 2591640.446, 108
Trd, 2591640.829, 88
Trd, 2591642.063, 96
Trd, 2591643.529, 100
Trd, 2591644.696, 99
Trd, 2591645.496, 101
Trd, 2591645.829, 97
Trd, 2591646.196, 96
Trd, 2591646.313, 101
Trd, 2591647.613, 99
Trd, 2591648.296, 91
Trd, 2591648.863, 101
Trd, 2591649.563, 90
Trd, 2591650.263, 108
Trd, 2591650.929, 82
Trd, 2591652.996, 97
Trd, 2591653.979, 97
Trd, 2591654.429, 98
Trd, 2591655.963, 98
Trd, 2591656.279, 96
Trd, 2591657.113, 90
Trd, 2591657.746, 85
Trd, 2591657.763, 84
Trd, 2591658.096, 82
Trd, 2591658.713, 96
Trd, 2591658.746, 90
Trd, 2591662.863, 94
Trd, 2591663.063, 93
Trd, 2591663.113, 96
Trd, 2591663.313, 90
Trd, 2591663.429, 88
Trd, 2591663.829, 88
Trd, 2591665.563, 98
Trd, 2591665.613, 88
Trd, 2591666.129, 101
Trd, 2591666.313, 90
Trd, 2591667.913, 87
Trd, 2591668.646, 102
Trd, 2591669.279, 86
Trd, 2591670.379, 81
Trd, 2591671.113, 99
Trd, 2591671.679, 103
Trd, 2591672.113, 103
Trd, 2591672.996, 88
Trd, 2591674.179, 101
Trd, 2591674.213, 100
Trd, 2591674.413, 84
Trd, 2591676.146, 103
Trd, 2591676.329, 87
Trd, 2591676.396, 83
Trd, 2591676.846, 80
Trd, 2591677.479, 111
Trd, 2591677.513, 113
Trd, 2591678.596, 110
Trd, 2591678.613, 118
Trd, 2591679.029, 110
Trd, 2591679.996, 109
Trd, 2591682.313, 88
Trd, 2591682.863, 96
Trd, 2591683.396, 97
Trd, 2591683.746, 98
Trd, 2591684.213, 94
Trd, 2591685.396, 97
Trd, 2591686.529, 97
Trd, 2591686.913, 86
Trd, 2591688.063, 96
Trd, 2591688.396, 84
Trd, 2591689.363, 85
Trd, 2591689.379, 84
Trd, 2591689.546, 102
Trd, 2591693.779, 97
Trd, 2591693.879, 98
Trd, 2591694.663, 103
Trd, 2591695.263, 103
Trd, 2591695.346, 100
Trd, 2591696.263, 88
Trd, 2591698.046, 94
Trd, 2591700.763, 97
Trd, 2591701.363, 103
Trd, 2591702.113, 99
Trd, 2591702.296, 98
Trd, 2591702.413, 106
Trd, 2591702.713, 95
Trd, 2591702.729, 87
Trd, 2591703.779, 87
Trd, 2591704.229, 85
Trd, 2591705.713, 92
Trd, 2591706.296, 92
Trd, 2591706.746, 92
Trd, 2591707.196, 89
Trd, 2591707.463, 94
Trd, 2591707.746, 84
Trd, 2591708.913, 80
Trd, 2591710.679, 100
Trd, 2591711.513, 96
Trd, 2591712.029, 86
Trd, 2591713.096, 92
Trd, 2591713.746, 89
Trd, 2591714.446, 103
Trd, 2591715.979, 76
Trd, 2591717.046, 93
Trd, 2591718.479, 94
Trd, 2591718.646, 94
Trd, 2591718.663, 100
Trd, 2591718.946, 102
Trd, 2591720.396, 84
Trd, 2591721.146, 109
Trd, 2591721.379, 88
Trd, 2591722.729, 106
Trd, 2591723.729, 109
Trd, 2591723.763, 108
Trd, 2591723.963, 107
Trd, 2591724.196, 107
Trd, 2591725.696, 100
Trd, 2591725.829, 101
Trd, 2591726.913, 99
Trd, 2591726.979, 98
Trd, 2591728.613, 103
Trd, 2591728.946, 96
Trd, 2591729.013, 81
Trd, 2591729.429, 82
Trd, 2591731.163, 108
Trd, 2591733.413, 92
Trd, 2591735.263, 96
Trd, 2591735.379, 90
Trd, 2591735.846, 97
Trd, 2591736.113, 98
Trd, 2591737.146, 97
Trd, 2591737.663, 97
Trd, 2591738.096, 98
Trd, 2591738.963, 98
Trd, 2591738.996, 96
Trd, 2591739.329, 86
Trd, 2591739.729, 81
Trd, 2591740.646, 82
Trd, 2591741.996, 107
Trd, 2591742.779, 107
Trd, 2591743.763, 106
Trd, 2591744.296, 105
Trd, 2591744.863, 105
Trd, 2591745.229, 101
Trd, 2591745.546, 99
Trd, 2591745.696, 98
Trd, 2591746.063, 92
Trd, 2591746.146, 91
Trd, 2591746.229, 108
Trd, 2591750.113, 107
Trd, 2591750.796, 108
Trd, 2591751.229, 106
Trd, 2591751.746, 101
Trd, 2591752.879, 90
Trd, 2591752.946, 92
Trd, 2591754.729, 109
Trd, 2591755.113, 114
Trd, 2591756.479, 111
Trd, 2591756.946, 109
Trd, 2591758.579, 107
Trd, 2591758.879, 106
Trd, 2591758.979, 90
Trd, 2591759.579, 90
Trd, 2591759.813, 88
Trd, 2591760.379, 86
Trd, 2591760.829, 88
Trd, 2591761.196, 90
Trd, 2591762.113, 91
Trd, 2591762.129, 89
Trd, 2591762.563, 93
Trd, 2591762.579, 109
Trd, 2591765.979, 98
Trd, 2591765.996, 97
Trd, 2591767.079, 113
Trd, 2591767.579, 99
Trd, 2591767.629, 114
Trd, 2591769.079, 102
Trd, 2591769.779, 99
Trd, 2591770.613, 84
Trd, 2591770.763, 80
Trd, 2591771.329, 81
Trd, 2591772.379, 86
Trd, 2591773.079, 84
Trd, 2591773.729, 94
Trd, 2591774.346, 84
Trd, 2591775.629, 90
Trd, 2591777.146, 112
Trd, 2591777.329, 103
Trd, 2591778.013, 99
Trd, 2591778.179, 99
Trd, 2591778.696, 98
Trd, 2591779.396, 97
Trd, 2591780.846, 103
Trd, 2591781.413, 107
Trd, 2591782.463, 99
Trd, 2591782.796, 100
Trd, 2591784.379, 91
Trd, 2591785.063, 98
Trd, 2591786.079, 99
Trd, 2591786.479, 100
Trd, 2591787.263, 101
Trd, 2591788.413, 93
Trd, 2591789.396, 99
Trd, 2591789.463, 94
Trd, 2591789.496, 90
Trd, 2591792.596, 90
Trd, 2591792.779, 93
Trd, 2591793.913, 85
Trd, 2591795.096, 93
Trd, 2591795.946, 94
Trd, 2591796.146, 99
Trd, 2591797.413, 96
Trd, 2591797.829, 102
Trd, 2591798.096, 100
Trd, 2591798.979, 98
Trd, 2591800.479, 101
Trd, 2591800.713, 100
Trd, 2591801.513, 99
Trd, 2591801.629, 98
Trd, 2591801.763, 97
Trd, 2591802.646, 100
Trd, 2591803.729, 96
Trd, 2591804.396, 100
Trd, 2591805.029, 91
Trd, 2591805.313, 90
Trd, 2591805.663, 88
Trd, 2591805.729, 87
Trd, 2591806.479, 103
Trd, 2591807.113, 93
Trd, 2591807.329, 109
Trd, 2591807.413, 105
Trd, 2591807.913, 93
Trd, 2591809.263, 94
Trd, 2591809.963, 93
Trd, 2591810.363, 90
Trd, 2591813.913, 96
Trd, 2591814.829, 92
Trd, 2591815.046, 91
Trd, 2591816.863, 94
Trd, 2591818.813, 96
Trd, 2591819.213, 96
Trd, 2591819.829, 106
Trd, 2591821.629, 99
Trd, 2591821.696, 98
Trd, 2591822.213, 85
Trd, 2591822.929, 100
Trd, 2591823.096, 89
Trd, 2591823.646, 89
Trd, 2591823.763, 104
Trd, 2591825.146, 98
Trd, 2591825.563, 100
Trd, 2591826.479, 101
Trd, 2591827.779, 105
Trd, 2591827.813, 104
Trd, 2591828.496, 104
Trd, 2591829.146, 106
Trd, 2591830.813, 90
Trd, 2591832.796, 103
Trd, 2591833.279, 88
Trd, 2591833.363, 89
Trd, 2591833.596, 86
Trd, 2591833.613, 101
Trd, 2591833.979, 97
Trd, 2591834.846, 86
Trd, 2591835.079, 84
Trd, 2591837.013, 101
Trd, 2591837.179, 99
Trd, 2591837.563, 85
Trd, 2591838.263, 75
Trd, 2591839.146, 89
Trd, 2591839.729, 94
Trd, 2591841.829, 101
Trd, 2591842.146, 99
Trd, 2591844.496, 103
Trd, 2591844.629, 102
Trd, 2591845.013, 105
Trd, 2591847.079, 102
Trd, 2591847.563, 94
Trd, 2591848.096, 101
Trd, 2591848.813, 94
Trd, 2591848.979, 95
Trd, 2591849.029, 102
Trd, 2591849.946, 103
Trd, 2591850.163, 95
Trd, 2591852.363, 92
Trd, 2591853.746, 95
Trd, 2591855.429, 96
Trd, 2591856.029, 99
Trd, 2591856.196, 99
Trd, 2591856.796, 101
Trd, 2591858.796, 104
Trd, 2591859.029, 102
Trd, 2591859.329, 98
Trd, 2591859.579, 90
Trd, 2591859.846, 108
Trd, 2591860.813, 105
Trd, 2591861.213, 102
Trd, 2591862.596, 101
Trd, 2591863.463, 87
Trd, 2591863.946, 98
Trd, 2591863.996, 87
Trd, 2591865.513, 86
Trd, 2591865.779, 85
Trd, 2591865.979, 86
Trd, 2591866.796, 88
Trd, 2591867.846, 98
Trd, 2591867.863, 99
Trd, 2591868.346, 88
Trd, 2591870.796, 95
Trd, 2591871.946, 102
Trd, 2591872.629, 103
Trd, 2591872.879, 94
Trd, 2591874.179, 99
Trd, 2591874.546, 96
Trd, 2591875.246, 97
Trd, 2591875.846, 103
Trd, 2591876.313, 97
Trd, 2591877.463, 96
Trd, 2591877.496, 106
Trd, 2591877.513, 95
Trd, 2591877.763, 76
Trd, 2591878.679, 83
Trd, 2591879.046, 93
Trd, 2591879.096, 83
Trd, 2591881.163, 91
Trd, 2591882.896, 83
Trd, 2591885.263, 102
Trd, 2591886.113, 102
Trd, 2591886.163, 103
Trd, 2591886.313, 102
Trd, 2591886.613, 105
Trd, 2591887.563, 101
Trd, 2591888.046, 103
Trd, 2591889.046, 108
Trd, 2591890.046, 106
Trd, 2591890.813, 108
Trd, 2591891.446, 102
Trd, 2591893.046, 103
Trd, 2591893.629, 104
Trd, 2591894.313, 101
Trd, 2591894.496, 102
Trd, 2591896.363, 99
Trd, 2591896.796, 98
Trd, 2591897.296, 98
Trd, 2591897.579, 104
Trd, 2591898.413, 83
Trd, 2591899.429, 95
Trd, 2591899.879, 100
Trd, 2591901.363, 88
Trd, 2591902.363, 87
Trd, 2591903.263, 88
Trd, 2591903.329, 103
Trd, 2591903.896, 88
Trd, 2591904.079, 111
Trd, 2591904.913, 91
Trd, 2591905.796, 102
Trd, 2591906.046, 91
Trd, 2591906.546, 90
Trd, 2591906.663, 92
Trd, 2591906.813, 89
Trd, 2591907.446, 103
Trd, 2591908.129, 88
Trd, 2591908.629, 89
Trd, 2591909.729, 94
Trd, 2591909.896, 94
Trd, 2591910.229, 97
Trd, 2591910.929, 95
Trd, 2591912.613, 96
Trd, 2591913.663, 104
Trd, 2591915.529, 84
Trd, 2591915.563, 82
Trd, 2591916.296, 84
Trd, 2591916.963, 82
Trd, 2591918.379, 96
Trd, 2591919.129, 95
Trd, 2591919.229, 97
Trd, 2591921.696, 102
Trd, 2591921.896, 101
Trd, 2591923.713, 94
Trd, 2591923.913, 93
Trd, 2591924.063, 86
Trd, 2591924.413, 84
Trd, 2591924.596, 98
Trd, 2591925.396, 109
Trd, 2591925.813, 113
Trd, 2591925.929, 97
Trd, 2591926.113, 96
Trd, 2591926.513, 113
Trd, 2591927.613, 107
Trd, 2591928.046, 96
Trd, 2591928.829, 107
Trd, 2591929.029, 97
Trd, 2591929.996, 105
Trd, 2591932.979, 92
Trd, 2591934.379, 91
Trd, 2591934.646, 98
Trd, 2591935.779, 106
Trd, 2591935.863, 98
Trd, 2591936.479, 94
Trd, 2591937.246, 92
Trd, 2591938.079, 98
Trd, 2591939.196, 100
Trd, 2591939.313, 101
Trd, 2591939.679, 101
Trd, 2591941.046, 101
Trd, 2591941.146, 94
Trd, 2591941.246, 108
Trd, 2591942.479, 89
Trd, 2591942.529, 88
Trd, 2591944.429, 102
Trd, 2591944.613, 88
Trd, 2591945.279, 84
Trd, 2591945.863, 91
Trd, 2591946.813, 107
Trd, 2591947.879, 111
Trd, 2591947.946, 107
Trd, 2591948.179, 107
Trd, 2591948.379, 91
Trd, 2591950.779, 101
Trd, 2591951.046, 101
Trd, 2591952.063, 100
Trd, 2591952.879, 99
Trd, 2591953.096, 90
Trd, 2591953.746, 84
Trd, 2591953.763, 82
Trd, 2591953.846, 85
Trd, 2591955.096, 101
Trd, 2591955.379, 101
Trd, 2591955.746, 100
Trd, 2591957.546, 87
Trd, 2591957.996, 107
Trd, 2591960.563, 106
Trd, 2591960.713, 105
Trd, 2591960.946, 103
Trd, 2591962.963, 103
Trd, 2591962.979, 102
Trd, 2591963.546, 90
Trd, 2591964.763, 88
Trd, 2591964.996, 91
Trd, 2591965.029, 90
Trd, 2591965.713, 90
Trd, 2591965.879, 90
Trd, 2591966.696, 89
Trd, 2591968.629, 99
Trd, 2591969.129, 101
Trd, 2591969.513, 105
Trd, 2591971.429, 100
Trd, 2591971.713, 106
Trd, 2591972.429, 103
Trd, 2591972.913, 99
Trd, 2591973.429, 108
Trd, 2591973.646, 100
Trd, 2591973.879, 90
Trd, 2591975.579, 80
Trd, 2591976.979, 99
Trd, 2591977.463, 98
Trd, 2591977.946, 103
Trd, 2591979.863, 101
Trd, 2591980.163, 102
Trd, 2591980.713, 98
Trd, 2591981.063, 98
Trd, 2591981.696, 99
Trd, 2591984.413, 102
Trd, 2591984.829, 99
Trd, 2591985.113, 92
Trd, 2591985.329, 106
Trd, 2591985.863, 102
Trd, 2591987.813, 101
Trd, 2591988.829, 102
Trd, 2591988.846, 101
Trd, 2591988.913, 101
Trd, 2591989.629, 102
Trd, 2591990.213, 101
Trd, 2591991.129, 85
Trd, 2591991.479, 85
Trd, 2591991.679, 94
Trd, 2591991.979, 84
Trd, 2591994.013, 100
Trd, 2591994.663, 99
Trd, 2591995.246, 107
Trd, 2591995.496, 96
Trd, 2591996.229, 98
Trd, 2591998.296, 91
Trd, 2591999.579, 86
