Trd, 2590660.229, 94
Trd, 2590660.329, 105
Trd, 2590660.896, 86
Trd, 2590662.279, 109
Trd, 2590663.046, 114
Trd, 2590663.363, 116
Trd, 2590663.829, 123
Trd, 2590664.946, 116
Trd, 2590665.679, 108
Trd, 2590666.079, 100
Trd, 2590667.329, 107
Trd, 2590667.479, 97
Trd, 2590669.079, 111
Trd, 2590669.496, 96
Trd, 2590669.663, 113
Trd, 2590670.213, 101
Trd, 2590670.946, 92
Trd, 2590671.496, 92
Trd, 2590671.579, 88
Trd, 2590671.646, 84
Trd, 2590671.813, 124
Trd, 2590672.463, 81
Trd, 2590674.096, 101
Trd, 2590674.229, 120
Trd, 2590674.246, 125
Trd, 2590675.113, 108
Trd, 2590675.696, 100
Trd, 2590676.379, 125
Trd, 2590677.429, 107
Trd, 2590678.496, 128
Trd, 2590679.196, 109
Trd, 2590679.463, 94
Trd, 2590680.179, 106
Trd, 2590680.379, 93
Trd, 2590680.763, 92
Trd, 2590680.879, 91
Trd, 2590681.679, 125
Trd, 2590683.413, 93
Trd, 2590684.313, 112
Trd, 2590685.646, 93
Trd, 2590686.213, 101
Trd, 2590686.579, 111
Trd, 2590687.329, 95
Trd, 2590688.163, 96
Trd, 2590688.279, 107
Trd, 2590689.013, 115
Trd, 2590689.163, 91
Trd, 2590689.496, 90
Trd, 2590690.179, 114
Trd, 2590690.663, 121
Trd, 2590692.746, 98
Trd, 2590693.079, 85
Trd, 2590695.363, 94
Trd, 2590695.529, 102
Trd, 2590696.179, 105
Trd, 2590697.829, 105
Trd, 2590698.296, 110
Trd, 2590698.463, 96
Trd, 2590698.996, 100
Trd, 2590699.263, 119
Trd, 2590699.496, 120
Trd, 2590699.896, 103
Trd, 2590700.479, 100
Trd, 2590700.713, 96
Trd, 2590700.763, 96
Trd, 2590701.013, 84
Trd, 2590702.063, 96
Trd, 2590703.763, 83
Trd, 2590704.346, 107
Trd, 2590704.813, 84
Trd, 2590705.496, 86
Trd, 2590705.563, 109
Trd, 2590707.096, 105
Trd, 2590708.613, 110
Trd, 2590709.313, 115
Trd, 2590709.629, 125
Trd, 2590710.013, 115
Trd, 2590710.446, 113
Trd, 2590710.696, 108
Trd, 2590711.196, 101
Trd, 2590712.579, 125
Trd, 2590712.713, 101
Trd, 2590714.779, 105
Trd, 2590715.363, 106
Trd, 2590716.829, 106
Trd, 2590717.196, 108
Trd, 2590717.263, 123
Trd, 2590717.596, 118
Trd, 2590717.846, 112
Trd, 2590719.096, 101
Trd, 2590719.479, 118
Trd, 2590719.879, 125
Trd, 2590719.929, 99
Trd, 2590720.879, 100
Trd, 2590723.163, 98
Trd, 2590723.396, 91
Trd, 2590723.479, 101
Trd, 2590723.913, 91
Trd, 2590725.163, 107
Trd, 2590726.229, 87
Trd, 2590726.446, 116
Trd, 2590726.863, 117
Trd, 2590727.113, 120
Trd, 2590728.563, 127
Trd, 2590729.029, 126
Trd, 2590729.579, 101
Trd, 2590729.629, 118
Trd, 2590730.113, 102
Trd, 2590731.329, 114
Trd, 2590732.713, 114
Trd, 2590733.013, 101
Trd, 2590733.479, 101
Trd, 2590735.013, 86
Trd, 2590735.263, 115
Trd, 2590735.779, 86
Trd, 2590737.279, 99
Trd, 2590737.679, 94
Trd, 2590738.329, 102
Trd, 2590738.713, 99
Trd, 2590740.463, 108
Trd, 2590740.863, 92
Trd, 2590741.563, 116
Trd, 2590741.579, 118
Trd, 2590744.563, 93
Trd, 2590745.146, 101
Trd, 2590745.396, 101
Trd, 2590745.729, 127
Trd, 2590746.813, 105
Trd, 2590748.229, 103
Trd, 2590748.646, 101
Trd, 2590749.146, 95
Trd, 2590750.396, 97
Trd, 2590750.913, 102
Trd, 2590751.646, 111
Trd, 2590751.696, 116
Trd, 2590752.546, 93
Trd, 2590752.629, 116
Trd, 2590752.996, 118
Trd, 2590753.329, 129
Trd, 2590755.713, 108
Trd, 2590757.163, 93
Trd, 2590757.329, 87
Trd, 2590758.946, 104
Trd, 2590760.146, 91
Trd, 2590760.629, 97
Trd, 2590760.746, 84
Trd, 2590761.063, 83
Trd, 2590761.513, 97
Trd, 2590761.796, 108
Trd, 2590763.363, 98
Trd, 2590764.129, 105
Trd, 2590764.563, 106
Trd, 2590764.763, 94
Trd, 2590764.979, 91
Trd, 2590765.613, 90
Trd, 2590765.896, 101
Trd, 2590767.429, 91
Trd, 2590767.779, 89
Trd, 2590768.829, 98
Trd, 2590768.896, 114
Trd, 2590769.196, 86
Trd, 2590770.679, 103
Trd, 2590770.746, 116
Trd, 2590772.279, 130
Trd, 2590772.363, 133
Trd, 2590772.413, 118
Trd, 2590775.646, 104
Trd, 2590775.896, 101
Trd, 2590775.979, 99
Trd, 2590776.279, 85
Trd, 2590776.396, 81
Trd, 2590778.646, 108
Trd, 2590778.763, 85
Trd, 2590778.946, 101
Trd, 2590778.996, 109
Trd, 2590779.046, 112
Trd, 2590780.429, 114
Trd, 2590780.829, 114
Trd, 2590781.829, 103
Trd, 2590782.213, 102
Trd, 2590783.413, 114
Trd, 2590783.946, 101
Trd, 2590784.663, 94
Trd, 2590784.963, 98
Trd, 2590786.163, 116
Trd, 2590786.679, 116
Trd, 2590787.363, 104
Trd, 2590788.529, 105
Trd, 2590788.713, 119
Trd, 2590788.746, 125
Trd, 2590790.529, 97
Trd, 2590791.696, 101
Trd, 2590791.863, 97
Trd, 2590792.146, 87
Trd, 2590792.396, 119
Trd, 2590793.663, 98
Trd, 2590793.979, 99
Trd, 2590794.896, 98
Trd, 2590795.946, 100
Trd, 2590796.513, 85
Trd, 2590797.063, 84
Trd, 2590798.229, 98
Trd, 2590799.029, 107
Trd, 2590800.079, 98
Trd, 2590800.379, 107
Trd, 2590800.396, 115
Trd, 2590800.529, 98
Trd, 2590801.129, 104
Trd, 2590801.329, 99
Trd, 2590801.746, 103
Trd, 2590801.963, 105
Trd, 2590801.996, 98
Trd, 2590802.429, 89
Trd, 2590802.463, 86
Trd, 2590803.463, 126
Trd, 2590804.379, 124
Trd, 2590806.646, 108
Trd, 2590806.796, 108
Trd, 2590808.763, 106
Trd, 2590809.246, 106
Trd, 2590809.413, 104
Trd, 2590809.613, 114
Trd, 2590809.779, 101
Trd, 2590810.063, 118
Trd, 2590810.279, 98
Trd, 2590811.013, 113
Trd, 2590811.229, 125
Trd, 2590812.079, 93
Trd, 2590813.146, 126
Trd, 2590813.679, 129
Trd, 2590814.379, 91
Trd, 2590815.413, 125
Trd, 2590815.996, 104
Trd, 2590816.146, 86
Trd, 2590818.129, 88
Trd, 2590818.996, 87
Trd, 2590819.729, 106
Trd, 2590819.796, 115
Trd, 2590820.463, 92
Trd, 2590820.513, 120
Trd, 2590821.396, 109
Trd, 2590822.613, 96
Trd, 2590822.963, 91
Trd, 2590823.046, 108
Trd, 2590825.579, 97
Trd, 2590825.763, 94
Trd, 2590826.179, 96
Trd, 2590827.213, 104
Trd, 2590827.779, 122
Trd, 2590827.929, 98
Trd, 2590829.196, 97
Trd, 2590829.813, 115
Trd, 2590829.996, 118
Trd, 2590831.096, 104
Trd, 2590831.279, 100
Trd, 2590831.563, 107
Trd, 2590832.613, 100
Trd, 2590832.629, 83
Trd, 2590834.279, 111
Trd, 2590834.563, 108
Trd, 2590835.113, 107
Trd, 2590836.179, 103
Trd, 2590836.246, 101
Trd, 2590837.263, 103
Trd, 2590837.863, 112
Trd, 2590839.063, 110
Trd, 2590839.146, 103
Trd, 2590840.029, 114
Trd, 2590840.746, 108
Trd, 2590841.413, 119
Trd, 2590841.429, 96
Trd, 2590841.963, 125
Trd, 2590842.346, 107
Trd, 2590843.279, 96
Trd, 2590843.746, 89
Trd, 2590844.329, 82
Trd, 2590844.446, 109
Trd, 2590844.696, 117
Trd, 2590844.879, 101
Trd, 2590845.029, 96
Trd, 2590845.696, 97
Trd, 2590847.096, 114
Trd, 2590848.096, 95
Trd, 2590848.546, 100
Trd, 2590849.946, 104
Trd, 2590850.013, 105
Trd, 2590850.263, 101
Trd, 2590850.646, 84
Trd, 2590850.829, 82
Trd, 2590852.913, 119
Trd, 2590855.513, 125
Trd, 2590855.779, 112
Trd, 2590855.963, 126
Trd, 2590857.313, 109
Trd, 2590858.279, 108
Trd, 2590859.013, 103
Trd, 2590859.096, 110
Trd, 2590859.863, 105
Trd, 2590861.346, 103
Trd, 2590861.679, 101
Trd, 2590862.129, 105
Trd, 2590862.646, 118
Trd, 2590863.829, 95
Trd, 2590865.546, 106
Trd, 2590865.613, 109
Trd, 2590865.629, 101
Trd, 2590865.896, 97
Trd, 2590867.163, 90
Trd, 2590867.313, 110
Trd, 2590867.979, 125
Trd, 2590868.713, 103
Trd, 2590868.779, 89
Trd, 2590869.629, 109
Trd, 2590871.046, 116
Trd, 2590871.463, 98
Trd, 2590872.679, 93
Trd, 2590872.896, 94
Trd, 2590873.279, 123
Trd, 2590873.413, 91
Trd, 2590873.596, 109
Trd, 2590875.129, 90
Trd, 2590876.696, 117
Trd, 2590876.713, 89
Trd, 2590877.096, 116
Trd, 2590877.463, 130
Trd, 2590878.646, 129
Trd, 2590878.746, 113
Trd, 2590879.079, 128
Trd, 2590880.213, 85
Trd, 2590880.546, 104
Trd, 2590880.663, 89
Trd, 2590880.896, 112
Trd, 2590882.196, 127
Trd, 2590883.063, 120
Trd, 2590883.329, 118
Trd, 2590884.363, 115
Trd, 2590884.479, 127
Trd, 2590885.229, 108
Trd, 2590885.346, 94
Trd, 2590885.946, 83
Trd, 2590887.196, 103
Trd, 2590887.346, 86
Trd, 2590887.413, 84
Trd, 2590887.529, 104
Trd, 2590888.363, 118
Trd, 2590889.479, 86
Trd, 2590890.213, 105
Trd, 2590890.996, 81
Trd, 2590891.496, 113
Trd, 2590891.846, 103
Trd, 2590892.179, 101
Trd, 2590893.129, 108
Trd, 2590893.363, 99
Trd, 2590895.646, 103
Trd, 2590896.179, 120
Trd, 2590896.513, 102
Trd, 2590898.263, 123
Trd, 2590898.879, 110
Trd, 2590898.896, 108
Trd, 2590901.346, 118
Trd, 2590902.196, 110
Trd, 2590902.313, 123
Trd, 2590902.763, 108
Trd, 2590903.546, 88
Trd, 2590903.813, 89
Trd, 2590904.863, 116
Trd, 2590904.879, 124
Trd, 2590905.129, 115
Trd, 2590905.496, 101
Trd, 2590906.729, 126
Trd, 2590907.213, 125
Trd, 2590907.529, 92
Trd, 2590908.579, 120
Trd, 2590909.163, 110
Trd, 2590909.296, 108
Trd, 2590909.479, 93
Trd, 2590909.929, 104
Trd, 2590910.929, 109
Trd, 2590911.063, 110
Trd, 2590912.646, 113
Trd, 2590912.813, 107
Trd, 2590913.446, 105
Trd, 2590914.379, 104
Trd, 2590914.979, 111
Trd, 2590915.329, 104
Trd, 2590915.729, 101
Trd, 2590916.229, 88
Trd, 2590916.963, 117
Trd, 2590917.629, 115
Trd, 2590918.213, 118
Trd, 2590920.229, 96
Trd, 2590920.413, 92
Trd, 2590921.896, 113
Trd, 2590922.279, 98
Trd, 2590922.896, 89
Trd, 2590923.996, 91
Trd, 2590924.413, 97
Trd, 2590924.746, 99
Trd, 2590924.946, 103
Trd, 2590927.346, 100
Trd, 2590927.463, 98
Trd, 2590928.063, 96
Trd, 2590928.129, 102
Trd, 2590928.196, 103
Trd, 2590928.479, 107
Trd, 2590928.596, 108
Trd, 2590928.913, 120
Trd, 2590930.929, 113
Trd, 2590931.713, 108
Trd, 2590932.063, 100
Trd, 2590935.046, 92
Trd, 2590935.096, 98
Trd, 2590935.613, 111
Trd, 2590937.163, 117
Trd, 2590937.696, 111
Trd, 2590937.863, 119
Trd, 2590938.179, 110
Trd, 2590939.196, 118
Trd, 2590940.029, 110
Trd, 2590940.329, 108
Trd, 2590940.463, 127
Trd, 2590940.596, 101
Trd, 2590942.413, 117
Trd, 2590942.846, 111
Trd, 2590943.629, 121
Trd, 2590944.846, 101
Trd, 2590946.129, 110
Trd, 2590946.446, 106
Trd, 2590946.546, 108
Trd, 2590947.096, 94
Trd, 2590947.863, 90
Trd, 2590948.163, 86
Trd, 2590948.713, 122
Trd, 2590949.129, 123
Trd, 2590949.246, 82
Trd, 2590950.213, 92
Trd, 2590950.946, 129
Trd, 2590951.079, 98
Trd, 2590951.263, 109
Trd, 2590953.146, 91
Trd, 2590953.163, 118
Trd, 2590953.846, 127
Trd, 2590955.563, 120
Trd, 2590955.596, 102
Trd, 2590955.746, 101
Trd, 2590956.596, 124
Trd, 2590956.713, 100
Trd, 2590958.179, 126
Trd, 2590958.213, 118
Trd, 2590958.429, 97
Trd, 2590959.079, 92
Trd, 2590959.296, 105
Trd, 2590960.779, 123
Trd, 2590961.746, 101
Trd, 2590962.446, 94
Trd, 2590962.929, 101
Trd, 2590964.529, 93
Trd, 2590966.546, 89
Trd, 2590967.029, 92
Trd, 2590967.579, 99
Trd, 2590969.196, 106
Trd, 2590969.346, 108
Trd, 2590969.563, 93
Trd, 2590969.629, 92
Trd, 2590970.129, 104
Trd, 2590971.863, 89
Trd, 2590972.929, 105
Trd, 2590972.963, 97
Trd, 2590973.329, 96
Trd, 2590974.996, 109
Trd, 2590975.246, 113
Trd, 2590976.479, 130
Trd, 2590976.729, 114
Trd, 2590976.896, 125
Trd, 2590977.746, 118
Trd, 2590978.096, 112
Trd, 2590978.429, 125
Trd, 2590978.746, 108
Trd, 2590978.979, 101
Trd, 2590980.046, 99
Trd, 2590980.363, 104
Trd, 2590980.929, 91
Trd, 2590982.113, 106
Trd, 2590983.863, 118
Trd, 2590985.429, 112
Trd, 2590985.479, 108
Trd, 2590986.263, 106
Trd, 2590986.346, 95
Trd, 2590986.896, 118
Trd, 2590987.663, 100
Trd, 2590987.779, 119
Trd, 2590989.496, 117
Trd, 2590989.746, 125
Trd, 2590990.579, 115
Trd, 2590991.113, 108
Trd, 2590992.229, 115
Trd, 2590993.279, 128
Trd, 2590994.296, 126
Trd, 2590995.279, 101
Trd, 2590995.346, 100
Trd, 2590995.413, 96
Trd, 2590996.546, 87
Trd, 2590997.529, 111
Trd, 2590997.696, 108
Trd, 2590997.713, 107
Trd, 2590998.313, 99
Trd, 2590998.629, 90
Trd, 2591001.446, 112
Trd, 2591001.629, 99
Trd, 2591002.196, 118
Trd, 2591002.996, 101
Trd, 2591003.563, 100
Trd, 2591004.396, 112
Trd, 2591004.729, 130
Trd, 2591004.796, 130
Trd, 2591005.413, 119
Trd, 2591005.979, 97
Trd, 2591008.396, 98
Trd, 2591009.229, 110
Trd, 2591009.829, 96
Trd, 2591010.479, 95
Trd, 2591010.596, 93
Trd, 2591012.246, 104
Trd, 2591013.579, 102
Trd, 2591013.713, 108
Trd, 2591013.896, 101
Trd, 2591014.646, 94
Trd, 2591015.696, 86
Trd, 2591015.929, 111
Trd, 2591017.213, 87
Trd, 2591017.546, 101
Trd, 2591018.263, 103
Trd, 2591019.146, 119
Trd, 2591019.263, 103
Trd, 2591020.046, 119
Trd, 2591020.363, 124
Trd, 2591020.529, 103
Trd, 2591021.279, 114
Trd, 2591021.413, 107
Trd, 2591022.546, 125
Trd, 2591023.479, 108
Trd, 2591024.163, 127
Trd, 2591024.279, 101
Trd, 2591024.713, 122
Trd, 2591025.646, 118
Trd, 2591025.696, 116
Trd, 2591026.013, 115
Trd, 2591026.313, 119
Trd, 2591027.096, 101
Trd, 2591027.729, 130
Trd, 2591028.129, 96
Trd, 2591028.579, 96
Trd, 2591031.013, 107
Trd, 2591031.413, 101
Trd, 2591031.813, 127
Trd, 2591032.163, 109
Trd, 2591032.629, 129
Trd, 2591033.879, 106
Trd, 2591035.463, 96
Trd, 2591035.613, 95
Trd, 2591036.196, 113
Trd, 2591036.496, 92
Trd, 2591036.763, 99
Trd, 2591037.279, 94
Trd, 2591037.629, 101
Trd, 2591038.663, 103
Trd, 2591039.163, 105
Trd, 2591039.346, 97
Trd, 2591040.979, 110
Trd, 2591041.713, 97
Trd, 2591041.729, 96
Trd, 2591042.563, 115
Trd, 2591043.379, 88
Trd, 2591044.379, 84
Trd, 2591046.213, 100
Trd, 2591046.296, 88
Trd, 2591046.496, 85
Trd, 2591046.646, 104
Trd, 2591046.929, 105
Trd, 2591047.463, 126
Trd, 2591048.079, 109
Trd, 2591048.496, 115
Trd, 2591049.896, 118
Trd, 2591051.379, 106
Trd, 2591051.513, 101
Trd, 2591052.263, 106
Trd, 2591052.896, 109
Trd, 2591053.079, 101
Trd, 2591054.396, 99
Trd, 2591054.946, 108
Trd, 2591055.046, 113
Trd, 2591055.379, 118
Trd, 2591056.646, 95
Trd, 2591057.129, 81
Trd, 2591058.713, 103
Trd, 2591059.596, 100
Trd, 2591060.746, 105
Trd, 2591061.146, 107
Trd, 2591061.846, 110
Trd, 2591063.229, 108
Trd, 2591063.763, 97
Trd, 2591063.813, 115
Trd, 2591064.046, 88
Trd, 2591066.563, 95
Trd, 2591067.846, 98
Trd, 2591067.963, 118
Trd, 2591068.329, 98
Trd, 2591069.213, 108
Trd, 2591069.396, 123
Trd, 2591069.713, 122
Trd, 2591071.046, 109
Trd, 2591071.096, 96
Trd, 2591072.346, 98
Trd, 2591072.979, 116
Trd, 2591073.629, 112
Trd, 2591074.146, 123
Trd, 2591075.063, 91
Trd, 2591075.213, 83
Trd, 2591075.879, 87
Trd, 2591076.879, 110
Trd, 2591078.313, 110
Trd, 2591078.496, 111
Trd, 2591078.563, 121
Trd, 2591079.196, 108
Trd, 2591080.429, 101
Trd, 2591080.979, 107
Trd, 2591081.013, 118
Trd, 2591081.063, 95
Trd, 2591081.663, 129
Trd, 2591082.913, 105
Trd, 2591083.429, 117
Trd, 2591085.763, 101
Trd, 2591086.646, 101
Trd, 2591087.213, 110
Trd, 2591087.613, 118
Trd, 2591089.113, 121
Trd, 2591089.279, 93
Trd, 2591089.379, 129
Trd, 2591089.496, 92
Trd, 2591089.846, 91
Trd, 2591089.863, 90
Trd, 2591090.513, 122
Trd, 2591091.746, 87
Trd, 2591092.446, 97
Trd, 2591093.363, 108
Trd, 2591093.596, 109
Trd, 2591094.379, 103
Trd, 2591094.563, 103
Trd, 2591095.279, 102
Trd, 2591095.863, 117
Trd, 2591096.979, 101
Trd, 2591097.596, 90
Trd, 2591098.713, 104
Trd, 2591099.079, 118
Trd, 2591099.696, 98
Trd, 2591101.279, 105
Trd, 2591101.929, 102
Trd, 2591103.363, 94
Trd, 2591103.546, 109
Trd, 2591103.813, 88
Trd, 2591104.563, 94
Trd, 2591104.846, 91
Trd, 2591106.029, 91
Trd, 2591107.596, 101
Trd, 2591107.696, 92
Trd, 2591108.429, 115
Trd, 2591108.829, 118
Trd, 2591109.329, 112
Trd, 2591110.396, 125
Trd, 2591110.646, 112
Trd, 2591111.046, 109
Trd, 2591111.446, 116
Trd, 2591111.763, 108
Trd, 2591112.613, 101
Trd, 2591113.363, 100
Trd, 2591113.596, 92
Trd, 2591114.196, 119
Trd, 2591114.796, 124
Trd, 2591114.863, 125
Trd, 2591114.963, 131
Trd, 2591115.246, 124
Trd, 2591116.379, 117
Trd, 2591116.663, 117
Trd, 2591116.813, 115
Trd, 2591117.663, 92
Trd, 2591118.079, 108
Trd, 2591119.479, 86
Trd, 2591119.529, 82
Trd, 2591120.279, 106
Trd, 2591121.379, 89
Trd, 2591121.879, 89
Trd, 2591123.263, 88
Trd, 2591125.013, 100
Trd, 2591125.079, 101
Trd, 2591125.513, 98
Trd, 2591126.079, 102
Trd, 2591126.279, 94
Trd, 2591127.346, 92
Trd, 2591129.229, 106
Trd, 2591129.346, 109
Trd, 2591130.413, 101
Trd, 2591130.979, 95
Trd, 2591133.029, 100
Trd, 2591133.663, 100
Trd, 2591134.163, 99
Trd, 2591134.963, 86
Trd, 2591135.279, 105
Trd, 2591135.679, 88
Trd, 2591136.079, 109
Trd, 2591136.996, 84
Trd, 2591137.146, 81
Trd, 2591137.679, 96
Trd, 2591137.979, 101
Trd, 2591138.996, 118
Trd, 2591139.329, 118
Trd, 2591140.779, 101
Trd, 2591141.146, 109
Trd, 2591142.013, 120
Trd, 2591142.179, 88
Trd, 2591143.396, 117
Trd, 2591144.379, 119
Trd, 2591145.846, 118
Trd, 2591146.929, 116
Trd, 2591146.996, 108
Trd, 2591147.113, 103
Trd, 2591147.546, 117
Trd, 2591148.063, 126
Trd, 2591148.263, 101
Trd, 2591149.079, 95
Trd, 2591149.496, 119
Trd, 2591149.779, 94
Trd, 2591149.829, 107
Trd, 2591152.563, 94
Trd, 2591152.879, 105
Trd, 2591153.063, 107
Trd, 2591153.613, 109
Trd, 2591153.696, 120
Trd, 2591155.296, 96
Trd, 2591155.596, 89
Trd, 2591155.863, 103
Trd, 2591156.546, 89
Trd, 2591157.446, 125
Trd, 2591157.479, 109
Trd, 2591157.796, 126
Trd, 2591160.429, 100
Trd, 2591160.529, 120
Trd, 2591161.113, 115
Trd, 2591161.396, 114
Trd, 2591161.479, 101
Trd, 2591161.996, 90
Trd, 2591162.763, 87
Trd, 2591163.513, 86
Trd, 2591164.679, 88
Trd, 2591165.346, 87
Trd, 2591165.696, 107
Trd, 2591166.463, 111
Trd, 2591166.563, 120
Trd, 2591168.379, 124
Trd, 2591168.446, 117
Trd, 2591168.763, 101
Trd, 2591171.079, 118
Trd, 2591171.129, 117
Trd, 2591171.179, 106
Trd, 2591171.496, 111
Trd, 2591172.179, 97
Trd, 2591172.546, 120
Trd, 2591172.796, 84
Trd, 2591174.013, 101
Trd, 2591175.029, 90
Trd, 2591176.013, 96
Trd, 2591176.579, 85
Trd, 2591176.596, 84
Trd, 2591177.879, 79
Trd, 2591178.529, 89
Trd, 2591179.596, 105
Trd, 2591180.446, 126
Trd, 2591180.663, 124
Trd, 2591180.729, 108
Trd, 2591181.013, 127
Trd, 2591181.513, 95
Trd, 2591184.496, 113
Trd, 2591185.613, 118
Trd, 2591185.896, 115
Trd, 2591186.396, 118
Trd, 2591187.446, 122
Trd, 2591187.863, 106
Trd, 2591188.129, 121
Trd, 2591188.529, 115
Trd, 2591189.029, 104
Trd, 2591189.663, 104
Trd, 2591190.146, 108
Trd, 2591191.229, 93
Trd, 2591191.413, 109
Trd, 2591191.429, 88
Trd, 2591191.896, 87
Trd, 2591192.246, 109
Trd, 2591195.063, 84
Trd, 2591195.896, 89
Trd, 2591197.346, 99
Trd, 2591197.529, 120
Trd, 2591198.479, 120
Trd, 2591198.896, 115
Trd, 2591199.279, 115
Trd, 2591199.346, 112
Trd, 2591199.829, 125
Trd, 2591202.213, 128
Trd, 2591202.629, 108
Trd, 2591202.713, 101
Trd, 2591203.229, 96
Trd, 2591204.429, 92
Trd, 2591204.729, 102
Trd, 2591205.663, 99
Trd, 2591205.729, 127
Trd, 2591206.779, 108
Trd, 2591207.079, 115
Trd, 2591207.596, 93
Trd, 2591207.929, 92
Trd, 2591207.946, 116
Trd, 2591209.946, 112
Trd, 2591210.563, 106
Trd, 2591212.113, 104
Trd, 2591212.279, 101
Trd, 2591212.763, 106
Trd, 2591212.829, 118
Trd, 2591212.946, 125
Trd, 2591215.213, 106
Trd, 2591215.496, 104
Trd, 2591216.113, 101
Trd, 2591216.546, 95
Trd, 2591217.963, 119
Trd, 2591218.329, 112
Trd, 2591218.529, 96
Trd, 2591218.779, 122
Trd, 2591220.013, 125
Trd, 2591220.346, 98
Trd, 2591220.396, 94
Trd, 2591220.479, 92
Trd, 2591220.513, 99
Trd, 2591221.813, 92
Trd, 2591224.196, 110
Trd, 2591225.063, 101
Trd, 2591225.279, 113
Trd, 2591227.546, 89
Trd, 2591228.063, 93
Trd, 2591228.863, 107
Trd, 2591229.713, 101
Trd, 2591230.579, 99
Trd, 2591230.996, 97
Trd, 2591231.313, 92
Trd, 2591231.929, 91
Trd, 2591231.996, 92
Trd, 2591232.346, 118
Trd, 2591233.913, 114
Trd, 2591234.979, 118
Trd, 2591235.263, 119
Trd, 2591235.846, 110
Trd, 2591236.313, 103
Trd, 2591236.529, 97
Trd, 2591237.546, 93
Trd, 2591237.796, 94
Trd, 2591238.363, 107
Trd, 2591238.929, 95
Trd, 2591239.113, 94
Trd, 2591240.046, 119
Trd, 2591240.113, 111
Trd, 2591240.929, 94
Trd, 2591241.913, 93
Trd, 2591242.029, 92
Trd, 2591242.729, 94
Trd, 2591243.529, 87
Trd, 2591245.429, 88
Trd, 2591245.913, 106
Trd, 2591246.546, 82
Trd, 2591247.396, 108
Trd, 2591248.329, 110
Trd, 2591250.163, 92
Trd, 2591250.496, 119
Trd, 2591250.863, 115
Trd, 2591251.179, 107
Trd, 2591251.346, 95
Trd, 2591251.679, 93
Trd, 2591251.779, 104
Trd, 2591252.229, 87
Trd, 2591253.929, 109
Trd, 2591254.013, 114
Trd, 2591254.163, 86
Trd, 2591255.096, 115
Trd, 2591255.329, 108
Trd, 2591255.713, 122
Trd, 2591256.046, 87
Trd, 2591258.579, 103
Trd, 2591260.813, 115
Trd, 2591261.179, 101
Trd, 2591261.663, 97
Trd, 2591262.013, 106
Trd, 2591262.546, 114
Trd, 2591262.779, 116
Trd, 2591263.163, 109
Trd, 2591263.546, 95
Trd, 2591264.563, 101
Trd, 2591265.446, 101
Trd, 2591266.246, 120
Trd, 2591267.029, 127
Trd, 2591267.513, 117
Trd, 2591268.029, 108
Trd, 2591268.563, 116
Trd, 2591269.213, 109
Trd, 2591269.746, 108
Trd, 2591270.446, 101
Trd, 2591270.629, 96
Trd, 2591271.446, 107
Trd, 2591271.496, 108
Trd, 2591272.179, 104
Trd, 2591273.329, 120
Trd, 2591273.413, 98
Trd, 2591274.279, 106
Trd, 2591274.713, 98
Trd, 2591276.679, 92
Trd, 2591277.063, 119
Trd, 2591277.229, 114
Trd, 2591277.496, 125
Trd, 2591277.596, 88
Trd, 2591277.829, 107
Trd, 2591278.813, 97
Trd, 2591279.629, 126
Trd, 2591280.613, 89
Trd, 2591280.679, 118
Trd, 2591281.196, 87
Trd, 2591282.263, 113
Trd, 2591283.113, 111
Trd, 2591283.129, 110
Trd, 2591283.879, 118
Trd, 2591284.213, 114
Trd, 2591284.413, 118
Trd, 2591284.813, 113
Trd, 2591284.896, 119
Trd, 2591286.263, 108
Trd, 2591286.896, 102
Trd, 2591287.313, 120
Trd, 2591289.629, 97
Trd, 2591289.796, 96
Trd, 2591290.229, 93
Trd, 2591290.379, 89
Trd, 2591292.163, 89
Trd, 2591292.746, 88
Trd, 2591292.946, 97
Trd, 2591293.613, 91
Trd, 2591294.196, 103
Trd, 2591294.746, 100
Trd, 2591295.113, 87
Trd, 2591295.179, 84
Trd, 2591297.263, 100
Trd, 2591297.313, 90
Trd, 2591298.429, 105
Trd, 2591298.613, 110
Trd, 2591299.129, 90
Trd, 2591299.179, 110
Trd, 2591300.263, 87
Trd, 2591301.413, 86
Trd, 2591302.496, 95
Trd, 2591302.829, 96
Trd, 2591303.063, 118
Trd, 2591304.396, 96
Trd, 2591305.946, 102
Trd, 2591306.496, 92
Trd, 2591307.113, 91
Trd, 2591307.129, 84
Trd, 2591307.179, 116
Trd, 2591308.363, 119
Trd, 2591309.113, 101
Trd, 2591309.613, 100
Trd, 2591310.879, 104
Trd, 2591312.396, 106
Trd, 2591312.896, 117
Trd, 2591313.229, 125
Trd, 2591313.729, 103
Trd, 2591314.379, 102
Trd, 2591314.696, 101
Trd, 2591316.629, 104
Trd, 2591316.929, 104
Trd, 2591317.113, 105
Trd, 2591317.396, 96
Trd, 2591318.546, 88
Trd, 2591319.579, 95
Trd, 2591319.613, 85
Trd, 2591322.829, 111
Trd, 2591323.146, 118
Trd, 2591323.163, 109
Trd, 2591324.163, 123
Trd, 2591324.496, 114
Trd, 2591325.379, 107
Trd, 2591326.179, 124
Trd, 2591326.496, 130
Trd, 2591328.146, 115
Trd, 2591328.379, 124
Trd, 2591328.546, 118
Trd, 2591329.029, 108
Trd, 2591329.363, 106
Trd, 2591330.179, 108
Trd, 2591330.629, 101
Trd, 2591330.729, 125
Trd, 2591330.796, 97
Trd, 2591331.796, 104
Trd, 2591333.613, 116
Trd, 2591334.763, 125
Trd, 2591334.796, 107
Trd, 2591335.613, 103
Trd, 2591337.113, 120
Trd, 2591337.479, 122
Trd, 2591337.996, 114
Trd, 2591338.846, 100
Trd, 2591339.246, 100
Trd, 2591339.496, 96
Trd, 2591340.563, 111
Trd, 2591341.946, 95
Trd, 2591341.963, 91
Trd, 2591344.129, 108
Trd, 2591344.379, 109
Trd, 2591344.629, 93
Trd, 2591344.946, 102
Trd, 2591346.446, 122
Trd, 2591346.596, 112
Trd, 2591347.329, 117
Trd, 2591348.396, 101
Trd, 2591348.496, 93
Trd, 2591348.863, 90
Trd, 2591350.029, 93
Trd, 2591350.446, 115
Trd, 2591351.046, 114
Trd, 2591351.246, 117
Trd, 2591351.346, 116
Trd, 2591351.663, 92
Trd, 2591351.746, 86
Trd, 2591352.996, 118
Trd, 2591353.813, 103
Trd, 2591354.296, 93
Trd, 2591354.996, 110
Trd, 2591355.779, 83
Trd, 2591356.363, 121
Trd, 2591359.263, 102
Trd, 2591359.646, 106
Trd, 2591359.779, 100
Trd, 2591360.413, 99
Trd, 2591360.429, 97
Trd, 2591360.813, 118
Trd, 2591361.696, 83
Trd, 2591361.713, 84
Trd, 2591362.029, 124
Trd, 2591362.096, 85
Trd, 2591363.179, 125
Trd, 2591364.596, 89
Trd, 2591365.496, 92
Trd, 2591365.846, 96
Trd, 2591367.346, 85
Trd, 2591367.496, 83
Trd, 2591368.096, 109
Trd, 2591368.879, 106
Trd, 2591370.479, 117
Trd, 2591371.029, 106
Trd, 2591371.829, 118
Trd, 2591372.579, 125
Trd, 2591372.663, 108
Trd, 2591373.163, 128
Trd, 2591373.746, 100
Trd, 2591374.179, 90
Trd, 2591374.896, 122
Trd, 2591375.413, 127
Trd, 2591375.879, 105
Trd, 2591375.979, 103
Trd, 2591376.029, 117
Trd, 2591376.346, 130
Trd, 2591377.529, 101
Trd, 2591377.796, 86
Trd, 2591378.096, 110
Trd, 2591378.413, 120
Trd, 2591379.663, 92
Trd, 2591380.213, 120
Trd, 2591380.596, 118
Trd, 2591380.696, 95
Trd, 2591383.096, 105
Trd, 2591383.213, 122
Trd, 2591383.546, 125
Trd, 2591384.946, 105
Trd, 2591386.096, 111
Trd, 2591386.796, 125
Trd, 2591387.113, 91
Trd, 2591387.196, 108
Trd, 2591388.296, 115
Trd, 2591389.213, 99
Trd, 2591389.663, 117
Trd, 2591389.779, 117
Trd, 2591390.379, 108
Trd, 2591391.479, 101
Trd, 2591392.279, 88
Trd, 2591392.446, 87
Trd, 2591393.163, 100
Trd, 2591393.979, 86
Trd, 2591394.346, 83
Trd, 2591395.713, 99
Trd, 2591396.129, 99
Trd, 2591396.779, 113
Trd, 2591397.496, 92
Trd, 2591397.963, 119
Trd, 2591398.946, 115
Trd, 2591399.113, 113
Trd, 2591400.479, 107
Trd, 2591400.946, 105
Trd, 2591401.929, 96
Trd, 2591402.013, 106
Trd, 2591402.546, 126
Trd, 2591403.479, 91
Trd, 2591405.429, 110
Trd, 2591406.763, 101
Trd, 2591406.929, 106
Trd, 2591408.496, 108
Trd, 2591409.563, 102
Trd, 2591410.113, 108
Trd, 2591410.746, 108
Trd, 2591411.229, 102
Trd, 2591411.713, 101
Trd, 2591411.763, 97
Trd, 2591412.629, 120
Trd, 2591412.713, 115
Trd, 2591412.763, 125
Trd, 2591414.063, 95
Trd, 2591414.363, 89
Trd, 2591414.379, 100
Trd, 2591414.713, 90
Trd, 2591414.863, 101
Trd, 2591415.279, 105
Trd, 2591415.329, 112
Trd, 2591416.613, 92
Trd, 2591416.629, 99
Trd, 2591417.029, 82
Trd, 2591417.979, 102
Trd, 2591418.029, 90
Trd, 2591418.363, 117
Trd, 2591422.363, 103
Trd, 2591422.729, 105
Trd, 2591423.096, 103
Trd, 2591423.729, 109
Trd, 2591424.463, 104
Trd, 2591424.713, 115
Trd, 2591425.013, 105
Trd, 2591425.179, 108
Trd, 2591425.746, 118
Trd, 2591427.346, 118
Trd, 2591427.996, 105
Trd, 2591429.746, 90
Trd, 2591430.479, 90
Trd, 2591430.513, 98
Trd, 2591430.763, 88
Trd, 2591434.263, 109
Trd, 2591434.663, 110
Trd, 2591434.813, 103
Trd, 2591436.163, 100
Trd, 2591436.246, 97
Trd, 2591436.996, 83
Trd, 2591437.779, 103
Trd, 2591438.463, 91
Trd, 2591438.679, 87
Trd, 2591439.629, 100
Trd, 2591440.679, 103
Trd, 2591442.279, 112
Trd, 2591442.596, 115
Trd, 2591442.679, 111
Trd, 2591442.779, 112
Trd, 2591442.813, 110
Trd, 2591444.629, 105
Trd, 2591445.679, 113
Trd, 2591445.729, 105
Trd, 2591446.546, 126
Trd, 2591447.213, 128
Trd, 2591447.929, 123
Trd, 2591448.146, 112
Trd, 2591448.363, 100
Trd, 2591449.829, 99
Trd, 2591450.363, 88
Trd, 2591450.379, 108
Trd, 2591451.279, 106
Trd, 2591452.146, 86
Trd, 2591452.446, 112
Trd, 2591452.663, 123
Trd, 2591453.863, 88
Trd, 2591453.996, 104
Trd, 2591456.629, 101
Trd, 2591456.846, 111
Trd, 2591456.863, 100
Trd, 2591457.129, 118
Trd, 2591458.129, 98
Trd, 2591458.246, 97
Trd, 2591458.929, 92
Trd, 2591459.113, 83
Trd, 2591459.713, 108
Trd, 2591461.796, 122
Trd, 2591461.863, 123
Trd, 2591461.879, 114
Trd, 2591463.279, 116
Trd, 2591464.446, 110
Trd, 2591464.479, 109
Trd, 2591464.863, 108
Trd, 2591467.313, 102
Trd, 2591469.296, 108
Trd, 2591469.563, 118
Trd, 2591470.163, 100
Trd, 2591471.079, 100
Trd, 2591471.446, 120
Trd, 2591471.546, 99
Trd, 2591471.979, 98
Trd, 2591473.146, 102
Trd, 2591473.396, 91
Trd, 2591473.613, 87
Trd, 2591474.463, 121
Trd, 2591474.729, 84
Trd, 2591476.613, 105
Trd, 2591477.096, 110
Trd, 2591477.379, 93
Trd, 2591477.713, 92
Trd, 2591478.496, 118
Trd, 2591478.613, 119
Trd, 2591478.963, 94
Trd, 2591480.463, 112
Trd, 2591480.763, 113
Trd, 2591480.813, 125
Trd, 2591481.796, 88
Trd, 2591483.213, 124
Trd, 2591483.246, 115
Trd, 2591486.163, 99
Trd, 2591486.263, 93
Trd, 2591487.179, 105
Trd, 2591488.329, 110
Trd, 2591489.013, 116
Trd, 2591489.446, 107
Trd, 2591489.529, 100
Trd, 2591489.779, 86
Trd, 2591490.213, 116
Trd, 2591491.146, 89
Trd, 2591491.879, 89
Trd, 2591491.963, 101
Trd, 2591492.863, 108
Trd, 2591493.129, 112
Trd, 2591494.613, 98
Trd, 2591494.996, 120
Trd, 2591495.046, 98
Trd, 2591497.213, 98
Trd, 2591497.779, 97
Trd, 2591498.446, 88
Trd, 2591500.596, 103
Trd, 2591500.746, 102
Trd, 2591501.079, 109
Trd, 2591501.263, 87
Trd, 2591501.663, 109
Trd, 2591501.813, 112
Trd, 2591502.879, 91
Trd, 2591503.679, 90
Trd, 2591504.096, 94
Trd, 2591505.396, 108
Trd, 2591506.263, 107
Trd, 2591506.463, 96
Trd, 2591506.846, 95
Trd, 2591507.729, 94
Trd, 2591507.963, 96
Trd, 2591509.846, 107
Trd, 2591510.479, 100
Trd, 2591510.496, 90
Trd, 2591511.329, 103
Trd, 2591511.963, 101
Trd, 2591512.529, 98
Trd, 2591512.546, 105
Trd, 2591512.763, 96
Trd, 2591513.229, 89
Trd, 2591514.729, 111
Trd, 2591515.479, 101
Trd, 2591515.563, 93
Trd, 2591517.429, 98
Trd, 2591517.696, 98
Trd, 2591518.413, 83
Trd, 2591518.729, 100
Trd, 2591519.429, 111
Trd, 2591519.446, 83
Trd, 2591519.896, 118
Trd, 2591520.513, 100
Trd, 2591520.929, 121
Trd, 2591521.813, 89
Trd, 2591522.629, 106
Trd, 2591524.929, 102
Trd, 2591525.196, 101
Trd, 2591525.863, 99
Trd, 2591526.279, 95
Trd, 2591526.296, 105
Trd, 2591526.679, 92
Trd, 2591527.313, 108
Trd, 2591528.646, 105
Trd, 2591528.946, 119
Trd, 2591529.813, 118
Trd, 2591530.346, 104
Trd, 2591531.446, 123
Trd, 2591531.646, 117
Trd, 2591532.229, 115
Trd, 2591533.096, 101
Trd, 2591534.379, 120
Trd, 2591535.396, 115
Trd, 2591535.679, 125
Trd, 2591535.996, 105
Trd, 2591536.096, 127
Trd, 2591538.179, 101
Trd, 2591538.713, 102
Trd, 2591538.763, 116
Trd, 2591539.479, 100
Trd, 2591539.813, 116
Trd, 2591540.463, 84
Trd, 2591541.579, 104
Trd, 2591543.596, 116
Trd, 2591543.679, 100
Trd, 2591544.379, 92
Trd, 2591544.679, 103
Trd, 2591545.629, 87
Trd, 2591546.996, 101
Trd, 2591547.446, 84
Trd, 2591548.763, 106
Trd, 2591548.929, 120
Trd, 2591549.263, 84
Trd, 2591550.813, 87
Trd, 2591551.113, 103
Trd, 2591552.179, 110
Trd, 2591552.796, 111
Trd, 2591553.429, 113
Trd, 2591553.563, 127
Trd, 2591555.296, 96
Trd, 2591555.446, 113
Trd, 2591555.896, 121
Trd, 2591555.946, 112
Trd, 2591557.263, 125
Trd, 2591557.329, 117
Trd, 2591559.113, 109
Trd, 2591559.246, 108
Trd, 2591559.279, 120
Trd, 2591559.729, 105
Trd, 2591560.763, 93
Trd, 2591562.246, 106
Trd, 2591563.146, 92
Trd, 2591563.363, 90
Trd, 2591564.963, 100
Trd, 2591565.213, 84
Trd, 2591565.546, 83
Trd, 2591565.913, 103
Trd, 2591567.546, 103
Trd, 2591567.613, 107
Trd, 2591567.913, 108
Trd, 2591568.163, 101
Trd, 2591568.346, 94
Trd, 2591569.313, 95
Trd, 2591569.596, 104
Trd, 2591569.929, 114
Trd, 2591570.246, 94
Trd, 2591570.446, 97
Trd, 2591571.629, 101
Trd, 2591573.679, 116
Trd, 2591575.079, 99
Trd, 2591575.229, 98
Trd, 2591575.279, 94
Trd, 2591576.846, 105
Trd, 2591577.413, 105
Trd, 2591578.863, 105
Trd, 2591581.046, 111
Trd, 2591581.196, 114
Trd, 2591581.446, 117
Trd, 2591581.796, 110
Trd, 2591581.946, 108
Trd, 2591581.963, 119
Trd, 2591582.729, 99
Trd, 2591583.113, 99
Trd, 2591583.979, 96
Trd, 2591584.096, 110
Trd, 2591585.213, 106
Trd, 2591586.096, 90
Trd, 2591587.129, 84
Trd, 2591587.246, 83
Trd, 2591587.846, 123
Trd, 2591588.596, 99
Trd, 2591588.896, 91
Trd, 2591589.996, 94
Trd, 2591591.229, 109
Trd, 2591591.279, 124
Trd, 2591591.779, 125
Trd, 2591592.429, 126
Trd, 2591592.846, 115
Trd, 2591594.079, 94
Trd, 2591595.696, 92
Trd, 2591596.296, 88
Trd, 2591597.879, 110
Trd, 2591598.079, 97
Trd, 2591599.946, 125
Trd, 2591600.546, 103
Trd, 2591601.763, 101
Trd, 2591602.029, 107
Trd, 2591602.196, 118
Trd, 2591602.279, 119
Trd, 2591602.646, 98
Trd, 2591602.829, 97
Trd, 2591603.563, 102
Trd, 2591603.596, 129
Trd, 2591604.346, 105
Trd, 2591604.629, 88
Trd, 2591605.263, 109
Trd, 2591606.429, 117
Trd, 2591606.579, 119
Trd, 2591607.213, 88
Trd, 2591609.046, 103
Trd, 2591609.596, 107
Trd, 2591609.779, 103
Trd, 2591611.113, 106
Trd, 2591612.029, 104
Trd, 2591612.146, 101
Trd, 2591612.846, 101
Trd, 2591613.163, 99
Trd, 2591613.213, 110
Trd, 2591613.379, 98
Trd, 2591613.413, 89
Trd, 2591613.679, 111
Trd, 2591615.179, 93
Trd, 2591615.346, 115
Trd, 2591617.446, 96
Trd, 2591619.446, 110
Trd, 2591619.496, 106
Trd, 2591619.513, 111
Trd, 2591619.746, 91
Trd, 2591620.229, 99
Trd, 2591620.413, 89
Trd, 2591621.113, 95
Trd, 2591622.046, 121
Trd, 2591623.413, 101
Trd, 2591624.163, 104
Trd, 2591624.196, 85
Trd, 2591624.963, 97
Trd, 2591627.446, 110
Trd, 2591627.746, 110
Trd, 2591627.763, 117
Trd, 2591628.063, 101
Trd, 2591628.863, 115
Trd, 2591628.896, 102
Trd, 2591629.629, 91
Trd, 2591629.679, 121
Trd, 2591630.579, 118
Trd, 2591631.346, 83
Trd, 2591631.929, 96
Trd, 2591632.046, 113
Trd, 2591632.613, 109
Trd, 2591634.229, 110
Trd, 2591635.896, 108
Trd, 2591636.629, 107
Trd, 2591636.829, 121
Trd, 2591636.996, 129
Trd, 2591637.479, 118
Trd, 2591637.863, 98
Trd, 2591638.113, 98
Trd, 2591640.046, 116
Trd, 2591640.329, 102
Trd, 2591641.396, 101
Trd, 2591641.463, 108
Trd, 2591642.996, 101
Trd, 2591643.713, 97
Trd, 2591644.079, 119
Trd, 2591644.296, 118
Trd, 2591644.446, 109
Trd, 2591646.413, 106
Trd, 2591648.113, 113
Trd, 2591648.463, 103
Trd, 2591649.613, 98
Trd, 2591650.163, 109
Trd, 2591652.063, 97
Trd, 2591652.163, 96
Trd, 2591652.863, 109
Trd, 2591653.996, 93
Trd, 2591654.513, 117
Trd, 2591655.613, 97
Trd, 2591656.229, 97
Trd, 2591657.996, 93
Trd, 2591658.579, 88
Trd, 2591658.896, 102
Trd, 2591659.013, 105
Trd, 2591661.429, 104
Trd, 2591662.379, 105
Trd, 2591662.429, 119
Trd, 2591662.663, 100
Trd, 2591662.929, 108
Trd, 2591663.179, 122
Trd, 2591664.196, 101
Trd, 2591665.179, 98
Trd, 2591665.746, 109
Trd, 2591665.879, 121
Trd, 2591666.063, 118
Trd, 2591666.463, 120
Trd, 2591667.379, 123
Trd, 2591669.229, 87
Trd, 2591669.296, 87
Trd, 2591669.879, 116
Trd, 2591671.396, 98
Trd, 2591673.013, 106
Trd, 2591674.346, 109
Trd, 2591674.363, 112
Trd, 2591674.696, 119
Trd, 2591676.129, 103
Trd, 2591677.046, 104
Trd, 2591677.446, 98
Trd, 2591677.846, 95
Trd, 2591677.913, 109
Trd, 2591678.646, 113
Trd, 2591679.413, 87
Trd, 2591680.296, 94
Trd, 2591681.996, 87
Trd, 2591683.046, 100
Trd, 2591683.779, 100
Trd, 2591684.346, 108
Trd, 2591684.729, 120
Trd, 2591684.946, 123
Trd, 2591685.479, 106
Trd, 2591686.613, 108
Trd, 2591687.346, 104
Trd, 2591687.446, 99
Trd, 2591688.213, 98
Trd, 2591688.629, 99
Trd, 2591690.279, 98
Trd, 2591690.929, 92
Trd, 2591691.279, 101
Trd, 2591691.296, 91
Trd, 2591692.329, 111
Trd, 2591693.529, 117
Trd, 2591693.629, 122
Trd, 2591693.913, 105
Trd, 2591694.479, 119
Trd, 2591695.346, 125
Trd, 2591695.696, 95
Trd, 2591695.963, 114
Trd, 2591697.246, 117
Trd, 2591697.263, 100
Trd, 2591698.179, 90
Trd, 2591698.679, 109
Trd, 2591700.429, 102
Trd, 2591700.929, 116
Trd, 2591701.263, 115
Trd, 2591701.829, 118
Trd, 2591702.146, 112
Trd, 2591702.363, 108
Trd, 2591702.929, 101
Trd, 2591703.096, 81
Trd, 2591705.113, 109
Trd, 2591707.729, 108
Trd, 2591708.763, 101
Trd, 2591709.913, 119
Trd, 2591709.929, 90
Trd, 2591710.796, 92
Trd, 2591710.846, 103
Trd, 2591710.896, 117
Trd, 2591711.213, 90
Trd, 2591713.163, 115
Trd, 2591713.596, 114
Trd, 2591714.829, 101
Trd, 2591715.013, 97
Trd, 2591715.496, 114
Trd, 2591716.096, 96
Trd, 2591717.396, 93
Trd, 2591718.629, 94
Trd, 2591719.996, 107
Trd, 2591720.213, 111
Trd, 2591720.779, 107
Trd, 2591720.863, 103
Trd, 2591721.229, 127
Trd, 2591721.446, 127
Trd, 2591721.563, 118
Trd, 2591721.879, 101
Trd, 2591722.763, 123
Trd, 2591722.879, 128
Trd, 2591723.046, 103
Trd, 2591724.396, 108
Trd, 2591725.679, 98
Trd, 2591726.279, 93
Trd, 2591727.229, 102
Trd, 2591727.513, 104
Trd, 2591727.796, 93
Trd, 2591728.379, 123
Trd, 2591728.779, 88
Trd, 2591729.363, 121
Trd, 2591731.213, 128
Trd, 2591731.913, 107
Trd, 2591732.213, 106
Trd, 2591732.513, 111
Trd, 2591732.529, 105
Trd, 2591732.563, 103
Trd, 2591734.879, 95
Trd, 2591735.046, 86
Trd, 2591735.463, 83
Trd, 2591736.379, 114
Trd, 2591736.679, 126
Trd, 2591737.346, 108
Trd, 2591737.413, 121
Trd, 2591737.429, 129
Trd, 2591738.463, 99
Trd, 2591740.029, 104
Trd, 2591740.096, 100
Trd, 2591740.746, 102
Trd, 2591741.629, 105
Trd, 2591743.413, 104
Trd, 2591743.629, 102
Trd, 2591743.913, 101
Trd, 2591745.429, 93
Trd, 2591745.829, 89
Trd, 2591746.179, 103
Trd, 2591747.763, 118
Trd, 2591748.129, 122
Trd, 2591749.013, 94
Trd, 2591750.229, 105
Trd, 2591750.796, 109
Trd, 2591751.846, 97
Trd, 2591752.329, 114
Trd, 2591752.796, 117
Trd, 2591752.813, 100
Trd, 2591754.446, 99
Trd, 2591755.196, 121
Trd, 2591755.229, 117
Trd, 2591755.429, 124
Trd, 2591755.596, 118
Trd, 2591756.113, 101
Trd, 2591756.246, 100
Trd, 2591756.896, 89
Trd, 2591757.529, 84
Trd, 2591759.113, 87
Trd, 2591760.446, 101
Trd, 2591760.679, 86
Trd, 2591761.429, 94
Trd, 2591762.379, 109
Trd, 2591762.396, 107
Trd, 2591763.679, 98
Trd, 2591764.713, 106
Trd, 2591765.546, 101
Trd, 2591766.313, 99
Trd, 2591767.229, 108
Trd, 2591767.579, 102
Trd, 2591769.196, 103
Trd, 2591770.363, 106
Trd, 2591770.429, 115
Trd, 2591770.646, 120
Trd, 2591770.813, 104
Trd, 2591771.079, 128
Trd, 2591771.479, 127
Trd, 2591772.713, 113
Trd, 2591773.029, 101
Trd, 2591773.763, 119
Trd, 2591773.796, 98
Trd, 2591774.013, 126
Trd, 2591774.546, 117
Trd, 2591774.963, 116
Trd, 2591775.579, 121
Trd, 2591775.929, 115
Trd, 2591777.863, 105
Trd, 2591778.113, 93
Trd, 2591780.213, 91
Trd, 2591782.429, 94
Trd, 2591782.663, 102
Trd, 2591782.896, 90
Trd, 2591783.079, 84
Trd, 2591783.179, 81
Trd, 2591783.513, 101
Trd, 2591783.796, 105
Trd, 2591784.113, 110
Trd, 2591784.813, 111
Trd, 2591784.996, 92
Trd, 2591786.313, 97
Trd, 2591787.229, 109
Trd, 2591787.663, 96
Trd, 2591788.363, 93
Trd, 2591789.013, 109
Trd, 2591789.396, 122
Trd, 2591790.196, 101
Trd, 2591791.346, 120
Trd, 2591792.279, 111
Trd, 2591793.713, 118
Trd, 2591793.729, 96
Trd, 2591794.363, 107
Trd, 2591794.596, 94
Trd, 2591794.646, 96
Trd, 2591794.913, 87
Trd, 2591797.513, 117
Trd, 2591797.529, 95
Trd, 2591797.996, 116
Trd, 2591798.046, 115
Trd, 2591799.396, 98
Trd, 2591799.579, 97
Trd, 2591799.696, 86
Trd, 2591800.829, 122
Trd, 2591801.896, 124
Trd, 2591802.629, 123
Trd, 2591802.896, 109
Trd, 2591804.496, 109
Trd, 2591804.729, 128
Trd, 2591805.329, 92
Trd, 2591805.363, 107
Trd, 2591805.579, 112
Trd, 2591805.663, 91
Trd, 2591806.329, 129
Trd, 2591808.613, 102
Trd, 2591808.713, 101
Trd, 2591809.963, 118
Trd, 2591809.979, 104
Trd, 2591810.313, 100
Trd, 2591810.629, 108
Trd, 2591810.696, 97
Trd, 2591810.779, 109
Trd, 2591812.929, 119
Trd, 2591813.429, 115
Trd, 2591813.546, 124
Trd, 2591814.596, 92
Trd, 2591814.646, 86
Trd, 2591815.813, 105
Trd, 2591816.529, 103
Trd, 2591816.879, 125
Trd, 2591817.996, 94
Trd, 2591818.429, 101
Trd, 2591818.596, 86
Trd, 2591819.863, 107
Trd, 2591819.879, 113
Trd, 2591820.063, 98
Trd, 2591820.146, 97
Trd, 2591820.796, 98
Trd, 2591821.463, 118
Trd, 2591822.396, 115
Trd, 2591822.763, 96
Trd, 2591826.046, 117
Trd, 2591826.329, 119
Trd, 2591826.929, 122
Trd, 2591827.829, 120
Trd, 2591828.946, 113
Trd, 2591829.113, 126
Trd, 2591829.263, 127
Trd, 2591829.296, 113
Trd, 2591829.396, 112
Trd, 2591829.879, 108
Trd, 2591830.329, 109
Trd, 2591831.013, 115
Trd, 2591833.013, 105
Trd, 2591833.729, 101
Trd, 2591835.979, 112
Trd, 2591836.713, 104
Trd, 2591836.729, 118
Trd, 2591837.463, 101
Trd, 2591838.029, 113
Trd, 2591838.246, 105
Trd, 2591840.346, 104
Trd, 2591840.396, 105
Trd, 2591840.496, 97
Trd, 2591840.763, 93
Trd, 2591842.229, 87
Trd, 2591843.346, 118
Trd, 2591843.979, 101
Trd, 2591844.013, 115
Trd, 2591844.479, 98
Trd, 2591844.846, 116
Trd, 2591845.196, 124
Trd, 2591845.329, 119
Trd, 2591846.213, 86
Trd, 2591848.113, 89
Trd, 2591848.563, 97
Trd, 2591849.146, 91
Trd, 2591850.046, 105
Trd, 2591850.696, 101
Trd, 2591850.913, 108
Trd, 2591851.946, 103
Trd, 2591852.496, 102
Trd, 2591852.579, 117
Trd, 2591852.629, 118
Trd, 2591852.729, 108
Trd, 2591854.313, 123
Trd, 2591854.696, 127
Trd, 2591856.996, 101
Trd, 2591858.063, 93
Trd, 2591858.463, 105
Trd, 2591858.646, 89
Trd, 2591859.213, 89
Trd, 2591859.229, 101
Trd, 2591860.729, 108
Trd, 2591861.429, 109
Trd, 2591861.496, 105
Trd, 2591862.079, 102
Trd, 2591862.813, 104
Trd, 2591863.579, 94
Trd, 2591863.996, 100
Trd, 2591864.779, 105
Trd, 2591864.979, 96
Trd, 2591866.096, 108
Trd, 2591866.829, 114
Trd, 2591866.913, 108
Trd, 2591867.879, 87
Trd, 2591868.896, 109
Trd, 2591868.913, 110
Trd, 2591870.113, 84
Trd, 2591870.313, 81
Trd, 2591870.496, 83
Trd, 2591871.496, 84
Trd, 2591872.313, 106
Trd, 2591872.613, 118
Trd, 2591873.779, 99
Trd, 2591874.229, 125
Trd, 2591874.329, 124
Trd, 2591874.646, 99
Trd, 2591875.163, 124
Trd, 2591875.563, 129
Trd, 2591876.213, 100
Trd, 2591876.229, 98
Trd, 2591878.329, 118
Trd, 2591878.379, 112
Trd, 2591879.279, 116
Trd, 2591879.913, 123
Trd, 2591880.613, 118
Trd, 2591880.713, 108
Trd, 2591881.663, 125
Trd, 2591882.863, 110
Trd, 2591883.313, 101
Trd, 2591883.513, 102
Trd, 2591883.896, 106
Trd, 2591884.346, 101
Trd, 2591884.813, 97
Trd, 2591885.496, 85
Trd, 2591885.979, 91
Trd, 2591886.729, 106
Trd, 2591886.913, 108
Trd, 2591888.129, 89
Trd, 2591888.163, 84
Trd, 2591888.496, 104
Trd, 2591888.796, 108
Trd, 2591889.329, 119
Trd, 2591892.179, 96
Trd, 2591892.196, 95
Trd, 2591893.346, 98
Trd, 2591893.396, 105
Trd, 2591893.529, 120
Trd, 2591893.963, 118
Trd, 2591894.363, 125
Trd, 2591894.829, 108
Trd, 2591896.163, 94
Trd, 2591896.913, 123
Trd, 2591897.213, 118
Trd, 2591897.846, 112
Trd, 2591898.179, 100
Trd, 2591899.046, 86
Trd, 2591900.279, 98
Trd, 2591900.363, 85
Trd, 2591900.729, 99
Trd, 2591902.313, 105
Trd, 2591903.429, 122
Trd, 2591903.479, 91
Trd, 2591903.879, 90
Trd, 2591904.763, 108
Trd, 2591904.779, 121
Trd, 2591905.413, 114
Trd, 2591908.329, 106
Trd, 2591908.363, 110
Trd, 2591908.513, 102
Trd, 2591908.613, 120
Trd, 2591909.746, 99
Trd, 2591909.829, 103
Trd, 2591910.279, 120
Trd, 2591911.163, 98
Trd, 2591911.746, 94
Trd, 2591912.996, 112
Trd, 2591913.613, 109
Trd, 2591913.796, 102
Trd, 2591914.963, 122
Trd, 2591915.763, 122
Trd, 2591917.496, 121
Trd, 2591918.763, 127
Trd, 2591918.796, 130
Trd, 2591918.946, 115
Trd, 2591919.013, 112
Trd, 2591919.129, 109
Trd, 2591919.579, 101
Trd, 2591919.646, 97
Trd, 2591919.846, 92
Trd, 2591920.796, 101
Trd, 2591920.929, 98
Trd, 2591921.213, 108
Trd, 2591924.146, 90
Trd, 2591924.446, 104
Trd, 2591924.596, 89
Trd, 2591925.313, 88
Trd, 2591925.779, 85
Trd, 2591926.763, 108
Trd, 2591926.813, 116
Trd, 2591927.379, 86
Trd, 2591928.213, 112
Trd, 2591928.463, 125
Trd, 2591928.663, 87
Trd, 2591930.463, 113
Trd, 2591930.529, 116
Trd, 2591931.946, 103
Trd, 2591932.013, 100
Trd, 2591934.296, 109
Trd, 2591935.863, 98
Trd, 2591936.296, 106
Trd, 2591936.429, 108
Trd, 2591937.946, 113
Trd, 2591938.263, 96
Trd, 2591938.679, 115
Trd, 2591938.746, 118
Trd, 2591940.246, 95
Trd, 2591942.379, 103
Trd, 2591942.479, 94
Trd, 2591942.846, 107
Trd, 2591942.879, 94
Trd, 2591943.263, 93
Trd, 2591943.646, 108
Trd, 2591945.029, 96
Trd, 2591945.346, 106
Trd, 2591945.746, 112
Trd, 2591947.263, 123
Trd, 2591948.096, 126
Trd, 2591948.246, 127
Trd, 2591948.729, 101
Trd, 2591948.913, 100
Trd, 2591949.246, 125
Trd, 2591949.363, 108
Trd, 2591949.546, 99
Trd, 2591950.279, 95
Trd, 2591952.396, 98
Trd, 2591952.879, 127
Trd, 2591953.813, 129
Trd, 2591953.846, 117
Trd, 2591954.279, 93
Trd, 2591955.563, 110
Trd, 2591955.813, 111
Trd, 2591955.879, 112
Trd, 2591956.546, 109
Trd, 2591958.413, 120
Trd, 2591959.046, 125
Trd, 2591959.096, 101
Trd, 2591960.163, 101
Trd, 2591961.063, 103
Trd, 2591962.129, 108
Trd, 2591962.663, 122
Trd, 2591962.779, 108
Trd, 2591963.996, 108
Trd, 2591964.696, 96
Trd, 2591965.179, 123
Trd, 2591966.563, 108
Trd, 2591967.996, 97
Trd, 2591968.979, 88
Trd, 2591969.396, 98
Trd, 2591971.013, 83
Trd, 2591971.213, 83
Trd, 2591971.279, 81
Trd, 2591971.696, 87
Trd, 2591972.579, 106
Trd, 2591973.413, 100
Trd, 2591973.796, 103
Trd, 2591974.229, 110
Trd, 2591974.313, 118
Trd, 2591974.429, 125
Trd, 2591976.113, 111
Trd, 2591976.946, 110
Trd, 2591977.063, 108
Trd, 2591977.696, 101
Trd, 2591978.513, 102
Trd, 2591978.796, 119
Trd, 2591978.879, 97
Trd, 2591979.946, 105
Trd, 2591979.963, 94
Trd, 2591980.146, 91
Trd, 2591981.296, 112
Trd, 2591981.546, 122
Trd, 2591983.779, 102
Trd, 2591985.163, 94
Trd, 2591985.796, 93
Trd, 2591986.629, 102
Trd, 2591987.363, 109
Trd, 2591988.896, 109
Trd, 2591989.129, 98
Trd, 2591990.029, 97
Trd, 2591990.413, 109
Trd, 2591990.946, 109
Trd, 2591992.363, 100
Trd, 2591992.796, 100
Trd, 2591992.996, 102
Trd, 2591993.063, 105
Trd, 2591993.296, 119
Trd, 2591993.329, 99
Trd, 2591993.846, 119
Trd, 2591994.579, 100
Trd, 2591995.429, 92
Trd, 2591996.979, 87
Trd, 2591997.929, 95
Trd, 2591998.363, 93
Trd, 2591999.279, 91
