Trd, 2590646.746, 87
Trd, 2590647.496, 83
Trd, 2590647.629, 82
Trd, 2590648.279, 85
Trd, 2590649.479, 99
Trd, 2590650.696, 97
Trd, 2590651.863, 97
Trd, 2590651.979, 104
Trd, 2590652.346, 95
Trd, 2590652.796, 94
Trd, 2590652.813, 103
Trd, 2590653.596, 91
Trd, 2590654.429, 88
Trd, 2590654.796, 101
Trd, 2590655.279, 85
Trd, 2590656.379, 87
Trd, 2590656.679, 99
Trd, 2590656.796, 84
Trd, 2590660.313, 92
Trd, 2590660.413, 92
Trd, 2590661.463, 101
Trd, 2590661.696, 93
Trd, 2590662.263, 97
Trd, 2590663.729, 90
Trd, 2590664.313, 96
Trd, 2590665.529, 93
Trd, 2590666.029, 96
Trd, 2590666.463, 90
Trd, 2590667.046, 98
Trd, 2590669.163, 101
Trd, 2590670.229, 99
Trd, 2590670.346, 101
Trd, 2590671.329, 100
Trd, 2590671.846, 96
Trd, 2590672.729, 100
Trd, 2590673.246, 99
Trd, 2590673.546, 104
Trd, 2590674.146, 106
Trd, 2590675.579, 96
Trd, 2590675.763, 90
Trd, 2590676.163, 88
Trd, 2590676.479, 86
Trd, 2590677.996, 101
Trd, 2590678.513, 91
Trd, 2590679.179, 102
Trd, 2590679.396, 91
Trd, 2590681.179, 94
Trd, 2590681.196, 93
Trd, 2590681.329, 92
Trd, 2590683.146, 126
Trd, 2590683.879, 90
Trd, 2590684.596, 86
Trd, 2590685.629, 95
Trd, 2590685.846, 86
Trd, 2590686.246, 84
Trd, 2590686.529, 96
Trd, 2590686.796, 82
Trd, 2590688.263, 104
Trd, 2590688.429, 84
Trd, 2590688.763, 103
Trd, 2590689.929, 86
Trd, 2590690.046, 104
Trd, 2590690.546, 85
Trd, 2590692.296, 84
Trd, 2590694.229, 93
Trd, 2590695.479, 95
Trd, 2590695.646, 95
Trd, 2590695.896, 93
Trd, 2590696.063, 102
Trd, 2590696.329, 106
Trd, 2590696.513, 92
Trd, 2590697.313, 94
Trd, 2590699.346, 97
Trd, 2590701.063, 97
Trd, 2590702.113, 95
Trd, 2590702.996, 98
Trd, 2590703.063, 95
Trd, 2590703.229, 105
Trd, 2590703.246, 113
Trd, 2590705.196, 105
Trd, 2590705.863, 95
Trd, 2590706.346, 95
Trd, 2590706.629, 93
Trd, 2590706.913, 92
Trd, 2590707.646, 91
Trd, 2590708.963, 96
Trd, 2590709.279, 98
Trd, 2590709.746, 86
Trd, 2590710.363, 84
Trd, 2590710.896, 89
Trd, 2590711.529, 90
Trd, 2590711.579, 90
Trd, 2590712.546, 108
Trd, 2590713.029, 108
Trd, 2590713.113, 108
Trd, 2590713.746, 108
Trd, 2590715.079, 110
Trd, 2590715.763, 107
Trd, 2590715.879, 111
Trd, 2590716.979, 92
Trd, 2590718.846, 112
Trd, 2590719.096, 119
Trd, 2590720.413, 89
Trd, 2590720.596, 114
Trd, 2590722.646, 92
Trd, 2590722.763, 102
Trd, 2590722.813, 90
Trd, 2590724.829, 93
Trd, 2590724.913, 96
Trd, 2590725.379, 98
Trd, 2590726.846, 89
Trd, 2590727.663, 95
Trd, 2590728.263, 96
Trd, 2590728.429, 101
Trd, 2590729.279, 93
Trd, 2590729.329, 91
Trd, 2590729.896, 84
Trd, 2590730.263, 84
Trd, 2590731.746, 92
Trd, 2590732.046, 92
Trd, 2590733.496, 109
Trd, 2590734.596, 86
Trd, 2590735.129, 84
Trd, 2590735.496, 82
Trd, 2590736.463, 110
Trd, 2590737.313, 102
Trd, 2590737.696, 96
Trd, 2590738.729, 97
Trd, 2590738.913, 100
Trd, 2590739.196, 99
Trd, 2590739.229, 98
Trd, 2590741.379, 100
Trd, 2590741.429, 92
Trd, 2590741.613, 91
Trd, 2590742.529, 95
Trd, 2590742.613, 96
Trd, 2590743.829, 95
Trd, 2590744.179, 93
Trd, 2590744.396, 93
Trd, 2590747.679, 91
Trd, 2590747.746, 90
Trd, 2590747.763, 101
Trd, 2590748.446, 82
Trd, 2590749.679, 90
Trd, 2590749.829, 105
Trd, 2590749.963, 98
Trd, 2590750.996, 106
Trd, 2590751.346, 95
Trd, 2590751.629, 93
Trd, 2590752.113, 87
Trd, 2590752.179, 96
Trd, 2590752.546, 83
Trd, 2590752.613, 81
Trd, 2590753.363, 101
Trd, 2590753.413, 97
Trd, 2590755.696, 106
Trd, 2590756.696, 107
Trd, 2590758.779, 95
Trd, 2590759.313, 94
Trd, 2590759.429, 92
Trd, 2590760.096, 89
Trd, 2590760.379, 93
Trd, 2590760.579, 88
Trd, 2590760.596, 98
Trd, 2590761.496, 88
Trd, 2590762.513, 102
Trd, 2590763.529, 87
Trd, 2590767.613, 115
Trd, 2590767.663, 113
Trd, 2590767.779, 109
Trd, 2590768.063, 106
Trd, 2590768.563, 102
Trd, 2590769.079, 92
Trd, 2590769.446, 102
Trd, 2590769.613, 90
Trd, 2590770.096, 90
Trd, 2590771.046, 87
Trd, 2590773.029, 85
Trd, 2590773.396, 91
Trd, 2590773.696, 84
Trd, 2590773.763, 86
Trd, 2590773.779, 99
Trd, 2590773.996, 100
Trd, 2590774.029, 81
Trd, 2590776.946, 90
Trd, 2590777.629, 87
Trd, 2590778.663, 96
Trd, 2590779.196, 100
Trd, 2590780.579, 97
Trd, 2590781.763, 105
Trd, 2590781.813, 98
Trd, 2590782.079, 108
Trd, 2590782.479, 97
Trd, 2590782.963, 108
Trd, 2590783.629, 96
Trd, 2590784.213, 94
Trd, 2590784.513, 91
Trd, 2590786.263, 92
Trd, 2590786.496, 104
Trd, 2590786.779, 110
Trd, 2590788.563, 95
Trd, 2590789.846, 94
Trd, 2590789.863, 107
Trd, 2590790.163, 93
Trd, 2590790.929, 96
Trd, 2590791.246, 91
Trd, 2590792.963, 85
Trd, 2590794.079, 96
Trd, 2590794.629, 86
Trd, 2590794.929, 86
Trd, 2590795.463, 99
Trd, 2590796.279, 84
Trd, 2590797.013, 84
Trd, 2590798.379, 85
Trd, 2590799.213, 86
Trd, 2590799.613, 101
Trd, 2590800.246, 105
Trd, 2590801.063, 113
Trd, 2590802.913, 95
Trd, 2590803.163, 87
Trd, 2590804.129, 98
Trd, 2590804.829, 92
Trd, 2590804.929, 97
Trd, 2590806.213, 89
Trd, 2590806.263, 88
Trd, 2590806.763, 88
Trd, 2590807.296, 86
Trd, 2590807.813, 95
Trd, 2590809.079, 98
Trd, 2590809.096, 100
Trd, 2590809.279, 82
Trd, 2590809.596, 106
Trd, 2590812.129, 85
Trd, 2590812.746, 84
Trd, 2590813.129, 98
Trd, 2590813.329, 101
Trd, 2590814.479, 85
Trd, 2590814.663, 84
Trd, 2590815.063, 114
Trd, 2590815.113, 99
Trd, 2590816.163, 118
Trd, 2590817.729, 87
Trd, 2590818.763, 86
Trd, 2590818.963, 106
Trd, 2590819.496, 84
Trd, 2590821.596, 84
Trd, 2590823.396, 83
Trd, 2590824.529, 92
Trd, 2590825.479, 94
Trd, 2590825.729, 98
Trd, 2590826.629, 93
Trd, 2590826.746, 103
Trd, 2590827.029, 92
Trd, 2590827.946, 95
Trd, 2590828.629, 94
Trd, 2590828.679, 94
Trd, 2590830.146, 93
Trd, 2590830.313, 92
Trd, 2590830.446, 91
Trd, 2590831.529, 88
Trd, 2590832.729, 107
Trd, 2590833.496, 97
Trd, 2590834.163, 98
Trd, 2590834.396, 92
Trd, 2590834.463, 102
Trd, 2590836.763, 104
Trd, 2590837.113, 123
Trd, 2590837.313, 104
Trd, 2590837.329, 104
Trd, 2590837.463, 107
Trd, 2590839.813, 107
Trd, 2590841.279, 101
Trd, 2590842.546, 103
Trd, 2590842.746, 99
Trd, 2590843.163, 96
Trd, 2590843.513, 104
Trd, 2590843.963, 109
Trd, 2590844.446, 94
Trd, 2590844.596, 90
Trd, 2590846.963, 106
Trd, 2590848.196, 93
Trd, 2590848.279, 114
Trd, 2590848.296, 91
Trd, 2590848.479, 110
Trd, 2590850.129, 102
Trd, 2590850.679, 90
Trd, 2590850.879, 101
Trd, 2590852.129, 90
Trd, 2590853.379, 88
Trd, 2590854.763, 106
Trd, 2590856.279, 115
Trd, 2590856.579, 93
Trd, 2590857.713, 95
Trd, 2590858.229, 96
Trd, 2590858.396, 95
Trd, 2590858.546, 95
Trd, 2590859.696, 97
Trd, 2590860.396, 91
Trd, 2590860.579, 97
Trd, 2590862.213, 88
Trd, 2590863.579, 84
Trd, 2590864.229, 82
Trd, 2590865.213, 96
Trd, 2590865.263, 98
Trd, 2590866.846, 93
Trd, 2590867.246, 101
Trd, 2590867.996, 92
Trd, 2590868.146, 110
Trd, 2590868.679, 90
Trd, 2590868.863, 90
Trd, 2590869.396, 105
Trd, 2590869.696, 89
Trd, 2590870.996, 88
Trd, 2590871.646, 104
Trd, 2590872.146, 87
Trd, 2590874.046, 99
Trd, 2590874.846, 85
Trd, 2590876.463, 98
Trd, 2590877.179, 95
Trd, 2590877.646, 94
Trd, 2590878.113, 98
Trd, 2590878.546, 88
Trd, 2590880.396, 88
Trd, 2590880.546, 87
Trd, 2590881.396, 99
Trd, 2590882.029, 94
Trd, 2590883.213, 90
Trd, 2590883.346, 91
Trd, 2590884.096, 86
Trd, 2590884.346, 84
Trd, 2590884.746, 85
Trd, 2590885.663, 84
Trd, 2590885.863, 110
Trd, 2590886.446, 90
Trd, 2590887.179, 110
Trd, 2590887.196, 86
Trd, 2590888.129, 103
Trd, 2590888.913, 111
Trd, 2590890.113, 103
Trd, 2590890.663, 113
Trd, 2590891.179, 103
Trd, 2590891.346, 99
Trd, 2590894.246, 105
Trd, 2590895.679, 118
Trd, 2590895.779, 104
Trd, 2590896.796, 118
Trd, 2590897.346, 106
Trd, 2590897.696, 107
Trd, 2590898.813, 102
Trd, 2590899.079, 97
Trd, 2590899.479, 88
Trd, 2590899.579, 101
Trd, 2590900.913, 105
Trd, 2590902.213, 84
Trd, 2590902.363, 102
Trd, 2590903.763, 90
Trd, 2590904.046, 90
Trd, 2590904.563, 99
Trd, 2590905.946, 94
Trd, 2590906.013, 94
Trd, 2590906.563, 98
Trd, 2590906.779, 87
Trd, 2590908.363, 101
Trd, 2590909.746, 102
Trd, 2590909.796, 96
Trd, 2590910.029, 111
Trd, 2590911.446, 97
Trd, 2590911.763, 118
Trd, 2590912.896, 94
Trd, 2590914.696, 94
Trd, 2590917.996, 96
Trd, 2590918.313, 95
Trd, 2590918.596, 95
Trd, 2590918.829, 92
Trd, 2590919.229, 106
Trd, 2590919.413, 91
Trd, 2590919.546, 93
Trd, 2590920.813, 99
Trd, 2590921.263, 87
Trd, 2590921.729, 86
Trd, 2590922.263, 93
Trd, 2590922.663, 90
Trd, 2590922.963, 96
Trd, 2590923.096, 94
Trd, 2590923.746, 98
Trd, 2590925.513, 93
Trd, 2590925.896, 101
Trd, 2590926.529, 94
Trd, 2590926.996, 100
Trd, 2590927.229, 91
Trd, 2590929.013, 101
Trd, 2590931.113, 92
Trd, 2590931.546, 93
Trd, 2590931.779, 94
Trd, 2590932.046, 92
Trd, 2590933.613, 91
Trd, 2590933.946, 92
Trd, 2590935.013, 93
Trd, 2590935.313, 91
Trd, 2590936.729, 91
Trd, 2590936.863, 95
Trd, 2590937.246, 89
Trd, 2590937.979, 98
Trd, 2590939.179, 102
Trd, 2590939.546, 87
Trd, 2590939.746, 105
Trd, 2590941.713, 96
Trd, 2590942.213, 95
Trd, 2590942.396, 96
Trd, 2590942.996, 95
Trd, 2590943.463, 92
Trd, 2590943.546, 91
Trd, 2590945.029, 84
Trd, 2590945.796, 88
Trd, 2590946.863, 98
Trd, 2590948.546, 100
Trd, 2590950.363, 96
Trd, 2590950.496, 101
Trd, 2590951.713, 98
Trd, 2590951.863, 96
Trd, 2590953.379, 101
Trd, 2590953.679, 100
Trd, 2590954.396, 101
Trd, 2590954.413, 92
Trd, 2590954.879, 92
Trd, 2590956.396, 101
Trd, 2590956.429, 105
Trd, 2590956.763, 120
Trd, 2590958.779, 105
Trd, 2590958.913, 95
Trd, 2590959.429, 90
Trd, 2590959.596, 85
Trd, 2590960.296, 85
Trd, 2590960.946, 83
Trd, 2590962.563, 101
Trd, 2590963.663, 97
Trd, 2590964.246, 100
Trd, 2590964.646, 98
Trd, 2590965.379, 96
Trd, 2590966.029, 88
Trd, 2590966.463, 100
Trd, 2590968.163, 101
Trd, 2590969.096, 92
Trd, 2590969.763, 94
Trd, 2590970.879, 93
Trd, 2590971.013, 105
Trd, 2590972.063, 89
Trd, 2590973.129, 89
Trd, 2590973.246, 85
Trd, 2590974.096, 83
Trd, 2590974.463, 105
Trd, 2590975.029, 89
Trd, 2590977.513, 94
Trd, 2590977.879, 98
Trd, 2590978.013, 95
Trd, 2590978.463, 94
Trd, 2590978.779, 93
Trd, 2590979.013, 92
Trd, 2590979.363, 86
Trd, 2590979.596, 85
Trd, 2590979.663, 105
Trd, 2590980.879, 118
Trd, 2590980.996, 93
Trd, 2590981.379, 112
Trd, 2590981.463, 121
Trd, 2590982.029, 111
Trd, 2590983.579, 98
Trd, 2590985.113, 114
Trd, 2590985.396, 116
Trd, 2590985.813, 96
Trd, 2590987.213, 92
Trd, 2590988.229, 92
Trd, 2590989.496, 94
Trd, 2590990.596, 102
Trd, 2590990.613, 88
Trd, 2590990.813, 87
Trd, 2590991.529, 99
Trd, 2590991.746, 97
Trd, 2590992.879, 93
Trd, 2590992.963, 91
Trd, 2590994.746, 91
Trd, 2590995.246, 94
Trd, 2590995.279, 94
Trd, 2590996.063, 94
Trd, 2590996.163, 86
Trd, 2590997.146, 94
Trd, 2590997.179, 105
Trd, 2590997.863, 84
Trd, 2590998.546, 85
Trd, 2590999.379, 110
Trd, 2590999.629, 120
Trd, 2591000.279, 86
Trd, 2591001.463, 91
Trd, 2591001.679, 101
Trd, 2591002.563, 113
Trd, 2591002.913, 101
Trd, 2591003.396, 111
Trd, 2591004.663, 121
Trd, 2591005.579, 115
Trd, 2591005.796, 114
Trd, 2591006.046, 128
Trd, 2591006.663, 111
Trd, 2591007.213, 108
Trd, 2591007.613, 105
Trd, 2591008.196, 102
Trd, 2591008.329, 97
Trd, 2591008.629, 96
Trd, 2591008.963, 116
Trd, 2591013.813, 95
Trd, 2591013.896, 92
Trd, 2591014.679, 110
Trd, 2591015.296, 117
Trd, 2591016.846, 90
Trd, 2591017.796, 91
Trd, 2591018.863, 104
Trd, 2591019.363, 94
Trd, 2591019.829, 102
Trd, 2591020.013, 107
Trd, 2591020.863, 96
Trd, 2591020.979, 93
Trd, 2591022.329, 85
Trd, 2591023.296, 98
Trd, 2591023.879, 89
Trd, 2591024.179, 93
Trd, 2591024.979, 85
Trd, 2591028.129, 89
Trd, 2591028.646, 92
Trd, 2591028.946, 84
Trd, 2591029.313, 98
Trd, 2591029.613, 84
Trd, 2591030.029, 95
Trd, 2591030.129, 89
Trd, 2591030.146, 88
Trd, 2591031.296, 101
Trd, 2591031.379, 107
Trd, 2591032.346, 97
Trd, 2591032.479, 95
Trd, 2591033.729, 93
Trd, 2591034.496, 91
Trd, 2591036.496, 104
Trd, 2591038.413, 93
Trd, 2591038.846, 98
Trd, 2591038.979, 93
Trd, 2591039.513, 87
Trd, 2591039.846, 88
Trd, 2591040.629, 98
Trd, 2591040.696, 83
Trd, 2591041.346, 102
Trd, 2591042.196, 85
Trd, 2591042.713, 93
Trd, 2591043.929, 101
Trd, 2591044.646, 84
Trd, 2591045.829, 89
Trd, 2591046.429, 83
Trd, 2591046.613, 83
Trd, 2591046.896, 102
Trd, 2591049.029, 87
Trd, 2591050.813, 101
Trd, 2591051.329, 102
Trd, 2591051.829, 115
Trd, 2591051.963, 87
Trd, 2591052.213, 89
Trd, 2591052.329, 87
Trd, 2591052.563, 117
Trd, 2591053.663, 87
Trd, 2591056.996, 93
Trd, 2591057.346, 116
Trd, 2591058.913, 88
Trd, 2591059.396, 85
Trd, 2591059.996, 100
Trd, 2591060.513, 105
Trd, 2591060.963, 102
Trd, 2591061.213, 99
Trd, 2591061.879, 98
Trd, 2591061.929, 96
Trd, 2591061.996, 95
Trd, 2591062.363, 101
Trd, 2591062.446, 105
Trd, 2591062.629, 97
Trd, 2591063.196, 92
Trd, 2591063.896, 83
Trd, 2591064.479, 99
Trd, 2591065.979, 91
Trd, 2591066.113, 104
Trd, 2591066.913, 98
Trd, 2591067.646, 94
Trd, 2591069.063, 100
Trd, 2591069.363, 88
Trd, 2591069.929, 111
Trd, 2591070.113, 91
Trd, 2591070.196, 99
Trd, 2591070.713, 94
Trd, 2591071.529, 93
Trd, 2591071.863, 101
Trd, 2591072.146, 118
Trd, 2591072.379, 86
Trd, 2591073.179, 85
Trd, 2591073.229, 85
Trd, 2591074.696, 104
Trd, 2591074.796, 97
Trd, 2591076.579, 95
Trd, 2591076.746, 93
Trd, 2591076.929, 92
Trd, 2591077.496, 105
Trd, 2591079.396, 101
Trd, 2591080.663, 88
Trd, 2591080.979, 98
Trd, 2591081.229, 90
Trd, 2591082.579, 84
Trd, 2591084.629, 96
Trd, 2591085.513, 102
Trd, 2591085.963, 94
Trd, 2591086.479, 105
Trd, 2591087.196, 102
Trd, 2591087.813, 96
Trd, 2591087.996, 93
Trd, 2591089.463, 103
Trd, 2591089.596, 106
Trd, 2591089.946, 90
Trd, 2591090.479, 91
Trd, 2591092.146, 100
Trd, 2591092.846, 100
Trd, 2591092.896, 98
Trd, 2591093.013, 101
Trd, 2591093.646, 96
Trd, 2591094.063, 95
Trd, 2591094.396, 115
Trd, 2591094.979, 95
Trd, 2591095.713, 95
Trd, 2591096.113, 91
Trd, 2591098.213, 91
Trd, 2591098.396, 91
Trd, 2591099.479, 89
Trd, 2591099.896, 98
Trd, 2591100.329, 112
Trd, 2591101.913, 109
Trd, 2591102.196, 120
Trd, 2591102.463, 106
Trd, 2591102.779, 121
Trd, 2591103.263, 117
Trd, 2591104.129, 116
Trd, 2591104.146, 107
Trd, 2591105.713, 99
Trd, 2591106.179, 99
Trd, 2591106.813, 102
Trd, 2591108.663, 98
Trd, 2591108.763, 101
Trd, 2591109.346, 102
Trd, 2591109.363, 96
Trd, 2591110.029, 94
Trd, 2591110.513, 92
Trd, 2591110.663, 91
Trd, 2591112.113, 96
Trd, 2591112.146, 93
Trd, 2591112.396, 98
Trd, 2591113.896, 91
Trd, 2591114.113, 91
Trd, 2591116.363, 95
Trd, 2591117.729, 90
Trd, 2591118.146, 98
Trd, 2591118.363, 102
Trd, 2591118.496, 121
Trd, 2591119.029, 99
Trd, 2591119.163, 95
Trd, 2591121.146, 94
Trd, 2591122.463, 93
Trd, 2591122.663, 91
Trd, 2591123.329, 86
Trd, 2591124.796, 84
Trd, 2591126.229, 87
Trd, 2591126.479, 98
Trd, 2591126.529, 86
Trd, 2591128.529, 84
Trd, 2591128.729, 91
Trd, 2591129.046, 98
Trd, 2591129.329, 91
Trd, 2591131.729, 103
Trd, 2591131.996, 100
Trd, 2591132.363, 99
Trd, 2591132.846, 98
Trd, 2591132.913, 101
Trd, 2591134.096, 96
Trd, 2591135.029, 90
Trd, 2591135.079, 96
Trd, 2591136.529, 91
Trd, 2591136.763, 105
Trd, 2591136.913, 109
Trd, 2591137.463, 94
Trd, 2591138.213, 93
Trd, 2591138.296, 92
Trd, 2591140.613, 99
Trd, 2591141.463, 92
Trd, 2591141.546, 91
Trd, 2591142.779, 102
Trd, 2591143.346, 84
Trd, 2591143.896, 121
Trd, 2591144.646, 125
Trd, 2591145.279, 87
Trd, 2591145.529, 101
Trd, 2591145.996, 90
Trd, 2591146.596, 91
Trd, 2591147.479, 100
Trd, 2591147.813, 91
Trd, 2591149.263, 100
Trd, 2591149.629, 89
Trd, 2591149.846, 87
Trd, 2591150.263, 86
Trd, 2591150.546, 84
Trd, 2591150.779, 84
Trd, 2591150.963, 103
Trd, 2591152.613, 96
Trd, 2591152.796, 86
Trd, 2591154.713, 96
Trd, 2591155.346, 94
Trd, 2591155.813, 78
Trd, 2591156.563, 84
Trd, 2591156.896, 91
Trd, 2591156.946, 100
Trd, 2591158.263, 106
Trd, 2591158.529, 105
Trd, 2591160.829, 108
Trd, 2591161.096, 96
Trd, 2591161.246, 93
Trd, 2591162.113, 91
Trd, 2591162.179, 90
Trd, 2591162.313, 87
Trd, 2591164.963, 103
Trd, 2591165.163, 102
Trd, 2591165.829, 101
Trd, 2591166.113, 99
Trd, 2591166.746, 90
Trd, 2591167.029, 100
Trd, 2591167.179, 110
Trd, 2591167.296, 86
Trd, 2591168.363, 111
Trd, 2591170.529, 118
Trd, 2591171.013, 102
Trd, 2591171.296, 98
Trd, 2591172.629, 115
Trd, 2591172.763, 98
Trd, 2591173.696, 97
Trd, 2591175.596, 105
Trd, 2591176.829, 92
Trd, 2591177.263, 90
Trd, 2591178.063, 102
Trd, 2591179.279, 91
Trd, 2591179.363, 100
Trd, 2591179.379, 91
Trd, 2591179.779, 90
Trd, 2591180.746, 92
Trd, 2591181.146, 101
Trd, 2591181.546, 85
Trd, 2591181.663, 84
Trd, 2591181.896, 106
Trd, 2591183.513, 107
Trd, 2591183.529, 124
Trd, 2591184.146, 106
Trd, 2591184.396, 102
Trd, 2591185.779, 100
Trd, 2591185.863, 99
Trd, 2591186.029, 86
Trd, 2591186.679, 90
Trd, 2591187.196, 90
Trd, 2591187.563, 100
Trd, 2591188.479, 101
Trd, 2591191.046, 100
Trd, 2591191.129, 105
Trd, 2591191.396, 97
Trd, 2591191.979, 118
Trd, 2591192.313, 88
Trd, 2591192.713, 123
Trd, 2591195.046, 84
Trd, 2591195.329, 83
Trd, 2591195.746, 83
Trd, 2591196.213, 100
Trd, 2591196.796, 82
Trd, 2591197.996, 100
Trd, 2591198.113, 101
Trd, 2591199.229, 98
Trd, 2591199.913, 94
Trd, 2591200.529, 109
Trd, 2591200.679, 106
Trd, 2591201.279, 106
Trd, 2591201.563, 105
Trd, 2591201.796, 103
Trd, 2591201.946, 98
Trd, 2591202.796, 96
Trd, 2591203.229, 97
Trd, 2591203.246, 84
Trd, 2591203.513, 98
Trd, 2591205.396, 94
Trd, 2591206.163, 93
Trd, 2591206.213, 92
Trd, 2591206.546, 86
Trd, 2591207.663, 86
Trd, 2591207.746, 87
Trd, 2591209.229, 83
Trd, 2591210.763, 101
Trd, 2591211.413, 93
Trd, 2591211.946, 90
Trd, 2591214.746, 95
Trd, 2591215.479, 97
Trd, 2591216.063, 99
Trd, 2591216.963, 90
Trd, 2591217.013, 102
Trd, 2591217.129, 103
Trd, 2591217.446, 89
Trd, 2591219.796, 104
Trd, 2591219.863, 108
Trd, 2591220.063, 98
Trd, 2591220.079, 114
Trd, 2591222.296, 95
Trd, 2591222.579, 93
Trd, 2591223.813, 91
Trd, 2591224.296, 96
Trd, 2591225.513, 97
Trd, 2591225.846, 91
Trd, 2591225.863, 98
Trd, 2591227.363, 94
Trd, 2591227.663, 91
Trd, 2591228.413, 93
Trd, 2591229.329, 93
Trd, 2591229.563, 92
Trd, 2591229.796, 106
Trd, 2591231.513, 103
Trd, 2591232.313, 111
Trd, 2591232.346, 109
Trd, 2591232.363, 109
Trd, 2591232.513, 115
Trd, 2591234.029, 119
Trd, 2591234.863, 98
Trd, 2591235.146, 104
Trd, 2591235.963, 114
Trd, 2591237.763, 97
Trd, 2591237.846, 107
Trd, 2591237.863, 94
Trd, 2591238.013, 87
Trd, 2591238.663, 85
Trd, 2591239.179, 82
Trd, 2591240.579, 88
Trd, 2591240.846, 90
Trd, 2591241.046, 98
Trd, 2591241.196, 104
Trd, 2591242.213, 86
Trd, 2591242.263, 84
Trd, 2591244.713, 101
Trd, 2591244.879, 106
Trd, 2591245.163, 101
Trd, 2591246.163, 104
Trd, 2591246.746, 99
Trd, 2591246.946, 98
Trd, 2591247.413, 102
Trd, 2591247.429, 96
Trd, 2591250.563, 94
Trd, 2591250.846, 91
Trd, 2591251.396, 90
Trd, 2591252.263, 102
Trd, 2591252.546, 102
Trd, 2591252.563, 89
Trd, 2591252.629, 84
Trd, 2591253.013, 103
Trd, 2591253.613, 84
Trd, 2591254.929, 92
Trd, 2591255.296, 91
Trd, 2591256.046, 105
Trd, 2591256.929, 92
Trd, 2591257.596, 91
Trd, 2591257.863, 86
Trd, 2591259.279, 94
Trd, 2591259.463, 96
Trd, 2591260.729, 90
Trd, 2591260.946, 101
Trd, 2591262.929, 100
Trd, 2591264.179, 98
Trd, 2591264.263, 97
Trd, 2591264.563, 95
Trd, 2591266.446, 103
Trd, 2591266.946, 104
Trd, 2591268.363, 88
Trd, 2591268.529, 101
Trd, 2591270.246, 102
Trd, 2591270.463, 94
Trd, 2591271.113, 88
Trd, 2591271.396, 103
Trd, 2591271.563, 89
Trd, 2591272.846, 92
Trd, 2591273.429, 94
Trd, 2591273.496, 93
Trd, 2591273.829, 92
Trd, 2591274.613, 86
Trd, 2591275.296, 88
Trd, 2591277.046, 106
Trd, 2591277.663, 83
Trd, 2591277.929, 110
Trd, 2591279.579, 97
Trd, 2591280.046, 98
Trd, 2591280.329, 92
Trd, 2591280.429, 105
Trd, 2591282.563, 90
Trd, 2591283.463, 89
Trd, 2591285.313, 95
Trd, 2591285.663, 93
Trd, 2591287.029, 95
Trd, 2591287.213, 89
Trd, 2591288.079, 98
Trd, 2591288.179, 108
Trd, 2591288.296, 88
Trd, 2591288.946, 87
Trd, 2591289.079, 86
Trd, 2591290.046, 103
Trd, 2591290.346, 87
Trd, 2591291.029, 85
Trd, 2591292.196, 90
Trd, 2591292.479, 84
Trd, 2591294.279, 101
Trd, 2591294.429, 103
Trd, 2591294.596, 89
Trd, 2591297.363, 102
Trd, 2591297.813, 101
Trd, 2591297.946, 99
Trd, 2591298.029, 98
Trd, 2591299.696, 101
Trd, 2591299.863, 97
Trd, 2591299.963, 96
Trd, 2591300.646, 93
Trd, 2591301.179, 102
Trd, 2591302.346, 104
Trd, 2591302.663, 93
Trd, 2591303.163, 87
Trd, 2591303.979, 98
Trd, 2591305.513, 91
Trd, 2591305.996, 90
Trd, 2591306.446, 99
Trd, 2591307.729, 101
Trd, 2591308.979, 103
Trd, 2591309.029, 105
Trd, 2591309.079, 96
Trd, 2591311.363, 106
Trd, 2591311.529, 100
Trd, 2591312.446, 107
Trd, 2591313.029, 102
Trd, 2591313.379, 101
Trd, 2591314.263, 101
Trd, 2591315.829, 104
Trd, 2591316.846, 106
Trd, 2591316.979, 105
Trd, 2591317.029, 104
Trd, 2591317.313, 98
Trd, 2591317.963, 95
Trd, 2591318.196, 94
Trd, 2591318.346, 105
Trd, 2591320.946, 109
Trd, 2591321.046, 95
Trd, 2591321.863, 89
Trd, 2591322.246, 84
Trd, 2591322.929, 83
Trd, 2591323.429, 89
Trd, 2591324.063, 91
Trd, 2591324.579, 95
Trd, 2591325.729, 88
Trd, 2591326.296, 84
Trd, 2591327.796, 87
Trd, 2591328.496, 87
Trd, 2591329.396, 92
Trd, 2591329.429, 95
Trd, 2591330.213, 91
Trd, 2591331.296, 95
Trd, 2591332.346, 98
Trd, 2591333.246, 95
Trd, 2591334.279, 94
Trd, 2591334.779, 96
Trd, 2591334.979, 96
Trd, 2591336.296, 96
Trd, 2591336.796, 93
Trd, 2591337.346, 103
Trd, 2591338.263, 89
Trd, 2591340.446, 88
Trd, 2591341.179, 89
Trd, 2591341.229, 102
Trd, 2591341.646, 89
Trd, 2591342.563, 100
Trd, 2591343.129, 90
Trd, 2591343.546, 91
Trd, 2591345.013, 98
Trd, 2591346.029, 99
Trd, 2591346.046, 94
Trd, 2591346.246, 92
Trd, 2591346.379, 91
Trd, 2591347.246, 91
Trd, 2591348.213, 91
Trd, 2591349.913, 87
Trd, 2591349.996, 88
Trd, 2591351.813, 90
Trd, 2591351.879, 89
Trd, 2591352.096, 86
Trd, 2591352.713, 87
Trd, 2591354.829, 89
Trd, 2591355.163, 91
Trd, 2591355.796, 102
Trd, 2591357.363, 102
Trd, 2591357.696, 91
Trd, 2591357.996, 94
Trd, 2591359.163, 91
Trd, 2591359.446, 93
Trd, 2591361.313, 94
Trd, 2591361.396, 92
Trd, 2591362.196, 90
Trd, 2591362.229, 93
Trd, 2591362.663, 88
Trd, 2591364.046, 90
Trd, 2591364.079, 88
Trd, 2591364.446, 90
Trd, 2591364.963, 83
Trd, 2591365.446, 98
Trd, 2591366.413, 101
Trd, 2591367.846, 104
Trd, 2591368.179, 95
Trd, 2591368.629, 90
Trd, 2591369.163, 87
Trd, 2591370.113, 93
Trd, 2591370.429, 94
Trd, 2591370.746, 95
Trd, 2591371.663, 89
Trd, 2591372.396, 94
Trd, 2591372.496, 90
Trd, 2591373.379, 91
Trd, 2591374.813, 95
Trd, 2591375.246, 92
Trd, 2591376.496, 95
Trd, 2591376.779, 88
Trd, 2591379.963, 95
Trd, 2591380.829, 88
Trd, 2591381.013, 93
Trd, 2591381.129, 88
Trd, 2591381.646, 87
Trd, 2591381.863, 88
Trd, 2591382.363, 90
Trd, 2591382.629, 91
Trd, 2591382.829, 88
Trd, 2591383.763, 98
Trd, 2591384.113, 102
Trd, 2591384.146, 86
Trd, 2591384.646, 84
Trd, 2591386.646, 115
Trd, 2591387.079, 115
Trd, 2591388.546, 105
Trd, 2591388.596, 102
Trd, 2591389.163, 104
Trd, 2591389.346, 97
Trd, 2591389.513, 94
Trd, 2591390.013, 106
Trd, 2591391.229, 94
Trd, 2591393.113, 86
Trd, 2591394.096, 83
Trd, 2591394.629, 87
Trd, 2591395.363, 90
Trd, 2591395.963, 86
Trd, 2591397.146, 94
Trd, 2591398.813, 93
Trd, 2591399.096, 98
Trd, 2591399.629, 105
Trd, 2591399.663, 97
Trd, 2591399.929, 97
Trd, 2591399.979, 96
Trd, 2591400.746, 94
Trd, 2591401.096, 110
Trd, 2591401.713, 92
Trd, 2591403.113, 87
Trd, 2591403.263, 99
Trd, 2591404.029, 84
Trd, 2591405.446, 95
Trd, 2591406.929, 91
Trd, 2591408.029, 88
Trd, 2591408.829, 87
Trd, 2591409.563, 87
Trd, 2591410.663, 87
Trd, 2591410.796, 98
Trd, 2591410.979, 86
Trd, 2591411.613, 89
Trd, 2591412.129, 105
Trd, 2591413.079, 101
Trd, 2591413.346, 90
Trd, 2591414.346, 99
Trd, 2591414.813, 99
Trd, 2591415.096, 89
Trd, 2591415.329, 89
Trd, 2591415.696, 88
Trd, 2591415.713, 102
Trd, 2591418.246, 102
Trd, 2591418.679, 98
Trd, 2591420.513, 90
Trd, 2591420.596, 86
Trd, 2591421.246, 83
Trd, 2591421.613, 84
Trd, 2591422.179, 94
Trd, 2591423.929, 94
Trd, 2591424.029, 92
Trd, 2591424.679, 95
Trd, 2591425.313, 94
Trd, 2591426.779, 101
Trd, 2591426.963, 91
Trd, 2591428.546, 90
Trd, 2591429.063, 94
Trd, 2591429.413, 86
Trd, 2591430.796, 88
Trd, 2591431.429, 98
Trd, 2591431.496, 88
Trd, 2591434.029, 92
Trd, 2591434.946, 93
Trd, 2591435.929, 90
Trd, 2591436.713, 97
Trd, 2591436.763, 102
Trd, 2591437.246, 87
Trd, 2591437.429, 86
Trd, 2591437.563, 84
Trd, 2591437.963, 98
Trd, 2591439.496, 89
Trd, 2591440.196, 92
Trd, 2591440.979, 83
Trd, 2591441.096, 95
Trd, 2591441.329, 105
Trd, 2591441.913, 105
Trd, 2591443.529, 96
Trd, 2591444.879, 109
Trd, 2591445.246, 110
Trd, 2591445.596, 118
Trd, 2591447.063, 111
Trd, 2591447.146, 113
Trd, 2591447.179, 110
Trd, 2591447.996, 105
Trd, 2591448.529, 103
Trd, 2591448.963, 101
Trd, 2591449.613, 94
Trd, 2591449.746, 92
Trd, 2591450.213, 90
Trd, 2591451.113, 88
Trd, 2591452.796, 87
Trd, 2591452.896, 94
Trd, 2591453.679, 89
Trd, 2591453.846, 88
Trd, 2591455.013, 100
Trd, 2591457.629, 91
Trd, 2591457.763, 97
Trd, 2591458.079, 89
Trd, 2591458.096, 98
Trd, 2591458.596, 102
Trd, 2591459.313, 99
Trd, 2591460.563, 93
Trd, 2591460.846, 90
Trd, 2591462.913, 106
Trd, 2591463.129, 89
Trd, 2591464.313, 101
Trd, 2591464.796, 98
Trd, 2591464.896, 107
Trd, 2591465.296, 84
Trd, 2591465.696, 93
Trd, 2591466.046, 114
Trd, 2591466.446, 118
Trd, 2591468.313, 99
Trd, 2591468.646, 95
Trd, 2591469.296, 85
Trd, 2591469.429, 84
Trd, 2591471.629, 102
Trd, 2591472.146, 102
Trd, 2591472.463, 87
Trd, 2591473.379, 102
Trd, 2591474.179, 86
Trd, 2591474.546, 84
Trd, 2591474.913, 87
Trd, 2591475.613, 99
Trd, 2591475.929, 97
Trd, 2591476.063, 104
Trd, 2591476.496, 87
Trd, 2591479.563, 99
Trd, 2591479.863, 91
Trd, 2591480.113, 100
Trd, 2591480.629, 103
Trd, 2591481.296, 93
Trd, 2591483.513, 89
Trd, 2591483.563, 93
Trd, 2591483.896, 88
Trd, 2591485.046, 102
Trd, 2591485.129, 86
Trd, 2591485.763, 86
Trd, 2591485.979, 95
Trd, 2591486.129, 91
Trd, 2591487.246, 103
Trd, 2591487.629, 84
Trd, 2591488.396, 104
Trd, 2591489.329, 106
Trd, 2591491.379, 104
Trd, 2591492.479, 93
Trd, 2591492.929, 119
Trd, 2591493.496, 89
Trd, 2591494.429, 97
Trd, 2591494.579, 118
Trd, 2591494.596, 95
Trd, 2591495.146, 108
Trd, 2591495.996, 94
Trd, 2591497.229, 110
Trd, 2591497.879, 118
Trd, 2591499.296, 101
Trd, 2591499.529, 100
Trd, 2591500.046, 98
Trd, 2591500.163, 95
Trd, 2591501.213, 111
Trd, 2591502.696, 91
Trd, 2591502.929, 91
Trd, 2591505.246, 88
Trd, 2591506.429, 99
Trd, 2591506.879, 108
Trd, 2591507.513, 97
Trd, 2591507.563, 94
Trd, 2591508.163, 87
Trd, 2591508.579, 126
Trd, 2591509.229, 116
Trd, 2591509.929, 113
Trd, 2591510.546, 108
Trd, 2591510.629, 97
Trd, 2591510.929, 94
Trd, 2591510.946, 94
Trd, 2591512.546, 98
Trd, 2591514.579, 99
Trd, 2591515.246, 98
Trd, 2591516.713, 89
Trd, 2591516.729, 87
Trd, 2591518.196, 86
Trd, 2591518.763, 91
Trd, 2591518.879, 92
Trd, 2591519.479, 89
Trd, 2591519.996, 103
Trd, 2591520.079, 89
Trd, 2591520.363, 88
Trd, 2591523.113, 85
Trd, 2591523.429, 97
Trd, 2591523.879, 94
Trd, 2591523.929, 98
Trd, 2591524.629, 88
Trd, 2591524.729, 84
Trd, 2591525.629, 83
Trd, 2591526.746, 81
Trd, 2591527.329, 105
Trd, 2591527.513, 91
Trd, 2591528.829, 106
Trd, 2591529.863, 94
Trd, 2591530.979, 83
Trd, 2591532.263, 103
Trd, 2591532.763, 94
Trd, 2591533.046, 92
Trd, 2591533.763, 102
Trd, 2591533.963, 92
Trd, 2591534.429, 92
Trd, 2591534.679, 102
Trd, 2591535.446, 90
Trd, 2591537.379, 103
Trd, 2591537.713, 97
Trd, 2591538.763, 103
Trd, 2591539.379, 104
Trd, 2591539.429, 95
Trd, 2591540.163, 93
Trd, 2591540.313, 91
Trd, 2591542.313, 91
Trd, 2591544.063, 104
Trd, 2591545.446, 104
Trd, 2591546.013, 99
Trd, 2591546.513, 104
Trd, 2591547.246, 99
Trd, 2591547.379, 98
Trd, 2591547.479, 97
Trd, 2591550.079, 87
Trd, 2591550.296, 93
Trd, 2591550.446, 103
Trd, 2591550.929, 108
Trd, 2591551.013, 86
Trd, 2591551.946, 114
Trd, 2591552.796, 104
Trd, 2591553.279, 106
Trd, 2591553.296, 98
Trd, 2591553.896, 97
Trd, 2591554.163, 95
Trd, 2591557.729, 105
Trd, 2591557.963, 104
Trd, 2591558.929, 104
Trd, 2591559.896, 97
Trd, 2591559.979, 93
Trd, 2591560.063, 103
Trd, 2591560.529, 92
Trd, 2591560.829, 90
Trd, 2591561.163, 101
Trd, 2591563.029, 84
Trd, 2591563.113, 89
Trd, 2591563.763, 86
Trd, 2591564.196, 99
Trd, 2591565.713, 99
Trd, 2591566.713, 105
Trd, 2591567.396, 94
Trd, 2591567.513, 86
Trd, 2591568.646, 107
Trd, 2591569.329, 93
Trd, 2591569.379, 110
Trd, 2591569.463, 109
Trd, 2591569.646, 106
Trd, 2591570.929, 98
Trd, 2591571.379, 90
Trd, 2591572.663, 92
Trd, 2591572.913, 89
Trd, 2591573.029, 89
Trd, 2591573.346, 91
Trd, 2591573.729, 86
Trd, 2591573.996, 85
Trd, 2591575.079, 94
Trd, 2591575.379, 98
Trd, 2591576.229, 116
Trd, 2591578.546, 91
Trd, 2591579.013, 91
Trd, 2591579.529, 98
Trd, 2591579.846, 89
Trd, 2591581.446, 93
Trd, 2591581.946, 92
Trd, 2591582.546, 92
Trd, 2591582.663, 87
Trd, 2591583.413, 87
Trd, 2591585.996, 95
Trd, 2591586.013, 97
Trd, 2591586.079, 85
Trd, 2591586.346, 101
Trd, 2591586.879, 97
Trd, 2591587.129, 95
Trd, 2591587.429, 86
Trd, 2591588.413, 105
Trd, 2591588.729, 108
Trd, 2591589.313, 89
Trd, 2591590.979, 82
Trd, 2591592.296, 99
Trd, 2591593.163, 101
Trd, 2591593.579, 111
Trd, 2591594.046, 101
Trd, 2591595.429, 115
Trd, 2591596.063, 119
Trd, 2591597.263, 112
Trd, 2591597.879, 105
Trd, 2591598.046, 114
Trd, 2591598.496, 102
Trd, 2591599.479, 102
Trd, 2591599.796, 97
Trd, 2591600.463, 91
Trd, 2591602.629, 85
Trd, 2591603.296, 98
Trd, 2591603.346, 99
Trd, 2591603.929, 85
Trd, 2591604.113, 85
Trd, 2591605.013, 89
Trd, 2591605.296, 84
Trd, 2591606.713, 87
Trd, 2591606.779, 91
Trd, 2591607.563, 85
Trd, 2591608.296, 84
Trd, 2591609.946, 94
Trd, 2591610.729, 95
Trd, 2591611.163, 92
Trd, 2591612.613, 94
Trd, 2591612.696, 98
Trd, 2591613.713, 94
Trd, 2591614.279, 90
Trd, 2591614.796, 100
Trd, 2591614.913, 101
Trd, 2591615.013, 89
Trd, 2591615.146, 88
Trd, 2591616.246, 87
Trd, 2591616.679, 102
Trd, 2591617.279, 82
Trd, 2591618.513, 104
Trd, 2591619.146, 87
Trd, 2591619.396, 89
Trd, 2591620.263, 102
Trd, 2591621.346, 93
Trd, 2591622.679, 94
Trd, 2591623.329, 93
Trd, 2591623.929, 91
Trd, 2591623.979, 106
Trd, 2591624.646, 100
Trd, 2591625.646, 91
Trd, 2591626.429, 92
Trd, 2591626.546, 102
Trd, 2591626.713, 94
Trd, 2591626.896, 89
Trd, 2591626.979, 107
Trd, 2591628.179, 108
Trd, 2591630.929, 97
Trd, 2591632.013, 95
Trd, 2591632.029, 96
Trd, 2591632.096, 95
Trd, 2591633.963, 98
Trd, 2591634.713, 95
Trd, 2591635.046, 110
Trd, 2591635.313, 111
Trd, 2591635.846, 98
Trd, 2591636.163, 97
Trd, 2591637.446, 98
Trd, 2591638.013, 103
Trd, 2591639.213, 106
Trd, 2591639.929, 102
Trd, 2591640.796, 104
Trd, 2591641.279, 100
Trd, 2591642.246, 96
Trd, 2591643.279, 107
Trd, 2591645.713, 103
Trd, 2591646.129, 96
Trd, 2591646.446, 95
Trd, 2591647.396, 93
Trd, 2591649.963, 94
Trd, 2591650.779, 93
Trd, 2591650.963, 97
Trd, 2591651.029, 91
Trd, 2591652.046, 98
Trd, 2591652.596, 97
Trd, 2591652.896, 108
Trd, 2591653.363, 93
Trd, 2591653.513, 92
Trd, 2591653.846, 98
Trd, 2591654.613, 100
Trd, 2591654.879, 93
Trd, 2591654.963, 104
Trd, 2591656.929, 111
Trd, 2591656.979, 112
Trd, 2591656.996, 100
Trd, 2591657.029, 114
Trd, 2591657.046, 98
Trd, 2591657.079, 86
Trd, 2591659.263, 118
Trd, 2591660.779, 101
Trd, 2591661.379, 100
Trd, 2591663.813, 94
Trd, 2591664.329, 94
Trd, 2591665.446, 92
Trd, 2591665.546, 91
Trd, 2591668.279, 96
Trd, 2591668.696, 95
Trd, 2591669.746, 105
Trd, 2591670.013, 105
Trd, 2591670.046, 101
Trd, 2591670.546, 120
Trd, 2591670.746, 115
Trd, 2591671.663, 109
Trd, 2591671.846, 108
Trd, 2591672.046, 105
Trd, 2591672.963, 100
Trd, 2591674.096, 97
Trd, 2591675.496, 102
Trd, 2591675.963, 105
Trd, 2591676.563, 87
Trd, 2591677.529, 91
Trd, 2591677.579, 98
Trd, 2591677.896, 123
Trd, 2591678.279, 95
Trd, 2591678.513, 90
Trd, 2591679.179, 88
Trd, 2591680.629, 95
Trd, 2591681.963, 92
Trd, 2591682.329, 124
Trd, 2591682.396, 91
Trd, 2591682.996, 116
Trd, 2591684.913, 89
Trd, 2591685.096, 86
Trd, 2591685.179, 104
Trd, 2591686.596, 89
Trd, 2591686.896, 85
Trd, 2591687.713, 87
Trd, 2591689.829, 88
Trd, 2591690.013, 87
Trd, 2591690.596, 83
Trd, 2591690.863, 81
Trd, 2591691.463, 89
Trd, 2591692.563, 114
Trd, 2591693.496, 94
Trd, 2591695.379, 97
Trd, 2591695.463, 92
Trd, 2591695.763, 92
Trd, 2591696.013, 91
Trd, 2591696.396, 98
Trd, 2591697.763, 88
Trd, 2591698.546, 87
Trd, 2591698.813, 86
Trd, 2591700.629, 93
Trd, 2591700.646, 91
Trd, 2591700.929, 94
Trd, 2591701.246, 97
Trd, 2591702.196, 88
Trd, 2591702.963, 88
Trd, 2591703.746, 88
Trd, 2591703.796, 98
Trd, 2591703.879, 94
Trd, 2591703.929, 86
Trd, 2591705.263, 92
Trd, 2591706.929, 104
Trd, 2591706.963, 103
Trd, 2591707.629, 105
Trd, 2591708.413, 107
Trd, 2591708.913, 115
Trd, 2591709.996, 117
Trd, 2591710.029, 115
Trd, 2591710.229, 118
Trd, 2591710.846, 105
Trd, 2591711.346, 102
Trd, 2591713.813, 97
Trd, 2591713.913, 86
Trd, 2591715.396, 100
Trd, 2591717.379, 89
Trd, 2591717.496, 90
Trd, 2591719.013, 90
Trd, 2591719.863, 91
Trd, 2591720.329, 89
Trd, 2591720.396, 98
Trd, 2591720.946, 103
Trd, 2591721.629, 106
Trd, 2591721.779, 86
Trd, 2591723.046, 96
Trd, 2591723.279, 83
Trd, 2591724.163, 84
Trd, 2591725.846, 87
Trd, 2591726.129, 84
Trd, 2591726.229, 96
Trd, 2591727.379, 109
Trd, 2591727.696, 91
Trd, 2591728.596, 84
Trd, 2591728.679, 94
Trd, 2591728.796, 86
Trd, 2591729.513, 87
Trd, 2591731.096, 86
Trd, 2591731.346, 96
Trd, 2591731.913, 98
Trd, 2591733.479, 102
Trd, 2591733.763, 103
Trd, 2591733.846, 105
Trd, 2591734.063, 92
Trd, 2591735.846, 89
Trd, 2591738.696, 84
Trd, 2591738.813, 81
Trd, 2591738.913, 77
Trd, 2591739.729, 86
Trd, 2591741.663, 84
Trd, 2591743.379, 95
Trd, 2591743.896, 98
Trd, 2591744.679, 88
Trd, 2591744.813, 88
Trd, 2591745.463, 93
Trd, 2591746.179, 92
Trd, 2591747.179, 90
Trd, 2591747.879, 101
Trd, 2591748.396, 90
Trd, 2591748.729, 90
Trd, 2591750.696, 101
Trd, 2591750.929, 89
Trd, 2591752.746, 101
Trd, 2591753.346, 105
Trd, 2591753.479, 86
Trd, 2591753.829, 112
Trd, 2591754.513, 84
Trd, 2591755.529, 89
Trd, 2591756.129, 81
Trd, 2591756.279, 90
Trd, 2591757.296, 86
Trd, 2591757.396, 91
Trd, 2591758.513, 96
Trd, 2591758.996, 94
Trd, 2591759.979, 88
Trd, 2591761.046, 103
Trd, 2591761.729, 95
Trd, 2591762.579, 86
Trd, 2591762.629, 86
Trd, 2591762.646, 86
Trd, 2591763.713, 83
Trd, 2591765.196, 90
Trd, 2591765.546, 90
Trd, 2591765.913, 102
Trd, 2591766.946, 91
Trd, 2591767.379, 88
Trd, 2591767.563, 85
Trd, 2591770.546, 101
Trd, 2591770.596, 99
Trd, 2591771.446, 102
Trd, 2591771.529, 103
Trd, 2591772.129, 100
Trd, 2591773.629, 113
Trd, 2591773.979, 117
Trd, 2591775.063, 101
Trd, 2591776.479, 99
Trd, 2591776.896, 104
Trd, 2591776.946, 98
Trd, 2591777.029, 96
Trd, 2591777.246, 93
Trd, 2591779.346, 106
Trd, 2591779.796, 109
Trd, 2591780.813, 94
Trd, 2591781.579, 94
Trd, 2591782.279, 92
Trd, 2591782.346, 92
Trd, 2591782.463, 96
Trd, 2591782.479, 101
Trd, 2591783.813, 99
Trd, 2591784.179, 101
Trd, 2591784.429, 88
Trd, 2591784.596, 86
Trd, 2591784.779, 90
Trd, 2591784.913, 84
Trd, 2591785.813, 81
Trd, 2591786.296, 94
Trd, 2591786.979, 84
Trd, 2591787.296, 85
Trd, 2591789.179, 91
Trd, 2591789.863, 95
Trd, 2591791.013, 99
Trd, 2591791.413, 91
Trd, 2591792.063, 92
Trd, 2591792.263, 100
Trd, 2591793.196, 101
Trd, 2591795.113, 100
Trd, 2591796.229, 101
Trd, 2591796.929, 97
Trd, 2591798.179, 96
Trd, 2591798.646, 94
Trd, 2591798.696, 102
Trd, 2591798.896, 91
Trd, 2591799.663, 103
Trd, 2591799.746, 107
Trd, 2591800.346, 115
Trd, 2591801.146, 90
Trd, 2591801.363, 88
Trd, 2591802.196, 84
Trd, 2591802.596, 111
Trd, 2591803.779, 88
Trd, 2591804.263, 104
Trd, 2591804.529, 89
Trd, 2591805.913, 109
Trd, 2591807.479, 113
Trd, 2591807.579, 113
Trd, 2591807.846, 115
Trd, 2591808.029, 108
Trd, 2591808.963, 94
Trd, 2591809.163, 92
Trd, 2591809.463, 86
Trd, 2591810.429, 94
Trd, 2591811.146, 85
Trd, 2591812.546, 118
Trd, 2591812.579, 93
Trd, 2591814.196, 88
Trd, 2591814.279, 94
Trd, 2591815.146, 100
Trd, 2591815.596, 95
Trd, 2591815.646, 92
Trd, 2591816.079, 87
Trd, 2591816.329, 86
Trd, 2591816.363, 101
Trd, 2591817.813, 84
Trd, 2591819.163, 102
Trd, 2591819.496, 101
Trd, 2591820.146, 100
Trd, 2591820.496, 101
Trd, 2591820.779, 102
Trd, 2591820.979, 97
Trd, 2591822.729, 106
Trd, 2591823.246, 88
Trd, 2591823.363, 86
Trd, 2591823.429, 109
Trd, 2591824.113, 118
Trd, 2591824.779, 119
Trd, 2591826.663, 111
Trd, 2591827.796, 108
Trd, 2591829.596, 105
Trd, 2591829.913, 109
Trd, 2591830.079, 97
Trd, 2591830.513, 96
Trd, 2591830.563, 96
Trd, 2591831.229, 99
Trd, 2591832.079, 105
Trd, 2591832.113, 90
Trd, 2591833.329, 95
Trd, 2591833.996, 95
Trd, 2591834.513, 92
Trd, 2591834.563, 101
Trd, 2591835.479, 84
Trd, 2591835.563, 83
Trd, 2591836.746, 118
Trd, 2591836.996, 91
Trd, 2591837.646, 92
Trd, 2591837.829, 91
Trd, 2591838.513, 90
Trd, 2591840.813, 88
Trd, 2591841.263, 95
Trd, 2591842.179, 93
Trd, 2591842.413, 87
Trd, 2591843.363, 98
Trd, 2591844.096, 90
Trd, 2591844.779, 101
Trd, 2591844.879, 89
Trd, 2591845.113, 88
Trd, 2591845.413, 105
Trd, 2591846.329, 108
Trd, 2591847.996, 106
Trd, 2591848.463, 86
Trd, 2591849.129, 88
Trd, 2591849.696, 88
Trd, 2591850.313, 89
Trd, 2591851.263, 89
Trd, 2591851.696, 88
Trd, 2591851.779, 87
Trd, 2591854.496, 84
Trd, 2591854.696, 85
Trd, 2591854.763, 84
Trd, 2591855.863, 80
Trd, 2591856.496, 93
Trd, 2591856.696, 82
Trd, 2591857.546, 95
Trd, 2591858.179, 98
Trd, 2591858.279, 93
Trd, 2591858.363, 105
Trd, 2591859.046, 91
Trd, 2591860.879, 91
Trd, 2591860.996, 82
Trd, 2591862.196, 96
Trd, 2591862.863, 99
Trd, 2591863.163, 100
Trd, 2591863.346, 104
Trd, 2591865.296, 110
Trd, 2591866.129, 96
Trd, 2591866.413, 92
Trd, 2591866.913, 98
Trd, 2591867.546, 90
Trd, 2591868.296, 99
Trd, 2591869.479, 103
Trd, 2591869.896, 93
Trd, 2591871.996, 114
Trd, 2591872.496, 114
Trd, 2591872.846, 99
Trd, 2591874.246, 85
Trd, 2591874.763, 84
Trd, 2591874.829, 113
Trd, 2591876.546, 84
Trd, 2591876.929, 83
Trd, 2591877.679, 79
Trd, 2591877.979, 118
Trd, 2591879.346, 91
Trd, 2591879.713, 98
Trd, 2591880.096, 82
Trd, 2591880.413, 99
Trd, 2591881.179, 86
Trd, 2591881.313, 86
Trd, 2591883.179, 91
Trd, 2591883.496, 106
Trd, 2591883.946, 101
Trd, 2591884.829, 92
Trd, 2591886.313, 94
Trd, 2591886.363, 93
Trd, 2591886.563, 91
Trd, 2591887.096, 90
Trd, 2591888.613, 108
Trd, 2591889.713, 93
Trd, 2591889.979, 93
Trd, 2591890.529, 85
Trd, 2591890.979, 90
Trd, 2591891.246, 84
Trd, 2591891.263, 102
Trd, 2591891.429, 82
Trd, 2591893.079, 109
Trd, 2591894.463, 91
Trd, 2591895.279, 85
Trd, 2591897.079, 94
Trd, 2591897.246, 87
Trd, 2591897.563, 95
Trd, 2591897.863, 100
Trd, 2591898.196, 88
Trd, 2591898.246, 85
Trd, 2591898.363, 101
Trd, 2591898.596, 84
Trd, 2591899.279, 80
Trd, 2591900.763, 80
Trd, 2591900.979, 79
Trd, 2591901.796, 91
Trd, 2591902.263, 104
Trd, 2591903.563, 115
Trd, 2591904.396, 90
Trd, 2591906.963, 98
Trd, 2591907.279, 103
Trd, 2591907.746, 103
Trd, 2591910.646, 88
Trd, 2591910.729, 97
Trd, 2591911.546, 98
Trd, 2591911.979, 100
Trd, 2591912.479, 107
Trd, 2591912.679, 93
Trd, 2591913.279, 84
Trd, 2591913.846, 91
Trd, 2591914.929, 83
Trd, 2591915.196, 83
Trd, 2591915.929, 89
Trd, 2591916.196, 89
Trd, 2591916.446, 92
Trd, 2591917.713, 119
Trd, 2591918.213, 91
Trd, 2591919.179, 92
Trd, 2591919.613, 103
Trd, 2591919.846, 104
Trd, 2591920.629, 88
Trd, 2591921.579, 101
Trd, 2591924.563, 96
Trd, 2591924.679, 109
Trd, 2591925.479, 109
Trd, 2591925.529, 124
Trd, 2591925.763, 94
Trd, 2591926.296, 93
Trd, 2591926.363, 115
Trd, 2591926.513, 92
Trd, 2591927.663, 95
Trd, 2591927.913, 89
Trd, 2591929.746, 91
Trd, 2591932.696, 105
Trd, 2591933.013, 91
Trd, 2591933.646, 90
Trd, 2591934.129, 88
Trd, 2591934.296, 88
Trd, 2591934.346, 102
Trd, 2591935.279, 100
Trd, 2591935.313, 87
Trd, 2591936.346, 86
Trd, 2591936.896, 84
Trd, 2591937.263, 106
Trd, 2591938.279, 93
Trd, 2591938.713, 86
Trd, 2591941.213, 88
Trd, 2591942.213, 88
Trd, 2591942.646, 87
Trd, 2591943.196, 88
Trd, 2591944.546, 84
Trd, 2591945.029, 84
Trd, 2591945.063, 91
Trd, 2591946.496, 86
Trd, 2591946.696, 79
Trd, 2591946.996, 98
Trd, 2591947.429, 82
Trd, 2591947.479, 104
Trd, 2591948.563, 83
Trd, 2591949.179, 84
Trd, 2591950.213, 103
Trd, 2591953.346, 90
Trd, 2591954.096, 90
Trd, 2591954.679, 91
Trd, 2591954.979, 88
Trd, 2591955.063, 88
Trd, 2591955.313, 85
Trd, 2591955.663, 96
Trd, 2591956.696, 101
Trd, 2591957.113, 105
Trd, 2591957.613, 83
Trd, 2591958.613, 82
Trd, 2591958.913, 103
Trd, 2591961.563, 99
Trd, 2591961.846, 101
Trd, 2591963.179, 103
Trd, 2591963.829, 111
Trd, 2591964.413, 111
Trd, 2591964.646, 111
Trd, 2591964.746, 110
Trd, 2591965.313, 113
Trd, 2591965.829, 97
Trd, 2591967.296, 83
Trd, 2591968.063, 88
Trd, 2591969.213, 86
Trd, 2591970.546, 98
Trd, 2591970.563, 101
Trd, 2591971.996, 106
Trd, 2591972.063, 90
Trd, 2591973.296, 107
Trd, 2591973.379, 91
Trd, 2591974.796, 90
Trd, 2591976.946, 100
Trd, 2591977.463, 92
Trd, 2591978.546, 104
Trd, 2591978.613, 88
Trd, 2591980.346, 110
Trd, 2591980.413, 94
Trd, 2591980.929, 92
Trd, 2591981.213, 102
Trd, 2591981.729, 91
Trd, 2591982.546, 101
Trd, 2591983.579, 98
Trd, 2591983.779, 97
Trd, 2591984.413, 96
Trd, 2591985.029, 100
Trd, 2591985.846, 100
Trd, 2591989.396, 89
Trd, 2591990.496, 89
Trd, 2591990.596, 101
Trd, 2591990.896, 115
Trd, 2591991.013, 89
Trd, 2591991.296, 96
Trd, 2591992.296, 107
Trd, 2591992.463, 87
Trd, 2591992.529, 85
Trd, 2591992.813, 84
Trd, 2591992.963, 104
Trd, 2591994.879, 106
Trd, 2591995.379, 96
Trd, 2591995.929, 86
Trd, 2591996.029, 85
Trd, 2591996.913, 104
Trd, 2591997.546, 109
Trd, 2591999.663, 84
