Trd, 2590645.346, 88
Trd, 2590646.179, 93
Trd, 2590646.613, 91
Trd, 2590647.029, 89
Trd, 2590649.113, 101
Trd, 2590649.196, 103
Trd, 2590649.363, 82
Trd, 2590650.079, 96
Trd, 2590650.329, 86
Trd, 2590651.146, 81
Trd, 2590651.363, 85
Trd, 2590651.513, 98
Trd, 2590651.529, 103
Trd, 2590652.429, 82
Trd, 2590654.013, 100
Trd, 2590656.179, 104
Trd, 2590656.379, 97
Trd, 2590657.246, 90
Trd, 2590657.613, 93
Trd, 2590658.463, 92
Trd, 2590658.479, 109
Trd, 2590658.713, 89
Trd, 2590661.079, 91
Trd, 2590662.096, 97
Trd, 2590662.779, 95
Trd, 2590663.279, 92
Trd, 2590663.363, 90
Trd, 2590665.046, 93
Trd, 2590666.196, 88
Trd, 2590667.146, 102
Trd, 2590667.246, 89
Trd, 2590668.246, 104
Trd, 2590668.396, 106
Trd, 2590669.546, 101
Trd, 2590669.579, 87
Trd, 2590670.463, 93
Trd, 2590670.696, 102
Trd, 2590671.496, 102
Trd, 2590671.746, 101
Trd, 2590672.996, 97
Trd, 2590673.613, 94
Trd, 2590673.646, 95
Trd, 2590674.096, 92
Trd, 2590674.979, 124
Trd, 2590676.713, 94
Trd, 2590677.579, 108
Trd, 2590678.996, 105
Trd, 2590680.513, 105
Trd, 2590680.646, 98
Trd, 2590680.963, 96
Trd, 2590682.046, 99
Trd, 2590682.196, 93
Trd, 2590683.046, 87
Trd, 2590683.263, 118
Trd, 2590685.146, 109
Trd, 2590685.263, 87
Trd, 2590685.313, 83
Trd, 2590685.629, 104
Trd, 2590686.379, 93
Trd, 2590687.046, 91
Trd, 2590687.379, 84
Trd, 2590687.713, 94
Trd, 2590688.363, 104
Trd, 2590689.563, 90
Trd, 2590690.913, 83
Trd, 2590692.329, 91
Trd, 2590692.529, 99
Trd, 2590692.696, 105
Trd, 2590694.929, 98
Trd, 2590695.063, 103
Trd, 2590695.263, 97
Trd, 2590695.796, 113
Trd, 2590696.179, 124
Trd, 2590696.613, 106
Trd, 2590697.446, 110
Trd, 2590697.513, 95
Trd, 2590698.496, 93
Trd, 2590700.379, 93
Trd, 2590700.646, 101
Trd, 2590702.246, 105
Trd, 2590702.363, 106
Trd, 2590703.396, 107
Trd, 2590703.496, 104
Trd, 2590703.596, 99
Trd, 2590703.779, 93
Trd, 2590704.263, 120
Trd, 2590704.596, 91
Trd, 2590705.263, 109
Trd, 2590706.279, 93
Trd, 2590706.946, 105
Trd, 2590708.996, 100
Trd, 2590709.029, 94
Trd, 2590710.229, 88
Trd, 2590711.646, 91
Trd, 2590712.413, 117
Trd, 2590713.313, 83
Trd, 2590714.579, 97
Trd, 2590714.846, 85
Trd, 2590715.479, 87
Trd, 2590715.713, 103
Trd, 2590715.979, 94
Trd, 2590716.846, 96
Trd, 2590718.779, 98
Trd, 2590719.296, 93
Trd, 2590719.929, 89
Trd, 2590720.063, 91
Trd, 2590721.096, 101
Trd, 2590721.379, 109
Trd, 2590722.696, 115
Trd, 2590724.596, 104
Trd, 2590725.613, 114
Trd, 2590725.796, 113
Trd, 2590726.696, 107
Trd, 2590726.846, 117
Trd, 2590726.946, 100
Trd, 2590727.329, 118
Trd, 2590727.629, 97
Trd, 2590730.196, 108
Trd, 2590731.063, 110
Trd, 2590731.329, 102
Trd, 2590732.479, 96
Trd, 2590732.513, 95
Trd, 2590734.529, 93
Trd, 2590734.746, 123
Trd, 2590735.263, 105
Trd, 2590735.663, 98
Trd, 2590736.713, 105
Trd, 2590737.179, 94
Trd, 2590737.996, 108
Trd, 2590738.679, 88
Trd, 2590739.813, 93
Trd, 2590740.529, 89
Trd, 2590740.863, 100
Trd, 2590741.063, 91
Trd, 2590741.579, 100
Trd, 2590741.763, 109
Trd, 2590742.613, 84
Trd, 2590743.246, 105
Trd, 2590744.996, 105
Trd, 2590745.379, 93
Trd, 2590745.479, 87
Trd, 2590745.596, 122
Trd, 2590747.379, 101
Trd, 2590749.563, 94
Trd, 2590749.646, 92
Trd, 2590749.779, 92
Trd, 2590751.329, 101
Trd, 2590751.446, 84
Trd, 2590751.529, 89
Trd, 2590751.563, 81
Trd, 2590752.096, 101
Trd, 2590752.379, 82
Trd, 2590752.413, 107
Trd, 2590753.579, 100
Trd, 2590753.796, 94
Trd, 2590755.129, 98
Trd, 2590755.929, 105
Trd, 2590756.229, 85
Trd, 2590756.429, 83
Trd, 2590758.096, 84
Trd, 2590760.146, 92
Trd, 2590760.579, 93
Trd, 2590761.329, 94
Trd, 2590761.946, 104
Trd, 2590762.029, 93
Trd, 2590763.763, 104
Trd, 2590764.079, 108
Trd, 2590764.146, 103
Trd, 2590765.413, 100
Trd, 2590765.913, 112
Trd, 2590768.546, 102
Trd, 2590768.613, 101
Trd, 2590769.029, 97
Trd, 2590769.546, 90
Trd, 2590769.963, 94
Trd, 2590770.463, 112
Trd, 2590771.696, 95
Trd, 2590773.363, 97
Trd, 2590774.429, 94
Trd, 2590774.996, 95
Trd, 2590776.579, 92
Trd, 2590776.663, 106
Trd, 2590777.363, 105
Trd, 2590777.429, 86
Trd, 2590778.729, 97
Trd, 2590778.913, 94
Trd, 2590780.346, 88
Trd, 2590780.713, 92
Trd, 2590781.346, 94
Trd, 2590781.513, 101
Trd, 2590782.629, 86
Trd, 2590783.029, 93
Trd, 2590784.063, 122
Trd, 2590785.196, 91
Trd, 2590785.613, 102
Trd, 2590786.263, 93
Trd, 2590786.313, 121
Trd, 2590787.679, 109
Trd, 2590787.713, 102
Trd, 2590788.046, 102
Trd, 2590788.263, 102
Trd, 2590788.463, 107
Trd, 2590789.896, 88
Trd, 2590790.296, 97
Trd, 2590790.579, 86
Trd, 2590790.779, 84
Trd, 2590791.263, 110
Trd, 2590791.863, 117
Trd, 2590791.979, 119
Trd, 2590793.129, 90
Trd, 2590794.413, 84
Trd, 2590796.179, 89
Trd, 2590796.413, 92
Trd, 2590796.496, 85
Trd, 2590797.396, 92
Trd, 2590797.846, 93
Trd, 2590798.713, 90
Trd, 2590800.129, 94
Trd, 2590800.146, 104
Trd, 2590802.613, 90
Trd, 2590803.946, 94
Trd, 2590804.829, 88
Trd, 2590806.213, 88
Trd, 2590806.429, 94
Trd, 2590806.546, 103
Trd, 2590809.296, 87
Trd, 2590810.013, 95
Trd, 2590810.096, 91
Trd, 2590810.879, 92
Trd, 2590811.029, 101
Trd, 2590811.229, 105
Trd, 2590811.763, 86
Trd, 2590811.929, 108
Trd, 2590812.613, 113
Trd, 2590813.313, 118
Trd, 2590813.363, 123
Trd, 2590814.929, 105
Trd, 2590815.479, 112
Trd, 2590815.713, 98
Trd, 2590817.179, 93
Trd, 2590817.213, 90
Trd, 2590818.613, 92
Trd, 2590818.979, 99
Trd, 2590818.996, 93
Trd, 2590820.146, 89
Trd, 2590820.613, 89
Trd, 2590821.479, 99
Trd, 2590821.529, 99
Trd, 2590823.413, 94
Trd, 2590823.496, 103
Trd, 2590824.029, 104
Trd, 2590824.429, 94
Trd, 2590826.596, 110
Trd, 2590826.629, 103
Trd, 2590827.579, 111
Trd, 2590827.779, 104
Trd, 2590828.179, 94
Trd, 2590828.579, 90
Trd, 2590830.263, 88
Trd, 2590830.729, 89
Trd, 2590830.879, 87
Trd, 2590830.896, 98
Trd, 2590832.313, 92
Trd, 2590833.413, 94
Trd, 2590834.113, 91
Trd, 2590834.829, 92
Trd, 2590835.613, 112
Trd, 2590836.263, 97
Trd, 2590836.513, 116
Trd, 2590837.946, 111
Trd, 2590838.979, 107
Trd, 2590839.146, 105
Trd, 2590839.396, 118
Trd, 2590839.763, 118
Trd, 2590840.363, 96
Trd, 2590841.479, 85
Trd, 2590841.513, 116
Trd, 2590841.729, 124
Trd, 2590842.063, 85
Trd, 2590842.113, 85
Trd, 2590844.346, 88
Trd, 2590844.629, 88
Trd, 2590845.396, 98
Trd, 2590849.229, 99
Trd, 2590849.546, 99
Trd, 2590850.629, 99
Trd, 2590850.813, 94
Trd, 2590852.696, 96
Trd, 2590852.763, 95
Trd, 2590852.946, 99
Trd, 2590854.563, 95
Trd, 2590854.846, 103
Trd, 2590855.196, 94
Trd, 2590855.296, 108
Trd, 2590856.079, 104
Trd, 2590856.263, 117
Trd, 2590857.229, 120
Trd, 2590858.379, 114
Trd, 2590859.079, 95
Trd, 2590859.829, 87
Trd, 2590860.446, 87
Trd, 2590861.129, 87
Trd, 2590861.579, 104
Trd, 2590861.779, 98
Trd, 2590862.113, 122
Trd, 2590862.646, 90
Trd, 2590862.929, 88
Trd, 2590863.146, 86
Trd, 2590864.313, 91
Trd, 2590865.696, 102
Trd, 2590868.313, 105
Trd, 2590869.079, 99
Trd, 2590869.446, 96
Trd, 2590869.713, 95
Trd, 2590869.829, 100
Trd, 2590870.279, 99
Trd, 2590870.963, 93
Trd, 2590871.429, 89
Trd, 2590871.663, 86
Trd, 2590873.029, 105
Trd, 2590874.463, 106
Trd, 2590875.879, 102
Trd, 2590877.113, 108
Trd, 2590877.396, 94
Trd, 2590878.329, 108
Trd, 2590880.013, 105
Trd, 2590880.396, 115
Trd, 2590880.663, 102
Trd, 2590880.863, 98
Trd, 2590881.313, 94
Trd, 2590882.663, 94
Trd, 2590883.246, 102
Trd, 2590883.329, 93
Trd, 2590885.313, 107
Trd, 2590885.713, 109
Trd, 2590885.763, 99
Trd, 2590886.046, 105
Trd, 2590886.213, 93
Trd, 2590886.746, 93
Trd, 2590887.879, 87
Trd, 2590889.929, 98
Trd, 2590889.979, 109
Trd, 2590890.179, 93
Trd, 2590890.296, 115
Trd, 2590890.696, 90
Trd, 2590891.213, 87
Trd, 2590891.346, 86
Trd, 2590892.496, 94
Trd, 2590892.946, 95
Trd, 2590897.063, 96
Trd, 2590897.246, 86
Trd, 2590897.746, 87
Trd, 2590898.429, 101
Trd, 2590898.846, 97
Trd, 2590899.013, 105
Trd, 2590899.513, 107
Trd, 2590899.946, 111
Trd, 2590901.079, 105
Trd, 2590902.129, 103
Trd, 2590903.479, 113
Trd, 2590903.629, 114
Trd, 2590903.679, 109
Trd, 2590904.463, 107
Trd, 2590904.546, 105
Trd, 2590905.263, 108
Trd, 2590905.563, 115
Trd, 2590905.663, 97
Trd, 2590905.863, 95
Trd, 2590905.929, 93
Trd, 2590906.696, 94
Trd, 2590907.213, 88
Trd, 2590909.813, 102
Trd, 2590910.463, 101
Trd, 2590910.896, 102
Trd, 2590912.596, 101
Trd, 2590913.513, 116
Trd, 2590913.746, 90
Trd, 2590914.096, 112
Trd, 2590916.746, 103
Trd, 2590916.946, 102
Trd, 2590917.896, 101
Trd, 2590919.063, 100
Trd, 2590919.746, 97
Trd, 2590919.796, 93
Trd, 2590920.596, 109
Trd, 2590920.879, 103
Trd, 2590922.679, 104
Trd, 2590922.846, 107
Trd, 2590923.013, 115
Trd, 2590923.196, 121
Trd, 2590923.246, 94
Trd, 2590923.529, 91
Trd, 2590924.413, 114
Trd, 2590926.013, 107
Trd, 2590926.663, 103
Trd, 2590926.746, 99
Trd, 2590926.813, 83
Trd, 2590927.113, 112
Trd, 2590927.329, 81
Trd, 2590930.129, 98
Trd, 2590930.413, 96
Trd, 2590930.779, 96
Trd, 2590930.996, 92
Trd, 2590931.629, 93
Trd, 2590931.979, 117
Trd, 2590932.579, 115
Trd, 2590932.996, 107
Trd, 2590933.396, 104
Trd, 2590933.446, 100
Trd, 2590934.313, 93
Trd, 2590935.829, 85
Trd, 2590936.296, 119
Trd, 2590939.213, 110
Trd, 2590940.229, 104
Trd, 2590941.029, 89
Trd, 2590941.079, 88
Trd, 2590941.996, 88
Trd, 2590942.079, 87
Trd, 2590942.413, 89
Trd, 2590945.063, 91
Trd, 2590945.346, 100
Trd, 2590945.713, 90
Trd, 2590946.063, 82
Trd, 2590947.163, 105
Trd, 2590949.646, 95
Trd, 2590949.746, 107
Trd, 2590950.246, 87
Trd, 2590950.396, 113
Trd, 2590950.463, 106
Trd, 2590952.929, 94
Trd, 2590953.629, 106
Trd, 2590954.579, 111
Trd, 2590955.829, 99
Trd, 2590955.913, 96
Trd, 2590956.096, 100
Trd, 2590957.063, 122
Trd, 2590957.746, 130
Trd, 2590957.846, 95
Trd, 2590958.496, 104
Trd, 2590959.429, 93
Trd, 2590960.046, 91
Trd, 2590960.596, 96
Trd, 2590961.713, 94
Trd, 2590961.796, 86
Trd, 2590963.879, 107
Trd, 2590964.063, 108
Trd, 2590964.679, 109
Trd, 2590964.713, 102
Trd, 2590964.929, 100
Trd, 2590966.113, 114
Trd, 2590967.629, 93
Trd, 2590968.529, 105
Trd, 2590968.679, 105
Trd, 2590970.763, 100
Trd, 2590971.696, 94
Trd, 2590971.929, 93
Trd, 2590972.413, 93
Trd, 2590974.679, 87
Trd, 2590975.096, 89
Trd, 2590975.629, 85
Trd, 2590976.263, 91
Trd, 2590977.546, 102
Trd, 2590979.979, 97
Trd, 2590980.679, 95
Trd, 2590980.979, 94
Trd, 2590981.629, 101
Trd, 2590981.679, 109
Trd, 2590982.263, 100
Trd, 2590982.463, 92
Trd, 2590982.629, 111
Trd, 2590982.679, 91
Trd, 2590982.996, 86
Trd, 2590983.829, 120
Trd, 2590984.546, 94
Trd, 2590985.796, 109
Trd, 2590986.896, 105
Trd, 2590987.713, 98
Trd, 2590989.563, 107
Trd, 2590990.363, 98
Trd, 2590990.396, 118
Trd, 2590990.763, 118
Trd, 2590991.496, 119
Trd, 2590992.729, 117
Trd, 2590992.896, 88
Trd, 2590993.096, 82
Trd, 2590993.863, 84
Trd, 2590995.046, 83
Trd, 2590995.779, 98
Trd, 2590997.313, 94
Trd, 2590998.096, 93
Trd, 2590999.146, 91
Trd, 2590999.163, 85
Trd, 2590999.529, 108
Trd, 2590999.779, 109
Trd, 2591001.896, 106
Trd, 2591002.063, 105
Trd, 2591003.913, 98
Trd, 2591004.146, 94
Trd, 2591004.663, 90
Trd, 2591005.763, 88
Trd, 2591006.229, 92
Trd, 2591007.746, 98
Trd, 2591008.546, 104
Trd, 2591009.046, 93
Trd, 2591010.196, 98
Trd, 2591010.496, 86
Trd, 2591010.579, 105
Trd, 2591012.063, 95
Trd, 2591012.196, 99
Trd, 2591013.429, 104
Trd, 2591013.746, 113
Trd, 2591014.279, 110
Trd, 2591014.713, 105
Trd, 2591014.779, 115
Trd, 2591014.929, 94
Trd, 2591014.979, 77
Trd, 2591015.746, 92
Trd, 2591016.879, 101
Trd, 2591017.213, 95
Trd, 2591017.696, 97
Trd, 2591018.046, 118
Trd, 2591019.129, 101
Trd, 2591019.713, 89
Trd, 2591019.896, 92
Trd, 2591020.746, 81
Trd, 2591022.496, 102
Trd, 2591023.346, 92
Trd, 2591024.896, 112
Trd, 2591026.046, 84
Trd, 2591027.013, 103
Trd, 2591027.179, 105
Trd, 2591029.013, 95
Trd, 2591029.396, 85
Trd, 2591030.029, 103
Trd, 2591030.563, 110
Trd, 2591030.913, 95
Trd, 2591031.479, 94
Trd, 2591032.163, 94
Trd, 2591032.663, 101
Trd, 2591033.679, 99
Trd, 2591034.613, 92
Trd, 2591035.146, 97
Trd, 2591035.396, 90
Trd, 2591035.879, 107
Trd, 2591035.896, 108
Trd, 2591036.696, 89
Trd, 2591036.763, 93
Trd, 2591038.579, 104
Trd, 2591038.746, 98
Trd, 2591039.779, 99
Trd, 2591039.963, 97
Trd, 2591040.079, 104
Trd, 2591042.763, 112
Trd, 2591043.413, 114
Trd, 2591043.446, 94
Trd, 2591045.463, 90
Trd, 2591046.529, 118
Trd, 2591048.529, 92
Trd, 2591048.863, 108
Trd, 2591050.063, 91
Trd, 2591050.729, 90
Trd, 2591050.763, 89
Trd, 2591050.946, 89
Trd, 2591051.563, 88
Trd, 2591051.746, 87
Trd, 2591053.529, 95
Trd, 2591053.579, 102
Trd, 2591053.996, 94
Trd, 2591054.546, 82
Trd, 2591055.696, 104
Trd, 2591055.863, 105
Trd, 2591056.729, 99
Trd, 2591058.346, 112
Trd, 2591058.829, 94
Trd, 2591059.613, 118
Trd, 2591059.829, 89
Trd, 2591060.929, 107
Trd, 2591064.063, 93
Trd, 2591064.579, 89
Trd, 2591064.879, 107
Trd, 2591066.696, 123
Trd, 2591066.779, 109
Trd, 2591067.396, 98
Trd, 2591068.129, 111
Trd, 2591068.529, 105
Trd, 2591068.863, 105
Trd, 2591069.446, 99
Trd, 2591070.179, 105
Trd, 2591070.629, 94
Trd, 2591070.729, 89
Trd, 2591071.513, 102
Trd, 2591071.896, 109
Trd, 2591073.179, 85
Trd, 2591073.646, 77
Trd, 2591073.763, 76
Trd, 2591073.929, 91
Trd, 2591074.479, 76
Trd, 2591076.396, 96
Trd, 2591078.313, 87
Trd, 2591079.029, 99
Trd, 2591079.163, 103
Trd, 2591080.029, 110
Trd, 2591081.329, 100
Trd, 2591081.629, 105
Trd, 2591081.896, 96
Trd, 2591082.079, 111
Trd, 2591082.663, 109
Trd, 2591083.196, 93
Trd, 2591083.513, 121
Trd, 2591084.963, 100
Trd, 2591085.096, 94
Trd, 2591085.546, 106
Trd, 2591086.329, 104
Trd, 2591086.529, 94
Trd, 2591087.996, 94
Trd, 2591088.129, 87
Trd, 2591089.896, 88
Trd, 2591090.146, 93
Trd, 2591090.979, 90
Trd, 2591091.963, 84
Trd, 2591092.096, 91
Trd, 2591094.029, 109
Trd, 2591094.596, 105
Trd, 2591096.329, 97
Trd, 2591096.746, 88
Trd, 2591097.463, 105
Trd, 2591097.596, 106
Trd, 2591097.796, 103
Trd, 2591097.929, 94
Trd, 2591098.196, 90
Trd, 2591098.413, 86
Trd, 2591098.546, 118
Trd, 2591102.546, 86
Trd, 2591102.779, 88
Trd, 2591102.896, 86
Trd, 2591103.113, 94
Trd, 2591103.929, 80
Trd, 2591104.163, 108
Trd, 2591105.979, 91
Trd, 2591106.329, 108
Trd, 2591107.363, 87
Trd, 2591108.746, 91
Trd, 2591109.746, 87
Trd, 2591109.879, 85
Trd, 2591110.329, 98
Trd, 2591110.829, 105
Trd, 2591111.513, 105
Trd, 2591111.996, 109
Trd, 2591112.413, 104
Trd, 2591113.129, 103
Trd, 2591113.329, 92
Trd, 2591114.413, 84
Trd, 2591115.913, 91
Trd, 2591117.263, 83
Trd, 2591118.029, 96
Trd, 2591118.829, 97
Trd, 2591119.163, 98
Trd, 2591119.763, 94
Trd, 2591120.496, 107
Trd, 2591120.829, 98
Trd, 2591121.179, 97
Trd, 2591121.796, 116
Trd, 2591122.579, 98
Trd, 2591125.679, 105
Trd, 2591126.046, 98
Trd, 2591126.646, 110
Trd, 2591127.996, 93
Trd, 2591128.213, 93
Trd, 2591128.579, 89
Trd, 2591129.046, 95
Trd, 2591129.596, 85
Trd, 2591129.763, 84
Trd, 2591130.213, 82
Trd, 2591130.679, 85
Trd, 2591131.629, 103
Trd, 2591131.679, 91
Trd, 2591131.896, 106
Trd, 2591131.963, 109
Trd, 2591132.363, 105
Trd, 2591132.596, 100
Trd, 2591132.629, 94
Trd, 2591133.263, 108
Trd, 2591134.463, 96
Trd, 2591134.596, 86
Trd, 2591136.963, 105
Trd, 2591137.279, 114
Trd, 2591137.963, 109
Trd, 2591138.563, 97
Trd, 2591138.613, 93
Trd, 2591140.096, 88
Trd, 2591140.413, 97
Trd, 2591141.579, 98
Trd, 2591142.129, 109
Trd, 2591142.529, 96
Trd, 2591144.429, 108
Trd, 2591145.113, 96
Trd, 2591146.079, 97
Trd, 2591146.513, 96
Trd, 2591146.529, 94
Trd, 2591147.763, 102
Trd, 2591148.296, 91
Trd, 2591148.729, 90
Trd, 2591150.146, 111
Trd, 2591150.529, 89
Trd, 2591150.596, 85
Trd, 2591151.263, 102
Trd, 2591151.296, 110
Trd, 2591152.496, 100
Trd, 2591152.879, 113
Trd, 2591153.146, 92
Trd, 2591155.479, 102
Trd, 2591157.013, 100
Trd, 2591157.846, 87
Trd, 2591158.179, 88
Trd, 2591158.229, 85
Trd, 2591158.363, 102
Trd, 2591158.396, 84
Trd, 2591158.963, 88
Trd, 2591160.579, 94
Trd, 2591162.696, 94
Trd, 2591162.963, 115
Trd, 2591163.846, 92
Trd, 2591163.979, 90
Trd, 2591165.663, 105
Trd, 2591166.296, 94
Trd, 2591168.046, 100
Trd, 2591168.179, 101
Trd, 2591168.729, 102
Trd, 2591170.113, 108
Trd, 2591171.096, 103
Trd, 2591172.113, 105
Trd, 2591172.129, 98
Trd, 2591172.213, 96
Trd, 2591172.546, 95
Trd, 2591173.229, 94
Trd, 2591173.546, 97
Trd, 2591174.529, 91
Trd, 2591175.413, 98
Trd, 2591176.563, 109
Trd, 2591177.096, 108
Trd, 2591177.113, 85
Trd, 2591178.113, 87
Trd, 2591179.029, 84
Trd, 2591179.413, 113
Trd, 2591179.996, 113
Trd, 2591180.163, 106
Trd, 2591180.229, 105
Trd, 2591180.696, 99
Trd, 2591184.246, 94
Trd, 2591184.829, 91
Trd, 2591185.529, 94
Trd, 2591187.113, 97
Trd, 2591187.296, 87
Trd, 2591187.379, 87
Trd, 2591187.479, 82
Trd, 2591187.663, 98
Trd, 2591189.679, 86
Trd, 2591189.796, 106
Trd, 2591190.146, 90
Trd, 2591192.063, 89
Trd, 2591192.113, 84
Trd, 2591193.479, 113
Trd, 2591194.013, 119
Trd, 2591194.446, 107
Trd, 2591194.513, 119
Trd, 2591195.163, 104
Trd, 2591195.979, 91
Trd, 2591196.463, 94
Trd, 2591197.313, 104
Trd, 2591197.863, 91
Trd, 2591198.213, 106
Trd, 2591199.046, 122
Trd, 2591199.763, 105
Trd, 2591199.879, 119
Trd, 2591200.046, 103
Trd, 2591201.263, 102
Trd, 2591203.079, 94
Trd, 2591203.346, 101
Trd, 2591204.446, 98
Trd, 2591204.613, 124
Trd, 2591205.063, 96
Trd, 2591205.746, 96
Trd, 2591207.079, 91
Trd, 2591207.963, 115
Trd, 2591208.013, 113
Trd, 2591210.929, 94
Trd, 2591211.346, 91
Trd, 2591211.579, 90
Trd, 2591212.046, 99
Trd, 2591213.996, 98
Trd, 2591217.713, 107
Trd, 2591217.746, 107
Trd, 2591218.063, 94
Trd, 2591218.163, 90
Trd, 2591218.196, 89
Trd, 2591218.529, 93
Trd, 2591219.079, 89
Trd, 2591219.229, 105
Trd, 2591220.546, 94
Trd, 2591221.446, 108
Trd, 2591221.563, 115
Trd, 2591222.396, 88
Trd, 2591223.829, 104
Trd, 2591225.896, 97
Trd, 2591226.413, 115
Trd, 2591227.463, 95
Trd, 2591228.729, 102
Trd, 2591229.246, 89
Trd, 2591229.329, 88
Trd, 2591229.813, 90
Trd, 2591230.129, 87
Trd, 2591230.446, 89
Trd, 2591230.496, 91
Trd, 2591231.579, 91
Trd, 2591232.896, 89
Trd, 2591233.929, 102
Trd, 2591234.879, 94
Trd, 2591235.379, 94
Trd, 2591235.413, 91
Trd, 2591235.679, 106
Trd, 2591236.229, 101
Trd, 2591237.396, 105
Trd, 2591237.763, 118
Trd, 2591237.779, 86
Trd, 2591238.946, 86
Trd, 2591239.929, 109
Trd, 2591240.579, 97
Trd, 2591240.813, 107
Trd, 2591240.863, 105
Trd, 2591241.079, 86
Trd, 2591241.696, 85
Trd, 2591243.296, 86
Trd, 2591244.246, 94
Trd, 2591244.829, 100
Trd, 2591245.429, 95
Trd, 2591246.529, 100
Trd, 2591247.496, 88
Trd, 2591248.479, 98
Trd, 2591248.879, 105
Trd, 2591249.413, 110
Trd, 2591250.346, 115
Trd, 2591251.129, 119
Trd, 2591251.879, 104
Trd, 2591252.413, 100
Trd, 2591252.446, 105
Trd, 2591255.246, 86
Trd, 2591255.646, 92
Trd, 2591256.246, 98
Trd, 2591256.379, 107
Trd, 2591258.463, 116
Trd, 2591258.813, 105
Trd, 2591259.046, 96
Trd, 2591259.929, 112
Trd, 2591261.513, 98
Trd, 2591261.946, 111
Trd, 2591262.213, 118
Trd, 2591263.413, 105
Trd, 2591263.429, 98
Trd, 2591263.713, 99
Trd, 2591263.813, 91
Trd, 2591264.496, 82
Trd, 2591264.663, 87
Trd, 2591264.813, 82
Trd, 2591264.879, 108
Trd, 2591264.929, 115
Trd, 2591265.146, 82
Trd, 2591266.829, 111
Trd, 2591267.613, 86
Trd, 2591267.879, 82
Trd, 2591269.063, 94
Trd, 2591269.179, 87
Trd, 2591271.479, 108
Trd, 2591271.913, 117
Trd, 2591272.213, 111
Trd, 2591273.213, 94
Trd, 2591273.863, 97
Trd, 2591275.113, 108
Trd, 2591277.479, 101
Trd, 2591277.546, 108
Trd, 2591278.763, 111
Trd, 2591279.146, 118
Trd, 2591279.463, 110
Trd, 2591279.529, 105
Trd, 2591279.546, 101
Trd, 2591280.746, 95
Trd, 2591281.329, 94
Trd, 2591281.729, 93
Trd, 2591282.146, 90
Trd, 2591282.929, 112
Trd, 2591283.879, 105
Trd, 2591284.246, 103
Trd, 2591284.346, 92
Trd, 2591285.296, 100
Trd, 2591285.379, 114
Trd, 2591287.496, 106
Trd, 2591287.979, 118
Trd, 2591288.613, 105
Trd, 2591290.163, 94
Trd, 2591291.513, 103
Trd, 2591291.896, 91
Trd, 2591292.529, 86
Trd, 2591292.596, 94
Trd, 2591293.079, 95
Trd, 2591293.679, 98
Trd, 2591294.096, 98
Trd, 2591294.396, 91
Trd, 2591295.063, 91
Trd, 2591295.146, 81
Trd, 2591295.479, 89
Trd, 2591296.029, 116
Trd, 2591297.696, 87
Trd, 2591297.979, 92
Trd, 2591299.579, 97
Trd, 2591300.296, 93
Trd, 2591300.413, 98
Trd, 2591300.879, 109
Trd, 2591301.779, 99
Trd, 2591301.796, 98
Trd, 2591303.613, 93
Trd, 2591304.329, 94
Trd, 2591306.046, 93
Trd, 2591306.213, 102
Trd, 2591306.263, 94
Trd, 2591306.479, 110
Trd, 2591306.679, 86
Trd, 2591307.363, 94
Trd, 2591308.196, 105
Trd, 2591308.846, 96
Trd, 2591309.213, 94
Trd, 2591311.029, 88
Trd, 2591311.113, 87
Trd, 2591312.996, 98
Trd, 2591313.363, 106
Trd, 2591314.729, 91
Trd, 2591316.296, 94
Trd, 2591316.379, 89
Trd, 2591316.396, 97
Trd, 2591316.613, 103
Trd, 2591317.379, 87
Trd, 2591317.713, 108
Trd, 2591317.763, 84
Trd, 2591319.146, 99
Trd, 2591320.779, 86
Trd, 2591320.896, 86
Trd, 2591321.063, 110
Trd, 2591321.429, 90
Trd, 2591322.679, 88
Trd, 2591324.196, 105
Trd, 2591324.663, 109
Trd, 2591325.429, 87
Trd, 2591325.979, 117
Trd, 2591326.313, 110
Trd, 2591326.629, 109
Trd, 2591327.029, 94
Trd, 2591327.079, 93
Trd, 2591327.929, 86
Trd, 2591328.496, 105
Trd, 2591328.813, 99
Trd, 2591328.846, 83
Trd, 2591330.129, 90
Trd, 2591330.763, 95
Trd, 2591332.346, 119
Trd, 2591333.879, 100
Trd, 2591334.379, 92
Trd, 2591336.546, 88
Trd, 2591336.896, 82
Trd, 2591337.046, 81
Trd, 2591337.263, 119
Trd, 2591337.863, 106
Trd, 2591338.263, 104
Trd, 2591338.529, 94
Trd, 2591338.646, 93
Trd, 2591339.713, 86
Trd, 2591339.879, 91
Trd, 2591340.096, 116
Trd, 2591340.929, 80
Trd, 2591341.696, 91
Trd, 2591342.696, 88
Trd, 2591344.746, 90
Trd, 2591345.163, 87
Trd, 2591346.129, 82
Trd, 2591346.479, 83
Trd, 2591346.979, 79
Trd, 2591347.179, 98
Trd, 2591348.213, 106
Trd, 2591350.579, 97
Trd, 2591350.796, 92
Trd, 2591351.079, 99
Trd, 2591351.763, 92
Trd, 2591352.096, 95
Trd, 2591352.463, 94
Trd, 2591352.913, 87
Trd, 2591353.229, 100
Trd, 2591353.479, 108
Trd, 2591353.929, 85
Trd, 2591354.396, 95
Trd, 2591354.813, 109
Trd, 2591354.846, 105
Trd, 2591355.096, 83
Trd, 2591359.396, 101
Trd, 2591360.663, 103
Trd, 2591361.079, 108
Trd, 2591361.529, 102
Trd, 2591362.663, 103
Trd, 2591363.063, 94
Trd, 2591363.163, 89
Trd, 2591364.129, 87
Trd, 2591364.213, 86
Trd, 2591364.879, 95
Trd, 2591365.463, 99
Trd, 2591366.229, 100
Trd, 2591366.946, 80
Trd, 2591367.146, 77
Trd, 2591367.546, 87
Trd, 2591368.563, 109
Trd, 2591368.996, 86
Trd, 2591370.313, 97
Trd, 2591370.596, 81
Trd, 2591370.813, 106
Trd, 2591370.846, 118
Trd, 2591371.079, 103
Trd, 2591372.796, 117
Trd, 2591373.529, 101
Trd, 2591374.063, 109
Trd, 2591374.346, 116
Trd, 2591374.496, 116
Trd, 2591375.229, 118
Trd, 2591375.279, 91
Trd, 2591375.763, 88
Trd, 2591375.896, 88
Trd, 2591376.146, 120
Trd, 2591377.663, 88
Trd, 2591377.729, 84
Trd, 2591378.529, 87
Trd, 2591380.246, 94
Trd, 2591380.729, 96
Trd, 2591380.863, 102
Trd, 2591382.263, 89
Trd, 2591382.646, 100
Trd, 2591382.829, 105
Trd, 2591383.313, 94
Trd, 2591383.596, 85
Trd, 2591384.496, 106
Trd, 2591387.713, 85
Trd, 2591387.946, 95
Trd, 2591388.129, 83
Trd, 2591389.379, 98
Trd, 2591389.579, 94
Trd, 2591389.696, 99
Trd, 2591389.963, 89
Trd, 2591390.813, 109
Trd, 2591391.129, 111
Trd, 2591391.329, 85
Trd, 2591392.013, 115
Trd, 2591392.096, 95
Trd, 2591395.446, 118
Trd, 2591396.179, 100
Trd, 2591396.629, 94
Trd, 2591396.829, 116
Trd, 2591398.079, 116
Trd, 2591398.163, 93
Trd, 2591398.463, 91
Trd, 2591398.713, 97
Trd, 2591399.479, 85
Trd, 2591399.496, 85
Trd, 2591399.646, 104
Trd, 2591400.163, 79
Trd, 2591402.546, 96
Trd, 2591402.563, 87
Trd, 2591404.146, 97
Trd, 2591404.546, 100
Trd, 2591404.996, 90
Trd, 2591406.863, 85
Trd, 2591407.663, 94
Trd, 2591408.796, 95
Trd, 2591409.396, 88
Trd, 2591410.079, 97
Trd, 2591410.396, 101
Trd, 2591411.979, 90
Trd, 2591412.079, 103
Trd, 2591412.096, 105
Trd, 2591413.813, 105
Trd, 2591414.463, 94
Trd, 2591414.563, 99
Trd, 2591415.079, 121
Trd, 2591416.546, 105
Trd, 2591416.779, 98
Trd, 2591417.213, 103
Trd, 2591419.179, 95
Trd, 2591419.596, 90
Trd, 2591420.213, 108
Trd, 2591420.763, 95
Trd, 2591420.829, 91
Trd, 2591421.496, 90
Trd, 2591422.029, 84
Trd, 2591422.446, 89
Trd, 2591422.629, 95
Trd, 2591424.763, 94
Trd, 2591425.079, 94
Trd, 2591425.463, 107
Trd, 2591427.446, 105
Trd, 2591428.213, 111
Trd, 2591430.263, 116
Trd, 2591430.563, 94
Trd, 2591431.946, 98
Trd, 2591432.429, 118
Trd, 2591432.463, 97
Trd, 2591432.613, 94
Trd, 2591433.146, 93
Trd, 2591433.929, 90
Trd, 2591434.579, 92
Trd, 2591434.663, 99
Trd, 2591435.346, 98
Trd, 2591435.646, 100
Trd, 2591436.313, 84
Trd, 2591436.729, 107
Trd, 2591437.863, 119
Trd, 2591437.879, 111
Trd, 2591438.363, 88
Trd, 2591439.429, 94
Trd, 2591440.113, 91
Trd, 2591441.229, 104
Trd, 2591441.246, 106
Trd, 2591442.046, 87
Trd, 2591442.063, 85
Trd, 2591443.529, 107
Trd, 2591444.679, 94
Trd, 2591446.046, 121
Trd, 2591446.663, 122
Trd, 2591446.713, 88
Trd, 2591448.779, 93
Trd, 2591450.229, 86
Trd, 2591450.896, 89
Trd, 2591451.829, 88
Trd, 2591452.179, 91
Trd, 2591452.529, 105
Trd, 2591452.829, 90
Trd, 2591452.879, 81
Trd, 2591453.546, 91
Trd, 2591454.896, 103
Trd, 2591454.963, 104
Trd, 2591455.363, 102
Trd, 2591455.429, 112
Trd, 2591456.446, 109
Trd, 2591457.313, 100
Trd, 2591457.446, 93
Trd, 2591457.763, 89
Trd, 2591458.929, 89
Trd, 2591459.496, 111
Trd, 2591459.946, 114
Trd, 2591460.129, 107
Trd, 2591460.863, 93
Trd, 2591461.813, 91
Trd, 2591462.229, 85
Trd, 2591462.379, 92
Trd, 2591462.729, 84
Trd, 2591463.879, 83
Trd, 2591465.029, 101
Trd, 2591465.229, 82
Trd, 2591466.413, 106
Trd, 2591467.379, 102
Trd, 2591468.396, 93
Trd, 2591468.413, 93
Trd, 2591468.746, 108
Trd, 2591469.529, 104
Trd, 2591470.579, 109
Trd, 2591472.313, 104
Trd, 2591473.429, 105
Trd, 2591473.446, 107
Trd, 2591473.513, 98
Trd, 2591474.163, 94
Trd, 2591474.963, 110
Trd, 2591476.463, 106
Trd, 2591476.929, 113
Trd, 2591477.263, 105
Trd, 2591477.746, 106
Trd, 2591479.579, 86
Trd, 2591480.996, 95
Trd, 2591481.779, 83
Trd, 2591482.313, 86
Trd, 2591482.446, 97
Trd, 2591482.679, 98
Trd, 2591482.979, 99
Trd, 2591486.113, 91
Trd, 2591486.246, 98
Trd, 2591487.429, 108
Trd, 2591487.596, 98
Trd, 2591487.696, 96
Trd, 2591489.146, 94
Trd, 2591490.163, 87
Trd, 2591490.996, 105
Trd, 2591491.163, 105
Trd, 2591491.563, 91
Trd, 2591492.079, 92
Trd, 2591493.013, 93
Trd, 2591493.696, 97
Trd, 2591494.096, 110
Trd, 2591494.529, 85
Trd, 2591494.846, 85
Trd, 2591495.496, 112
Trd, 2591495.929, 87
Trd, 2591496.479, 108
Trd, 2591497.096, 121
Trd, 2591499.013, 115
Trd, 2591499.063, 93
Trd, 2591499.946, 104
Trd, 2591501.263, 88
Trd, 2591502.279, 104
Trd, 2591504.146, 105
Trd, 2591504.379, 117
Trd, 2591504.813, 99
Trd, 2591505.479, 99
Trd, 2591505.929, 118
Trd, 2591505.996, 92
Trd, 2591506.796, 91
Trd, 2591507.829, 93
Trd, 2591507.879, 94
Trd, 2591507.979, 91
Trd, 2591508.529, 97
Trd, 2591510.763, 94
Trd, 2591512.629, 102
Trd, 2591512.813, 96
Trd, 2591513.613, 94
Trd, 2591513.729, 99
Trd, 2591514.263, 100
Trd, 2591515.363, 109
Trd, 2591515.513, 110
Trd, 2591515.846, 118
Trd, 2591516.146, 95
Trd, 2591516.529, 103
Trd, 2591517.996, 93
Trd, 2591519.496, 90
Trd, 2591519.979, 87
Trd, 2591520.663, 84
Trd, 2591521.246, 85
Trd, 2591522.513, 85
Trd, 2591523.429, 107
Trd, 2591523.513, 85
Trd, 2591523.796, 108
Trd, 2591525.179, 90
Trd, 2591525.563, 84
Trd, 2591525.646, 96
Trd, 2591525.746, 99
Trd, 2591526.646, 118
Trd, 2591529.546, 96
Trd, 2591529.863, 94
Trd, 2591530.079, 104
Trd, 2591532.963, 95
Trd, 2591533.829, 84
Trd, 2591534.496, 88
Trd, 2591534.613, 92
Trd, 2591534.646, 82
Trd, 2591535.679, 86
Trd, 2591536.279, 82
Trd, 2591537.296, 91
Trd, 2591539.229, 84
Trd, 2591539.596, 98
Trd, 2591540.279, 86
Trd, 2591540.396, 86
Trd, 2591540.479, 99
Trd, 2591540.879, 101
Trd, 2591540.913, 107
Trd, 2591541.129, 89
Trd, 2591541.846, 97
Trd, 2591542.329, 107
Trd, 2591542.579, 95
Trd, 2591545.629, 88
Trd, 2591545.813, 100
Trd, 2591545.879, 80
Trd, 2591547.063, 93
Trd, 2591547.163, 78
Trd, 2591547.279, 77
Trd, 2591548.063, 99
Trd, 2591548.763, 99
Trd, 2591549.579, 88
Trd, 2591550.079, 89
Trd, 2591551.096, 86
Trd, 2591551.563, 87
Trd, 2591551.629, 89
Trd, 2591553.029, 100
Trd, 2591553.963, 104
Trd, 2591554.346, 89
Trd, 2591554.663, 94
Trd, 2591555.529, 104
Trd, 2591556.513, 108
Trd, 2591556.629, 109
Trd, 2591558.096, 110
Trd, 2591558.113, 87
Trd, 2591558.746, 91
Trd, 2591559.179, 103
Trd, 2591561.979, 95
Trd, 2591562.929, 98
Trd, 2591563.263, 94
Trd, 2591563.746, 95
Trd, 2591564.846, 101
Trd, 2591567.296, 87
Trd, 2591567.696, 96
Trd, 2591567.913, 86
Trd, 2591569.046, 80
Trd, 2591569.313, 98
Trd, 2591570.613, 104
Trd, 2591572.263, 88
Trd, 2591572.296, 102
Trd, 2591572.763, 90
Trd, 2591572.896, 105
Trd, 2591573.779, 101
Trd, 2591574.263, 108
Trd, 2591576.213, 89
Trd, 2591576.496, 109
Trd, 2591577.229, 123
Trd, 2591577.513, 93
Trd, 2591578.829, 93
Trd, 2591579.196, 97
Trd, 2591579.746, 94
Trd, 2591580.429, 85
Trd, 2591580.779, 85
Trd, 2591581.296, 84
Trd, 2591581.529, 98
Trd, 2591582.029, 97
Trd, 2591583.213, 118
Trd, 2591583.996, 84
Trd, 2591585.746, 86
Trd, 2591585.779, 86
Trd, 2591586.146, 105
Trd, 2591586.413, 108
Trd, 2591586.696, 77
Trd, 2591587.179, 112
Trd, 2591589.013, 99
Trd, 2591589.429, 114
Trd, 2591589.829, 94
Trd, 2591590.613, 113
Trd, 2591591.096, 113
Trd, 2591591.946, 106
Trd, 2591592.896, 103
Trd, 2591593.513, 105
Trd, 2591594.046, 93
Trd, 2591595.963, 86
Trd, 2591599.079, 105
Trd, 2591599.846, 106
Trd, 2591600.396, 112
Trd, 2591600.846, 104
Trd, 2591601.096, 96
Trd, 2591601.213, 95
Trd, 2591601.829, 98
Trd, 2591602.529, 97
Trd, 2591602.813, 94
Trd, 2591603.513, 103
Trd, 2591604.279, 100
Trd, 2591604.729, 90
Trd, 2591605.213, 92
Trd, 2591606.146, 87
Trd, 2591606.996, 110
Trd, 2591607.879, 96
Trd, 2591608.096, 94
Trd, 2591608.246, 90
Trd, 2591610.496, 107
Trd, 2591610.679, 100
Trd, 2591610.829, 113
Trd, 2591611.063, 96
Trd, 2591611.629, 88
Trd, 2591612.013, 87
Trd, 2591613.296, 118
Trd, 2591614.263, 83
Trd, 2591616.096, 83
Trd, 2591616.913, 91
Trd, 2591617.096, 98
Trd, 2591617.363, 94
Trd, 2591617.713, 92
Trd, 2591617.929, 91
Trd, 2591619.029, 97
Trd, 2591619.946, 109
Trd, 2591620.579, 108
Trd, 2591621.063, 87
Trd, 2591622.446, 87
Trd, 2591622.613, 101
Trd, 2591623.129, 83
Trd, 2591623.379, 86
Trd, 2591623.913, 94
Trd, 2591625.079, 111
Trd, 2591625.879, 85
Trd, 2591626.396, 102
Trd, 2591626.596, 85
Trd, 2591628.263, 101
Trd, 2591630.513, 97
Trd, 2591631.396, 90
Trd, 2591632.246, 88
Trd, 2591632.679, 94
Trd, 2591633.129, 91
Trd, 2591633.246, 91
Trd, 2591633.563, 87
Trd, 2591635.296, 91
Trd, 2591635.829, 107
Trd, 2591635.879, 95
Trd, 2591637.213, 85
Trd, 2591637.729, 85
Trd, 2591637.946, 101
Trd, 2591638.446, 111
Trd, 2591639.146, 103
Trd, 2591639.279, 115
Trd, 2591640.079, 118
Trd, 2591640.913, 94
Trd, 2591643.096, 99
Trd, 2591643.879, 100
Trd, 2591645.629, 89
Trd, 2591646.829, 93
Trd, 2591647.896, 102
Trd, 2591648.896, 99
Trd, 2591650.713, 90
Trd, 2591650.779, 94
Trd, 2591651.196, 105
Trd, 2591651.329, 89
Trd, 2591651.446, 122
Trd, 2591652.763, 94
Trd, 2591653.146, 97
Trd, 2591653.596, 105
Trd, 2591653.746, 89
Trd, 2591654.263, 87
Trd, 2591655.563, 91
Trd, 2591656.013, 81
Trd, 2591656.246, 98
Trd, 2591656.496, 90
Trd, 2591658.546, 99
Trd, 2591659.829, 82
Trd, 2591661.013, 90
Trd, 2591661.863, 90
Trd, 2591662.463, 106
Trd, 2591662.979, 104
Trd, 2591663.363, 93
Trd, 2591664.329, 89
Trd, 2591664.763, 84
Trd, 2591666.746, 103
Trd, 2591667.013, 99
Trd, 2591667.579, 100
Trd, 2591668.163, 110
Trd, 2591668.329, 114
Trd, 2591669.113, 96
Trd, 2591669.346, 118
Trd, 2591670.913, 105
Trd, 2591671.846, 98
Trd, 2591672.663, 93
Trd, 2591672.679, 92
Trd, 2591672.763, 84
Trd, 2591673.346, 92
Trd, 2591674.546, 105
Trd, 2591674.846, 98
Trd, 2591676.496, 108
Trd, 2591678.263, 107
Trd, 2591679.229, 104
Trd, 2591680.279, 108
Trd, 2591680.763, 102
Trd, 2591681.296, 110
Trd, 2591681.629, 96
Trd, 2591681.779, 94
Trd, 2591682.396, 105
Trd, 2591682.429, 91
Trd, 2591682.963, 87
Trd, 2591683.279, 108
Trd, 2591683.613, 92
Trd, 2591684.263, 89
Trd, 2591684.913, 92
Trd, 2591685.263, 94
Trd, 2591686.113, 82
Trd, 2591687.796, 99
Trd, 2591689.963, 113
Trd, 2591691.296, 97
Trd, 2591691.513, 94
Trd, 2591692.779, 106
Trd, 2591693.229, 105
Trd, 2591694.446, 105
Trd, 2591694.729, 100
Trd, 2591694.896, 109
Trd, 2591695.229, 97
Trd, 2591696.079, 98
Trd, 2591697.396, 95
Trd, 2591698.179, 94
Trd, 2591699.096, 95
Trd, 2591699.129, 112
Trd, 2591699.429, 119
Trd, 2591699.613, 89
Trd, 2591701.113, 89
Trd, 2591701.179, 107
Trd, 2591702.946, 110
Trd, 2591705.746, 102
Trd, 2591706.546, 98
Trd, 2591706.863, 105
Trd, 2591706.946, 87
Trd, 2591707.046, 84
Trd, 2591707.546, 94
Trd, 2591707.696, 122
Trd, 2591708.029, 126
Trd, 2591708.079, 81
Trd, 2591710.913, 101
Trd, 2591712.196, 115
Trd, 2591712.313, 93
Trd, 2591712.379, 118
Trd, 2591712.763, 96
Trd, 2591713.113, 106
Trd, 2591713.713, 103
Trd, 2591714.996, 106
Trd, 2591716.329, 103
Trd, 2591716.379, 98
Trd, 2591716.546, 97
Trd, 2591716.563, 94
Trd, 2591716.946, 98
Trd, 2591719.063, 91
Trd, 2591719.696, 89
Trd, 2591720.246, 88
Trd, 2591720.979, 84
Trd, 2591722.779, 90
Trd, 2591723.113, 91
Trd, 2591723.779, 101
Trd, 2591723.813, 106
Trd, 2591723.946, 87
Trd, 2591725.263, 94
Trd, 2591725.846, 99
Trd, 2591727.563, 104
Trd, 2591727.996, 107
Trd, 2591728.613, 94
Trd, 2591729.363, 93
Trd, 2591730.213, 95
Trd, 2591730.329, 98
Trd, 2591730.779, 111
Trd, 2591731.346, 93
Trd, 2591731.396, 91
Trd, 2591733.129, 97
Trd, 2591733.563, 90
Trd, 2591734.446, 88
Trd, 2591735.179, 85
Trd, 2591736.129, 116
Trd, 2591736.896, 84
Trd, 2591737.796, 103
Trd, 2591738.863, 97
Trd, 2591739.279, 96
Trd, 2591740.346, 106
Trd, 2591741.013, 97
Trd, 2591741.579, 93
Trd, 2591741.829, 109
Trd, 2591742.596, 94
Trd, 2591742.613, 114
Trd, 2591743.613, 89
Trd, 2591744.079, 98
Trd, 2591744.363, 88
Trd, 2591745.579, 102
Trd, 2591747.829, 104
Trd, 2591749.296, 97
Trd, 2591749.379, 94
Trd, 2591750.379, 107
Trd, 2591750.746, 99
Trd, 2591751.046, 109
Trd, 2591751.629, 94
Trd, 2591751.913, 91
Trd, 2591752.179, 115
Trd, 2591752.913, 116
Trd, 2591753.729, 99
Trd, 2591753.979, 128
Trd, 2591754.779, 99
Trd, 2591755.029, 109
Trd, 2591756.946, 86
Trd, 2591757.029, 84
Trd, 2591757.079, 84
Trd, 2591757.896, 118
Trd, 2591758.596, 99
Trd, 2591759.846, 88
Trd, 2591760.013, 113
Trd, 2591760.163, 85
Trd, 2591760.946, 86
Trd, 2591762.513, 105
Trd, 2591764.513, 96
Trd, 2591764.663, 103
Trd, 2591764.863, 110
Trd, 2591764.979, 94
Trd, 2591765.363, 92
Trd, 2591765.713, 113
Trd, 2591767.329, 91
Trd, 2591767.546, 103
Trd, 2591767.946, 110
Trd, 2591768.463, 116
Trd, 2591768.613, 118
Trd, 2591769.413, 113
Trd, 2591769.813, 105
Trd, 2591770.779, 98
Trd, 2591771.429, 94
Trd, 2591772.946, 93
Trd, 2591773.179, 89
Trd, 2591773.779, 102
Trd, 2591774.796, 99
Trd, 2591776.763, 102
Trd, 2591779.013, 105
Trd, 2591780.029, 89
Trd, 2591780.163, 87
Trd, 2591780.479, 83
Trd, 2591780.563, 99
Trd, 2591780.596, 92
Trd, 2591781.146, 96
Trd, 2591781.646, 84
Trd, 2591782.379, 104
Trd, 2591783.029, 98
Trd, 2591783.796, 115
Trd, 2591786.429, 109
Trd, 2591786.696, 115
Trd, 2591786.979, 99
Trd, 2591787.046, 110
Trd, 2591788.246, 103
Trd, 2591788.963, 94
Trd, 2591789.163, 93
Trd, 2591789.513, 88
Trd, 2591789.829, 105
Trd, 2591791.579, 88
Trd, 2591791.679, 79
Trd, 2591792.479, 96
Trd, 2591793.129, 99
Trd, 2591793.213, 100
Trd, 2591794.379, 87
Trd, 2591795.013, 104
Trd, 2591796.263, 82
Trd, 2591796.613, 82
Trd, 2591799.846, 92
Trd, 2591799.863, 94
Trd, 2591800.063, 98
Trd, 2591801.146, 105
Trd, 2591802.046, 92
Trd, 2591802.596, 104
Trd, 2591802.813, 99
Trd, 2591802.946, 98
Trd, 2591803.196, 108
Trd, 2591803.796, 98
Trd, 2591805.496, 91
Trd, 2591805.713, 89
Trd, 2591806.146, 86
Trd, 2591806.346, 105
Trd, 2591809.129, 91
Trd, 2591810.096, 106
Trd, 2591811.013, 110
Trd, 2591811.096, 116
Trd, 2591811.313, 105
Trd, 2591812.129, 109
Trd, 2591812.929, 100
Trd, 2591813.479, 100
Trd, 2591815.046, 94
Trd, 2591818.329, 104
Trd, 2591818.529, 102
Trd, 2591819.729, 98
Trd, 2591820.113, 107
Trd, 2591820.246, 93
Trd, 2591820.279, 113
Trd, 2591820.763, 116
Trd, 2591821.413, 100
Trd, 2591821.829, 107
Trd, 2591822.396, 96
Trd, 2591822.663, 96
Trd, 2591823.096, 93
Trd, 2591823.946, 92
Trd, 2591824.479, 101
Trd, 2591824.496, 87
Trd, 2591825.346, 81
Trd, 2591826.863, 116
Trd, 2591827.529, 101
Trd, 2591827.879, 93
Trd, 2591829.963, 110
Trd, 2591830.096, 105
Trd, 2591830.679, 104
Trd, 2591831.113, 103
Trd, 2591832.363, 93
Trd, 2591832.563, 90
Trd, 2591833.679, 93
Trd, 2591834.146, 104
Trd, 2591838.946, 104
Trd, 2591839.996, 94
Trd, 2591840.213, 91
Trd, 2591840.463, 101
Trd, 2591840.496, 106
Trd, 2591840.663, 102
Trd, 2591841.146, 116
Trd, 2591842.429, 100
Trd, 2591843.579, 102
Trd, 2591844.296, 91
Trd, 2591844.396, 119
Trd, 2591844.879, 98
Trd, 2591845.513, 103
Trd, 2591845.696, 93
Trd, 2591845.996, 90
Trd, 2591847.796, 104
Trd, 2591848.463, 93
Trd, 2591850.279, 101
Trd, 2591850.446, 109
Trd, 2591852.013, 105
Trd, 2591852.313, 99
Trd, 2591852.596, 105
Trd, 2591853.879, 94
Trd, 2591854.979, 88
Trd, 2591855.996, 100
Trd, 2591856.046, 105
Trd, 2591857.346, 98
Trd, 2591857.963, 108
Trd, 2591858.146, 94
Trd, 2591860.113, 94
Trd, 2591860.179, 105
Trd, 2591860.296, 97
Trd, 2591861.579, 91
Trd, 2591862.163, 96
Trd, 2591862.696, 106
Trd, 2591864.196, 96
Trd, 2591864.363, 91
Trd, 2591864.829, 96
Trd, 2591865.596, 88
Trd, 2591865.779, 86
Trd, 2591865.979, 85
Trd, 2591867.146, 91
Trd, 2591867.246, 91
Trd, 2591867.313, 88
Trd, 2591868.796, 98
Trd, 2591870.979, 122
Trd, 2591871.729, 99
Trd, 2591872.763, 99
Trd, 2591873.346, 95
Trd, 2591874.046, 106
Trd, 2591875.413, 111
Trd, 2591875.429, 104
Trd, 2591877.279, 95
Trd, 2591879.229, 92
Trd, 2591879.413, 89
Trd, 2591880.079, 101
Trd, 2591880.113, 110
Trd, 2591880.329, 102
Trd, 2591880.629, 95
Trd, 2591880.913, 94
Trd, 2591881.596, 85
Trd, 2591882.696, 98
Trd, 2591883.179, 102
Trd, 2591883.779, 89
Trd, 2591883.829, 86
Trd, 2591884.079, 107
Trd, 2591884.546, 119
Trd, 2591885.096, 83
Trd, 2591885.663, 98
Trd, 2591887.329, 81
Trd, 2591888.163, 97
Trd, 2591888.663, 98
Trd, 2591889.113, 93
Trd, 2591889.896, 99
Trd, 2591889.929, 75
Trd, 2591890.496, 74
Trd, 2591890.729, 72
Trd, 2591892.013, 115
Trd, 2591892.463, 105
Trd, 2591892.829, 93
Trd, 2591893.263, 111
Trd, 2591894.096, 105
Trd, 2591895.396, 106
Trd, 2591898.146, 94
Trd, 2591898.213, 93
Trd, 2591898.629, 103
Trd, 2591899.196, 92
Trd, 2591899.529, 96
Trd, 2591899.713, 88
Trd, 2591900.129, 87
Trd, 2591900.613, 105
Trd, 2591901.863, 89
Trd, 2591903.846, 105
Trd, 2591904.329, 88
Trd, 2591905.579, 98
Trd, 2591905.596, 98
Trd, 2591906.546, 86
Trd, 2591907.029, 81
Trd, 2591907.096, 96
Trd, 2591907.879, 97
Trd, 2591908.863, 100
Trd, 2591910.896, 91
Trd, 2591911.446, 90
Trd, 2591911.613, 88
Trd, 2591912.629, 91
Trd, 2591913.579, 105
Trd, 2591913.729, 97
Trd, 2591914.129, 106
Trd, 2591915.263, 112
Trd, 2591916.196, 93
Trd, 2591916.663, 104
Trd, 2591917.563, 92
Trd, 2591917.679, 111
Trd, 2591918.529, 107
Trd, 2591919.063, 94
Trd, 2591919.596, 101
Trd, 2591920.079, 106
Trd, 2591921.579, 101
Trd, 2591922.263, 106
Trd, 2591922.729, 95
Trd, 2591923.029, 116
Trd, 2591923.379, 91
Trd, 2591924.879, 94
Trd, 2591924.929, 82
Trd, 2591925.413, 81
Trd, 2591926.246, 112
Trd, 2591927.463, 79
Trd, 2591928.413, 114
Trd, 2591928.629, 114
Trd, 2591928.696, 87
Trd, 2591930.796, 95
Trd, 2591930.896, 83
Trd, 2591931.046, 100
Trd, 2591931.979, 89
Trd, 2591933.163, 105
Trd, 2591933.479, 98
Trd, 2591933.696, 120
Trd, 2591933.729, 97
Trd, 2591934.996, 99
Trd, 2591936.529, 92
Trd, 2591938.013, 100
Trd, 2591938.629, 94
Trd, 2591938.646, 106
Trd, 2591940.379, 96
Trd, 2591940.463, 93
Trd, 2591940.496, 88
Trd, 2591940.779, 87
Trd, 2591941.463, 99
Trd, 2591941.879, 105
Trd, 2591941.979, 116
Trd, 2591942.229, 107
Trd, 2591942.846, 118
Trd, 2591943.863, 92
Trd, 2591945.413, 89
Trd, 2591946.579, 93
Trd, 2591947.196, 89
Trd, 2591947.696, 94
Trd, 2591948.146, 98
Trd, 2591950.263, 86
Trd, 2591950.613, 90
Trd, 2591951.113, 109
Trd, 2591952.696, 107
Trd, 2591953.846, 103
Trd, 2591953.863, 104
Trd, 2591954.096, 102
Trd, 2591954.263, 100
Trd, 2591954.463, 97
Trd, 2591954.779, 110
Trd, 2591956.563, 110
Trd, 2591956.779, 102
Trd, 2591957.279, 101
Trd, 2591957.379, 98
Trd, 2591959.213, 100
Trd, 2591959.363, 106
Trd, 2591960.313, 111
Trd, 2591961.446, 106
Trd, 2591962.346, 87
Trd, 2591963.079, 108
Trd, 2591964.329, 95
Trd, 2591964.629, 94
Trd, 2591964.829, 120
Trd, 2591964.879, 91
Trd, 2591965.779, 132
Trd, 2591965.963, 89
Trd, 2591967.929, 93
Trd, 2591968.363, 91
Trd, 2591968.529, 97
Trd, 2591969.296, 96
Trd, 2591971.013, 90
Trd, 2591971.279, 98
Trd, 2591971.779, 87
Trd, 2591973.363, 97
Trd, 2591973.746, 96
Trd, 2591974.479, 94
Trd, 2591975.396, 105
Trd, 2591975.646, 101
Trd, 2591976.779, 93
Trd, 2591977.029, 107
Trd, 2591977.046, 114
Trd, 2591977.413, 94
Trd, 2591977.446, 90
Trd, 2591977.546, 90
Trd, 2591977.946, 88
Trd, 2591978.696, 91
Trd, 2591978.763, 85
Trd, 2591978.796, 85
Trd, 2591979.846, 120
Trd, 2591983.329, 108
Trd, 2591983.446, 87
Trd, 2591983.763, 86
Trd, 2591984.796, 94
Trd, 2591985.563, 112
Trd, 2591986.679, 103
Trd, 2591987.796, 96
Trd, 2591988.046, 113
Trd, 2591989.529, 93
Trd, 2591991.529, 103
Trd, 2591992.296, 102
Trd, 2591992.429, 96
Trd, 2591992.629, 94
Trd, 2591992.729, 111
Trd, 2591994.013, 88
Trd, 2591994.413, 87
Trd, 2591994.979, 90
Trd, 2591995.513, 86
Trd, 2591996.163, 100
Trd, 2591996.346, 103
Trd, 2591997.396, 88
Trd, 2591997.479, 96
Trd, 2591998.446, 98
Trd, 2591999.563, 107
Trd, 2591999.696, 84
Trd, 2591999.929, 105
Trd, 2591999.979, 81
