Trd, 2590648.796, 91
Trd, 2590648.879, 107
Trd, 2590650.096, 87
Trd, 2590650.129, 87
Trd, 2590650.179, 86
Trd, 2590651.063, 97
Trd, 2590651.096, 99
Trd, 2590652.963, 89
Trd, 2590655.213, 95
Trd, 2590656.496, 103
Trd, 2590657.496, 97
Trd, 2590658.013, 100
Trd, 2590658.713, 97
Trd, 2590658.846, 102
Trd, 2590660.863, 102
Trd, 2590660.979, 106
Trd, 2590662.163, 100
Trd, 2590662.563, 99
Trd, 2590663.663, 94
Trd, 2590664.246, 94
Trd, 2590666.113, 98
Trd, 2590666.179, 99
Trd, 2590666.563, 96
Trd, 2590666.729, 105
Trd, 2590666.896, 93
Trd, 2590667.179, 91
Trd, 2590667.679, 91
Trd, 2590667.779, 89
Trd, 2590667.929, 89
Trd, 2590669.529, 105
Trd, 2590669.746, 112
Trd, 2590672.146, 92
Trd, 2590673.263, 94
Trd, 2590674.179, 94
Trd, 2590674.496, 89
Trd, 2590675.663, 107
Trd, 2590675.896, 107
Trd, 2590677.213, 88
Trd, 2590677.263, 87
Trd, 2590677.996, 106
Trd, 2590679.429, 90
Trd, 2590679.496, 89
Trd, 2590679.979, 100
Trd, 2590680.163, 89
Trd, 2590680.263, 88
Trd, 2590681.829, 87
Trd, 2590681.946, 99
Trd, 2590682.296, 102
Trd, 2590682.713, 98
Trd, 2590683.279, 93
Trd, 2590684.596, 89
Trd, 2590685.179, 89
Trd, 2590685.479, 108
Trd, 2590685.529, 101
Trd, 2590685.613, 96
Trd, 2590685.929, 89
Trd, 2590687.863, 105
Trd, 2590688.763, 104
Trd, 2590690.646, 111
Trd, 2590691.013, 101
Trd, 2590691.413, 100
Trd, 2590694.663, 106
Trd, 2590695.363, 102
Trd, 2590696.179, 99
Trd, 2590696.963, 100
Trd, 2590697.879, 96
Trd, 2590697.896, 94
Trd, 2590697.946, 94
Trd, 2590698.046, 93
Trd, 2590698.679, 84
Trd, 2590699.213, 83
Trd, 2590700.246, 102
Trd, 2590700.946, 88
Trd, 2590701.196, 87
Trd, 2590701.579, 89
Trd, 2590701.746, 102
Trd, 2590703.129, 98
Trd, 2590703.279, 98
Trd, 2590703.513, 101
Trd, 2590703.829, 107
Trd, 2590704.463, 98
Trd, 2590704.546, 95
Trd, 2590704.629, 92
Trd, 2590705.096, 90
Trd, 2590708.029, 94
Trd, 2590708.263, 93
Trd, 2590708.413, 89
Trd, 2590708.996, 90
Trd, 2590711.413, 95
Trd, 2590711.963, 105
Trd, 2590712.029, 107
Trd, 2590712.063, 98
Trd, 2590712.546, 108
Trd, 2590712.579, 92
Trd, 2590714.179, 101
Trd, 2590717.146, 100
Trd, 2590717.213, 103
Trd, 2590717.746, 96
Trd, 2590718.496, 94
Trd, 2590718.646, 101
Trd, 2590719.113, 93
Trd, 2590719.146, 92
Trd, 2590720.829, 102
Trd, 2590722.196, 94
Trd, 2590723.629, 92
Trd, 2590723.963, 92
Trd, 2590724.796, 108
Trd, 2590725.296, 108
Trd, 2590725.863, 94
Trd, 2590726.163, 98
Trd, 2590727.046, 93
Trd, 2590727.679, 101
Trd, 2590727.929, 92
Trd, 2590728.379, 102
Trd, 2590728.529, 93
Trd, 2590729.013, 91
Trd, 2590729.379, 90
Trd, 2590729.463, 89
Trd, 2590731.496, 102
Trd, 2590732.113, 94
Trd, 2590732.746, 94
Trd, 2590733.729, 94
Trd, 2590734.913, 109
Trd, 2590735.596, 97
Trd, 2590735.896, 93
Trd, 2590737.596, 87
Trd, 2590738.263, 87
Trd, 2590740.079, 99
Trd, 2590740.696, 94
Trd, 2590740.863, 93
Trd, 2590741.446, 101
Trd, 2590741.479, 105
Trd, 2590742.296, 103
Trd, 2590744.313, 108
Trd, 2590744.463, 112
Trd, 2590744.579, 106
Trd, 2590745.279, 105
Trd, 2590745.446, 105
Trd, 2590745.579, 96
Trd, 2590747.713, 95
Trd, 2590747.763, 91
Trd, 2590747.996, 96
Trd, 2590751.213, 89
Trd, 2590751.929, 94
Trd, 2590753.629, 95
Trd, 2590754.996, 94
Trd, 2590755.313, 96
Trd, 2590755.346, 102
Trd, 2590756.096, 90
Trd, 2590756.196, 108
Trd, 2590756.313, 87
Trd, 2590757.113, 85
Trd, 2590757.546, 97
Trd, 2590758.396, 87
Trd, 2590759.829, 100
Trd, 2590760.629, 93
Trd, 2590761.096, 98
Trd, 2590762.096, 90
Trd, 2590763.446, 90
Trd, 2590763.613, 87
Trd, 2590763.646, 103
Trd, 2590765.363, 101
Trd, 2590765.446, 100
Trd, 2590765.629, 104
Trd, 2590767.163, 98
Trd, 2590768.346, 94
Trd, 2590769.313, 104
Trd, 2590769.413, 97
Trd, 2590770.813, 102
Trd, 2590770.846, 99
Trd, 2590771.213, 96
Trd, 2590771.296, 95
Trd, 2590771.596, 105
Trd, 2590771.696, 93
Trd, 2590772.179, 113
Trd, 2590773.596, 96
Trd, 2590773.779, 94
Trd, 2590774.163, 89
Trd, 2590776.196, 101
Trd, 2590778.263, 98
Trd, 2590779.129, 90
Trd, 2590781.563, 87
Trd, 2590781.979, 95
Trd, 2590782.813, 101
Trd, 2590784.079, 97
Trd, 2590784.163, 103
Trd, 2590785.229, 94
Trd, 2590786.246, 103
Trd, 2590786.729, 94
Trd, 2590787.496, 92
Trd, 2590788.846, 102
Trd, 2590788.863, 98
Trd, 2590789.313, 103
Trd, 2590789.429, 97
Trd, 2590790.196, 97
Trd, 2590790.213, 95
Trd, 2590790.829, 99
Trd, 2590791.363, 95
Trd, 2590791.796, 94
Trd, 2590792.496, 99
Trd, 2590792.696, 106
Trd, 2590794.663, 102
Trd, 2590794.729, 106
Trd, 2590795.429, 108
Trd, 2590795.896, 115
Trd, 2590796.713, 116
Trd, 2590796.813, 102
Trd, 2590797.163, 102
Trd, 2590797.763, 116
Trd, 2590798.496, 95
Trd, 2590798.613, 94
Trd, 2590800.713, 95
Trd, 2590801.663, 94
Trd, 2590802.296, 85
Trd, 2590802.579, 102
Trd, 2590803.446, 81
Trd, 2590803.696, 79
Trd, 2590804.713, 83
Trd, 2590804.763, 85
Trd, 2590805.563, 96
Trd, 2590806.563, 92
Trd, 2590808.463, 89
Trd, 2590808.979, 96
Trd, 2590809.513, 93
Trd, 2590810.079, 92
Trd, 2590811.796, 96
Trd, 2590812.263, 94
Trd, 2590812.296, 102
Trd, 2590813.346, 103
Trd, 2590813.496, 93
Trd, 2590813.529, 89
Trd, 2590814.279, 94
Trd, 2590814.679, 96
Trd, 2590814.946, 91
Trd, 2590815.329, 90
Trd, 2590816.079, 91
Trd, 2590816.546, 102
Trd, 2590818.596, 91
Trd, 2590818.846, 93
Trd, 2590819.496, 91
Trd, 2590820.279, 90
Trd, 2590823.413, 95
Trd, 2590824.763, 95
Trd, 2590825.196, 96
Trd, 2590825.979, 91
Trd, 2590826.013, 106
Trd, 2590826.913, 90
Trd, 2590828.813, 88
Trd, 2590829.596, 97
Trd, 2590830.013, 94
Trd, 2590830.629, 93
Trd, 2590830.913, 91
Trd, 2590831.513, 100
Trd, 2590831.779, 88
Trd, 2590833.413, 99
Trd, 2590833.996, 92
Trd, 2590834.746, 92
Trd, 2590835.563, 95
Trd, 2590837.029, 93
Trd, 2590837.296, 93
Trd, 2590837.529, 91
Trd, 2590837.779, 93
Trd, 2590838.213, 89
Trd, 2590838.446, 101
Trd, 2590839.096, 95
Trd, 2590839.146, 87
Trd, 2590839.179, 102
Trd, 2590839.829, 93
Trd, 2590842.363, 106
Trd, 2590842.379, 110
Trd, 2590842.463, 105
Trd, 2590842.879, 104
Trd, 2590843.846, 111
Trd, 2590844.963, 103
Trd, 2590845.346, 102
Trd, 2590847.179, 105
Trd, 2590847.363, 96
Trd, 2590848.563, 102
Trd, 2590849.329, 98
Trd, 2590849.946, 96
Trd, 2590850.396, 98
Trd, 2590851.379, 90
Trd, 2590853.813, 99
Trd, 2590853.879, 98
Trd, 2590854.229, 92
Trd, 2590856.279, 108
Trd, 2590856.496, 105
Trd, 2590856.546, 102
Trd, 2590857.029, 98
Trd, 2590858.796, 101
Trd, 2590859.079, 97
Trd, 2590859.529, 94
Trd, 2590860.113, 102
Trd, 2590860.896, 100
Trd, 2590862.046, 99
Trd, 2590862.463, 96
Trd, 2590862.879, 94
Trd, 2590863.079, 108
Trd, 2590863.746, 94
Trd, 2590864.413, 95
Trd, 2590865.163, 90
Trd, 2590866.763, 92
Trd, 2590866.913, 102
Trd, 2590867.146, 113
Trd, 2590868.879, 112
Trd, 2590869.313, 107
Trd, 2590869.463, 106
Trd, 2590869.863, 90
Trd, 2590871.563, 92
Trd, 2590873.863, 88
Trd, 2590874.679, 91
Trd, 2590875.096, 89
Trd, 2590875.263, 86
Trd, 2590876.496, 96
Trd, 2590876.546, 93
Trd, 2590876.696, 89
Trd, 2590878.346, 91
Trd, 2590878.463, 93
Trd, 2590880.079, 89
Trd, 2590880.113, 101
Trd, 2590880.846, 98
Trd, 2590881.379, 95
Trd, 2590881.463, 93
Trd, 2590882.663, 97
Trd, 2590883.313, 96
Trd, 2590883.496, 105
Trd, 2590883.696, 95
Trd, 2590884.129, 105
Trd, 2590885.279, 105
Trd, 2590885.563, 94
Trd, 2590887.929, 94
Trd, 2590890.029, 89
Trd, 2590890.096, 88
Trd, 2590890.179, 104
Trd, 2590890.629, 91
Trd, 2590890.746, 90
Trd, 2590891.046, 91
Trd, 2590891.529, 88
Trd, 2590892.129, 89
Trd, 2590892.329, 87
Trd, 2590893.879, 99
Trd, 2590894.396, 95
Trd, 2590894.896, 87
Trd, 2590895.729, 92
Trd, 2590896.046, 97
Trd, 2590896.579, 91
Trd, 2590896.729, 97
Trd, 2590897.329, 87
Trd, 2590898.113, 81
Trd, 2590900.146, 106
Trd, 2590900.363, 109
Trd, 2590900.979, 108
Trd, 2590901.179, 107
Trd, 2590902.146, 107
Trd, 2590903.846, 114
Trd, 2590904.013, 100
Trd, 2590904.279, 113
Trd, 2590904.846, 99
Trd, 2590904.946, 96
Trd, 2590905.029, 94
Trd, 2590905.063, 92
Trd, 2590908.779, 95
Trd, 2590910.096, 101
Trd, 2590910.513, 99
Trd, 2590910.979, 98
Trd, 2590911.329, 93
Trd, 2590911.413, 93
Trd, 2590911.513, 86
Trd, 2590912.063, 86
Trd, 2590913.913, 87
Trd, 2590914.529, 88
Trd, 2590914.696, 87
Trd, 2590917.379, 105
Trd, 2590918.146, 107
Trd, 2590918.213, 95
Trd, 2590918.546, 94
Trd, 2590920.263, 97
Trd, 2590920.613, 95
Trd, 2590921.796, 95
Trd, 2590922.213, 95
Trd, 2590922.713, 98
Trd, 2590922.896, 100
Trd, 2590923.946, 102
Trd, 2590924.363, 108
Trd, 2590924.379, 95
Trd, 2590924.729, 94
Trd, 2590925.129, 93
Trd, 2590925.146, 101
Trd, 2590925.413, 93
Trd, 2590925.813, 108
Trd, 2590927.113, 94
Trd, 2590930.013, 90
Trd, 2590930.463, 104
Trd, 2590931.696, 90
Trd, 2590932.746, 90
Trd, 2590933.846, 101
Trd, 2590934.729, 93
Trd, 2590935.813, 90
Trd, 2590936.146, 99
Trd, 2590936.279, 102
Trd, 2590936.946, 97
Trd, 2590938.029, 108
Trd, 2590938.696, 94
Trd, 2590940.296, 103
Trd, 2590940.813, 106
Trd, 2590940.913, 97
Trd, 2590941.446, 93
Trd, 2590941.863, 93
Trd, 2590942.396, 105
Trd, 2590943.313, 88
Trd, 2590944.246, 87
Trd, 2590944.763, 89
Trd, 2590945.713, 89
Trd, 2590946.129, 91
Trd, 2590946.663, 86
Trd, 2590946.813, 91
Trd, 2590947.113, 87
Trd, 2590948.046, 95
Trd, 2590948.096, 102
Trd, 2590948.896, 92
Trd, 2590949.196, 105
Trd, 2590952.463, 108
Trd, 2590953.729, 97
Trd, 2590954.596, 88
Trd, 2590956.279, 95
Trd, 2590957.063, 91
Trd, 2590958.596, 96
Trd, 2590959.346, 96
Trd, 2590959.413, 102
Trd, 2590959.529, 95
Trd, 2590960.329, 96
Trd, 2590960.446, 94
Trd, 2590961.029, 95
Trd, 2590961.146, 101
Trd, 2590961.363, 99
Trd, 2590962.029, 106
Trd, 2590962.596, 96
Trd, 2590963.546, 109
Trd, 2590963.779, 94
Trd, 2590963.829, 92
Trd, 2590964.429, 92
Trd, 2590964.796, 92
Trd, 2590967.663, 109
Trd, 2590967.846, 89
Trd, 2590968.079, 87
Trd, 2590968.579, 87
Trd, 2590969.263, 112
Trd, 2590969.396, 96
Trd, 2590969.896, 91
Trd, 2590972.329, 104
Trd, 2590972.779, 102
Trd, 2590973.463, 101
Trd, 2590976.296, 107
Trd, 2590976.896, 110
Trd, 2590977.129, 106
Trd, 2590979.529, 107
Trd, 2590979.829, 95
Trd, 2590979.863, 94
Trd, 2590980.129, 99
Trd, 2590980.463, 104
Trd, 2590980.813, 91
Trd, 2590981.413, 95
Trd, 2590981.596, 94
Trd, 2590981.646, 96
Trd, 2590981.663, 93
Trd, 2590981.729, 98
Trd, 2590982.379, 96
Trd, 2590983.446, 92
Trd, 2590983.596, 90
Trd, 2590987.029, 92
Trd, 2590988.229, 90
Trd, 2590988.496, 87
Trd, 2590989.146, 91
Trd, 2590989.913, 91
Trd, 2590990.129, 90
Trd, 2590990.913, 90
Trd, 2590990.979, 96
Trd, 2590991.596, 94
Trd, 2590992.113, 86
Trd, 2590993.063, 91
Trd, 2590993.679, 94
Trd, 2590993.896, 99
Trd, 2590994.579, 94
Trd, 2590995.063, 95
Trd, 2590995.096, 94
Trd, 2590995.113, 98
Trd, 2590995.129, 102
Trd, 2590995.946, 93
Trd, 2590996.313, 91
Trd, 2590996.563, 104
Trd, 2590996.913, 90
Trd, 2590999.013, 108
Trd, 2591001.929, 96
Trd, 2591003.646, 100
Trd, 2591004.513, 107
Trd, 2591005.229, 103
Trd, 2591005.446, 103
Trd, 2591005.779, 102
Trd, 2591005.846, 102
Trd, 2591005.979, 96
Trd, 2591006.479, 105
Trd, 2591007.029, 106
Trd, 2591007.513, 95
Trd, 2591008.429, 94
Trd, 2591008.813, 93
Trd, 2591009.029, 98
Trd, 2591009.679, 110
Trd, 2591010.096, 87
Trd, 2591011.063, 82
Trd, 2591011.179, 82
Trd, 2591012.096, 108
Trd, 2591012.579, 87
Trd, 2591014.463, 105
Trd, 2591015.213, 105
Trd, 2591016.846, 97
Trd, 2591017.146, 95
Trd, 2591017.729, 96
Trd, 2591018.513, 91
Trd, 2591019.196, 100
Trd, 2591019.363, 95
Trd, 2591019.863, 95
Trd, 2591020.029, 94
Trd, 2591020.079, 91
Trd, 2591020.496, 102
Trd, 2591021.346, 93
Trd, 2591022.063, 92
Trd, 2591022.279, 86
Trd, 2591024.379, 89
Trd, 2591024.563, 95
Trd, 2591026.179, 110
Trd, 2591027.196, 96
Trd, 2591027.663, 96
Trd, 2591028.963, 94
Trd, 2591029.046, 90
Trd, 2591030.296, 90
Trd, 2591031.079, 91
Trd, 2591031.146, 102
Trd, 2591031.846, 106
Trd, 2591032.796, 106
Trd, 2591032.963, 105
Trd, 2591033.479, 104
Trd, 2591034.429, 106
Trd, 2591035.113, 99
Trd, 2591036.629, 95
Trd, 2591037.163, 97
Trd, 2591037.696, 94
Trd, 2591039.163, 105
Trd, 2591039.946, 104
Trd, 2591040.013, 103
Trd, 2591040.079, 101
Trd, 2591042.096, 106
Trd, 2591042.379, 98
Trd, 2591042.729, 99
Trd, 2591042.929, 97
Trd, 2591043.379, 102
Trd, 2591045.013, 93
Trd, 2591046.246, 92
Trd, 2591046.296, 89
Trd, 2591047.029, 86
Trd, 2591047.629, 89
Trd, 2591048.413, 100
Trd, 2591048.996, 85
Trd, 2591049.563, 99
Trd, 2591050.163, 106
Trd, 2591050.613, 87
Trd, 2591051.229, 107
Trd, 2591052.346, 108
Trd, 2591053.263, 113
Trd, 2591053.429, 95
Trd, 2591053.679, 115
Trd, 2591054.313, 95
Trd, 2591054.946, 104
Trd, 2591056.796, 96
Trd, 2591058.363, 101
Trd, 2591058.846, 94
Trd, 2591058.996, 93
Trd, 2591059.796, 98
Trd, 2591060.163, 94
Trd, 2591060.796, 114
Trd, 2591061.496, 94
Trd, 2591062.513, 93
Trd, 2591064.746, 94
Trd, 2591065.313, 106
Trd, 2591066.363, 107
Trd, 2591066.596, 106
Trd, 2591067.463, 96
Trd, 2591067.579, 95
Trd, 2591069.413, 101
Trd, 2591069.979, 92
Trd, 2591070.563, 94
Trd, 2591070.629, 100
Trd, 2591070.946, 88
Trd, 2591072.279, 94
Trd, 2591073.163, 111
Trd, 2591073.329, 115
Trd, 2591074.546, 107
Trd, 2591075.229, 105
Trd, 2591075.996, 107
Trd, 2591076.579, 105
Trd, 2591076.596, 109
Trd, 2591076.696, 97
Trd, 2591077.696, 99
Trd, 2591079.129, 93
Trd, 2591079.429, 115
Trd, 2591079.629, 91
Trd, 2591080.029, 89
Trd, 2591081.463, 94
Trd, 2591081.496, 92
Trd, 2591081.996, 89
Trd, 2591082.929, 88
Trd, 2591083.163, 87
Trd, 2591083.796, 88
Trd, 2591084.429, 86
Trd, 2591086.696, 114
Trd, 2591086.829, 108
Trd, 2591088.413, 110
Trd, 2591088.696, 106
Trd, 2591089.413, 108
Trd, 2591089.479, 105
Trd, 2591090.796, 95
Trd, 2591091.879, 94
Trd, 2591091.929, 105
Trd, 2591094.463, 99
Trd, 2591095.779, 109
Trd, 2591096.129, 105
Trd, 2591096.213, 95
Trd, 2591096.479, 107
Trd, 2591097.829, 105
Trd, 2591098.229, 94
Trd, 2591098.579, 88
Trd, 2591098.863, 104
Trd, 2591099.229, 92
Trd, 2591099.479, 86
Trd, 2591099.529, 81
Trd, 2591099.929, 89
Trd, 2591101.429, 92
Trd, 2591101.879, 102
Trd, 2591102.379, 94
Trd, 2591102.746, 94
Trd, 2591104.996, 99
Trd, 2591105.513, 97
Trd, 2591105.879, 96
Trd, 2591107.979, 108
Trd, 2591108.063, 106
Trd, 2591108.163, 108
Trd, 2591108.396, 99
Trd, 2591108.696, 111
Trd, 2591109.013, 98
Trd, 2591110.046, 106
Trd, 2591110.629, 94
Trd, 2591110.829, 93
Trd, 2591111.246, 102
Trd, 2591112.679, 86
Trd, 2591113.096, 94
Trd, 2591114.929, 108
Trd, 2591115.646, 107
Trd, 2591116.829, 95
Trd, 2591116.846, 94
Trd, 2591118.229, 93
Trd, 2591119.113, 108
Trd, 2591119.296, 92
Trd, 2591119.879, 91
Trd, 2591120.646, 86
Trd, 2591120.996, 101
Trd, 2591121.296, 86
Trd, 2591121.479, 85
Trd, 2591121.746, 84
Trd, 2591122.429, 100
Trd, 2591122.696, 98
Trd, 2591123.429, 92
Trd, 2591123.796, 86
Trd, 2591124.746, 102
Trd, 2591124.796, 92
Trd, 2591125.829, 108
Trd, 2591127.663, 115
Trd, 2591127.829, 114
Trd, 2591128.663, 105
Trd, 2591129.096, 107
Trd, 2591130.579, 98
Trd, 2591132.279, 101
Trd, 2591132.596, 101
Trd, 2591133.196, 102
Trd, 2591133.596, 99
Trd, 2591135.179, 94
Trd, 2591135.579, 93
Trd, 2591135.846, 99
Trd, 2591136.313, 90
Trd, 2591136.463, 103
Trd, 2591138.513, 89
Trd, 2591138.963, 102
Trd, 2591139.579, 89
Trd, 2591140.679, 97
Trd, 2591140.813, 107
Trd, 2591141.013, 94
Trd, 2591142.896, 96
Trd, 2591142.913, 94
Trd, 2591142.946, 94
Trd, 2591143.179, 91
Trd, 2591144.079, 104
Trd, 2591144.179, 105
Trd, 2591144.313, 100
Trd, 2591144.563, 96
Trd, 2591147.079, 105
Trd, 2591148.279, 107
Trd, 2591148.429, 108
Trd, 2591148.579, 96
Trd, 2591149.679, 105
Trd, 2591150.296, 97
Trd, 2591150.546, 96
Trd, 2591152.346, 98
Trd, 2591153.463, 96
Trd, 2591154.046, 101
Trd, 2591155.113, 105
Trd, 2591155.329, 100
Trd, 2591156.629, 97
Trd, 2591157.479, 98
Trd, 2591159.196, 95
Trd, 2591159.729, 94
Trd, 2591159.963, 95
Trd, 2591161.846, 102
Trd, 2591162.046, 89
Trd, 2591162.113, 88
Trd, 2591162.129, 87
Trd, 2591162.196, 103
Trd, 2591162.963, 107
Trd, 2591164.063, 94
Trd, 2591164.629, 104
Trd, 2591165.296, 92
Trd, 2591165.363, 91
Trd, 2591165.646, 88
Trd, 2591167.713, 93
Trd, 2591167.796, 87
Trd, 2591168.546, 93
Trd, 2591171.829, 99
Trd, 2591172.013, 100
Trd, 2591173.179, 102
Trd, 2591174.063, 103
Trd, 2591174.279, 100
Trd, 2591174.863, 103
Trd, 2591175.196, 96
Trd, 2591176.329, 95
Trd, 2591176.896, 93
Trd, 2591177.563, 105
Trd, 2591178.246, 100
Trd, 2591179.346, 108
Trd, 2591179.546, 108
Trd, 2591179.779, 109
Trd, 2591179.979, 107
Trd, 2591180.013, 103
Trd, 2591180.079, 100
Trd, 2591180.113, 95
Trd, 2591181.096, 102
Trd, 2591183.313, 100
Trd, 2591183.779, 93
Trd, 2591185.179, 98
Trd, 2591185.496, 97
Trd, 2591186.296, 94
Trd, 2591187.879, 93
Trd, 2591188.096, 91
Trd, 2591188.113, 87
Trd, 2591188.446, 87
Trd, 2591189.113, 107
Trd, 2591189.229, 106
Trd, 2591190.313, 86
Trd, 2591191.246, 104
Trd, 2591192.896, 101
Trd, 2591193.513, 102
Trd, 2591194.729, 103
Trd, 2591195.996, 104
Trd, 2591197.113, 106
Trd, 2591197.246, 105
Trd, 2591197.829, 112
Trd, 2591197.846, 116
Trd, 2591198.463, 101
Trd, 2591199.529, 97
Trd, 2591199.546, 96
Trd, 2591199.629, 105
Trd, 2591200.496, 96
Trd, 2591200.696, 95
Trd, 2591200.896, 94
Trd, 2591201.196, 100
Trd, 2591202.529, 91
Trd, 2591202.929, 87
Trd, 2591203.629, 86
Trd, 2591203.863, 105
Trd, 2591205.196, 90
Trd, 2591206.229, 84
Trd, 2591206.763, 83
Trd, 2591207.179, 101
Trd, 2591207.779, 91
Trd, 2591208.846, 87
Trd, 2591209.213, 92
Trd, 2591210.279, 90
Trd, 2591211.963, 91
Trd, 2591212.079, 99
Trd, 2591213.063, 93
Trd, 2591214.463, 94
Trd, 2591215.079, 93
Trd, 2591215.863, 92
Trd, 2591215.913, 91
Trd, 2591217.246, 95
Trd, 2591218.296, 92
Trd, 2591218.963, 94
Trd, 2591220.446, 95
Trd, 2591220.829, 102
Trd, 2591221.079, 94
Trd, 2591223.146, 101
Trd, 2591223.213, 102
Trd, 2591223.829, 97
Trd, 2591224.479, 97
Trd, 2591225.379, 94
Trd, 2591225.463, 95
Trd, 2591226.529, 97
Trd, 2591227.079, 95
Trd, 2591227.146, 105
Trd, 2591227.396, 94
Trd, 2591227.746, 92
Trd, 2591228.379, 90
Trd, 2591229.363, 107
Trd, 2591229.379, 85
Trd, 2591229.829, 85
Trd, 2591230.363, 110
Trd, 2591231.879, 81
Trd, 2591231.963, 80
Trd, 2591233.529, 107
Trd, 2591234.496, 106
Trd, 2591234.563, 105
Trd, 2591234.679, 100
Trd, 2591236.729, 105
Trd, 2591237.063, 105
Trd, 2591238.463, 96
Trd, 2591238.646, 104
Trd, 2591239.346, 93
Trd, 2591240.413, 99
Trd, 2591240.446, 103
Trd, 2591241.629, 104
Trd, 2591242.646, 101
Trd, 2591243.263, 98
Trd, 2591243.863, 100
Trd, 2591244.713, 108
Trd, 2591244.846, 103
Trd, 2591245.429, 103
Trd, 2591245.729, 108
Trd, 2591247.729, 104
Trd, 2591247.929, 96
Trd, 2591249.063, 94
Trd, 2591249.963, 83
Trd, 2591250.446, 88
Trd, 2591250.629, 102
Trd, 2591251.713, 99
Trd, 2591252.779, 99
Trd, 2591252.846, 98
Trd, 2591253.696, 100
Trd, 2591253.929, 108
Trd, 2591254.529, 97
Trd, 2591255.046, 96
Trd, 2591255.079, 97
Trd, 2591255.979, 93
Trd, 2591256.896, 87
Trd, 2591257.929, 87
Trd, 2591258.096, 85
Trd, 2591260.729, 95
Trd, 2591260.746, 93
Trd, 2591261.346, 97
Trd, 2591261.379, 91
Trd, 2591261.529, 108
Trd, 2591262.129, 99
Trd, 2591262.663, 98
Trd, 2591263.396, 99
Trd, 2591263.929, 96
Trd, 2591264.463, 102
Trd, 2591264.946, 98
Trd, 2591265.329, 105
Trd, 2591265.829, 102
Trd, 2591267.946, 102
Trd, 2591269.046, 94
Trd, 2591269.779, 91
Trd, 2591269.996, 90
Trd, 2591270.113, 88
Trd, 2591272.163, 87
Trd, 2591272.679, 88
Trd, 2591272.879, 89
Trd, 2591273.963, 103
Trd, 2591274.013, 108
Trd, 2591276.229, 101
Trd, 2591276.779, 97
Trd, 2591278.563, 98
Trd, 2591278.779, 94
Trd, 2591278.996, 107
Trd, 2591279.796, 105
Trd, 2591280.396, 101
Trd, 2591280.446, 100
Trd, 2591281.713, 98
Trd, 2591282.313, 100
Trd, 2591282.679, 98
Trd, 2591283.029, 94
Trd, 2591283.629, 102
Trd, 2591284.363, 91
Trd, 2591284.896, 89
Trd, 2591284.963, 87
Trd, 2591285.529, 87
Trd, 2591286.896, 98
Trd, 2591287.646, 90
Trd, 2591288.279, 96
Trd, 2591289.213, 87
Trd, 2591290.613, 89
Trd, 2591290.713, 90
Trd, 2591290.746, 99
Trd, 2591292.463, 96
Trd, 2591293.329, 102
Trd, 2591293.446, 96
Trd, 2591293.996, 107
Trd, 2591294.079, 96
Trd, 2591295.163, 105
Trd, 2591295.296, 103
Trd, 2591295.663, 103
Trd, 2591297.863, 102
Trd, 2591298.696, 96
Trd, 2591299.513, 95
Trd, 2591301.229, 94
Trd, 2591302.096, 91
Trd, 2591302.379, 92
Trd, 2591302.763, 96
Trd, 2591302.829, 91
Trd, 2591303.463, 89
Trd, 2591304.213, 90
Trd, 2591304.296, 108
Trd, 2591305.663, 95
Trd, 2591306.046, 89
Trd, 2591306.313, 108
Trd, 2591306.429, 106
Trd, 2591306.596, 96
Trd, 2591307.379, 97
Trd, 2591308.163, 98
Trd, 2591308.563, 94
Trd, 2591309.129, 102
Trd, 2591311.013, 108
Trd, 2591312.379, 100
Trd, 2591314.179, 101
Trd, 2591314.196, 100
Trd, 2591316.313, 105
Trd, 2591316.646, 94
Trd, 2591317.346, 111
Trd, 2591317.429, 112
Trd, 2591318.129, 94
Trd, 2591318.746, 97
Trd, 2591318.979, 92
Trd, 2591319.129, 90
Trd, 2591319.963, 106
Trd, 2591320.013, 89
Trd, 2591321.096, 97
Trd, 2591321.479, 92
Trd, 2591322.463, 102
Trd, 2591322.813, 92
Trd, 2591322.979, 91
Trd, 2591323.213, 102
Trd, 2591326.163, 91
Trd, 2591326.329, 89
Trd, 2591326.729, 91
Trd, 2591326.846, 104
Trd, 2591327.196, 108
Trd, 2591328.479, 87
Trd, 2591328.513, 92
Trd, 2591329.696, 91
Trd, 2591330.646, 110
Trd, 2591330.913, 97
Trd, 2591331.146, 88
Trd, 2591332.796, 90
Trd, 2591333.513, 87
Trd, 2591333.829, 94
Trd, 2591334.363, 86
Trd, 2591335.346, 93
Trd, 2591336.379, 102
Trd, 2591337.179, 89
Trd, 2591337.346, 88
Trd, 2591338.263, 97
Trd, 2591339.529, 94
Trd, 2591339.813, 96
Trd, 2591339.896, 93
Trd, 2591340.496, 95
Trd, 2591342.529, 105
Trd, 2591343.663, 98
Trd, 2591344.346, 100
Trd, 2591344.413, 97
Trd, 2591345.346, 102
Trd, 2591346.713, 102
Trd, 2591347.496, 107
Trd, 2591348.113, 105
Trd, 2591348.429, 108
Trd, 2591348.529, 105
Trd, 2591349.313, 106
Trd, 2591350.529, 99
Trd, 2591350.763, 108
Trd, 2591351.396, 94
Trd, 2591352.379, 91
Trd, 2591352.446, 87
Trd, 2591352.879, 90
Trd, 2591354.046, 95
Trd, 2591354.763, 88
Trd, 2591356.763, 105
Trd, 2591357.113, 96
Trd, 2591357.163, 95
Trd, 2591358.946, 94
Trd, 2591359.346, 94
Trd, 2591360.196, 94
Trd, 2591360.813, 90
Trd, 2591362.046, 87
Trd, 2591362.929, 86
Trd, 2591363.396, 82
Trd, 2591363.563, 82
Trd, 2591365.546, 88
Trd, 2591365.679, 90
Trd, 2591365.796, 93
Trd, 2591368.096, 88
Trd, 2591368.729, 102
Trd, 2591369.979, 89
Trd, 2591370.763, 96
Trd, 2591370.946, 102
Trd, 2591371.346, 94
Trd, 2591372.163, 93
Trd, 2591373.063, 94
Trd, 2591374.846, 103
Trd, 2591375.829, 103
Trd, 2591377.196, 105
Trd, 2591377.229, 112
Trd, 2591377.679, 102
Trd, 2591378.113, 103
Trd, 2591378.729, 103
Trd, 2591379.096, 102
Trd, 2591379.363, 96
Trd, 2591379.446, 95
Trd, 2591381.029, 94
Trd, 2591381.629, 109
Trd, 2591381.746, 90
Trd, 2591382.379, 91
Trd, 2591382.629, 90
Trd, 2591384.029, 102
Trd, 2591384.529, 90
Trd, 2591384.779, 90
Trd, 2591385.246, 95
Trd, 2591385.629, 94
Trd, 2591385.863, 94
Trd, 2591387.463, 106
Trd, 2591387.513, 100
Trd, 2591388.796, 107
Trd, 2591391.279, 102
Trd, 2591391.546, 91
Trd, 2591392.279, 100
Trd, 2591392.779, 92
Trd, 2591393.346, 105
Trd, 2591394.363, 106
Trd, 2591394.463, 108
Trd, 2591394.746, 105
Trd, 2591394.813, 101
Trd, 2591395.146, 101
Trd, 2591395.163, 99
Trd, 2591395.479, 96
Trd, 2591396.029, 108
Trd, 2591397.613, 95
Trd, 2591398.496, 94
Trd, 2591399.263, 91
Trd, 2591399.613, 89
Trd, 2591400.879, 92
Trd, 2591401.546, 97
Trd, 2591401.579, 115
Trd, 2591402.329, 91
Trd, 2591403.346, 101
Trd, 2591404.396, 96
Trd, 2591406.579, 99
Trd, 2591406.713, 108
Trd, 2591408.863, 116
Trd, 2591408.929, 115
Trd, 2591409.129, 109
Trd, 2591409.296, 104
Trd, 2591409.596, 91
Trd, 2591410.229, 91
Trd, 2591412.363, 91
Trd, 2591413.496, 91
Trd, 2591413.963, 107
Trd, 2591413.979, 105
Trd, 2591414.029, 87
Trd, 2591415.013, 89
Trd, 2591415.446, 83
Trd, 2591416.446, 87
Trd, 2591418.779, 93
Trd, 2591419.296, 100
Trd, 2591419.796, 95
Trd, 2591421.546, 95
Trd, 2591422.313, 100
Trd, 2591422.396, 95
Trd, 2591422.413, 94
Trd, 2591423.313, 92
Trd, 2591423.613, 94
Trd, 2591424.913, 87
Trd, 2591425.629, 102
Trd, 2591426.746, 106
Trd, 2591427.629, 96
Trd, 2591428.063, 102
Trd, 2591428.346, 111
Trd, 2591429.229, 115
Trd, 2591429.646, 88
Trd, 2591430.646, 87
Trd, 2591431.629, 89
Trd, 2591433.396, 91
Trd, 2591433.529, 102
Trd, 2591434.313, 91
Trd, 2591434.963, 102
Trd, 2591435.246, 104
Trd, 2591435.396, 92
Trd, 2591435.596, 90
Trd, 2591438.529, 91
Trd, 2591438.713, 90
Trd, 2591439.029, 89
Trd, 2591440.379, 87
Trd, 2591440.513, 97
Trd, 2591440.546, 97
Trd, 2591441.546, 100
Trd, 2591442.613, 100
Trd, 2591443.629, 102
Trd, 2591443.929, 98
Trd, 2591444.646, 95
Trd, 2591444.863, 106
Trd, 2591446.513, 97
Trd, 2591447.046, 94
Trd, 2591447.563, 92
Trd, 2591447.629, 102
Trd, 2591447.763, 102
Trd, 2591447.879, 88
Trd, 2591449.046, 102
Trd, 2591449.129, 89
Trd, 2591449.279, 103
Trd, 2591450.613, 90
Trd, 2591453.146, 99
Trd, 2591453.446, 93
Trd, 2591454.229, 102
Trd, 2591454.413, 99
Trd, 2591454.529, 93
Trd, 2591456.179, 98
Trd, 2591458.063, 100
Trd, 2591458.429, 97
Trd, 2591458.563, 95
Trd, 2591458.779, 95
Trd, 2591459.413, 95
Trd, 2591460.013, 95
Trd, 2591462.346, 104
Trd, 2591462.413, 100
Trd, 2591462.913, 105
Trd, 2591463.496, 96
Trd, 2591463.563, 107
Trd, 2591463.763, 108
Trd, 2591464.813, 117
Trd, 2591464.996, 94
Trd, 2591466.179, 102
Trd, 2591467.346, 100
Trd, 2591467.896, 99
Trd, 2591468.079, 108
Trd, 2591468.546, 97
Trd, 2591469.013, 122
Trd, 2591470.613, 94
Trd, 2591470.763, 93
Trd, 2591472.729, 94
Trd, 2591475.146, 102
Trd, 2591475.713, 107
Trd, 2591475.996, 105
Trd, 2591476.329, 108
Trd, 2591476.829, 103
Trd, 2591477.163, 96
Trd, 2591478.113, 98
Trd, 2591479.013, 99
Trd, 2591479.479, 95
Trd, 2591479.896, 98
Trd, 2591481.129, 107
Trd, 2591482.079, 101
Trd, 2591482.796, 102
Trd, 2591483.263, 102
Trd, 2591483.296, 97
Trd, 2591483.363, 110
Trd, 2591483.546, 94
Trd, 2591484.879, 89
Trd, 2591485.113, 90
Trd, 2591486.546, 93
Trd, 2591487.346, 92
Trd, 2591487.446, 87
Trd, 2591488.646, 101
Trd, 2591488.863, 97
Trd, 2591489.496, 96
Trd, 2591489.546, 89
Trd, 2591490.596, 84
Trd, 2591491.463, 87
Trd, 2591491.779, 86
Trd, 2591492.446, 102
Trd, 2591493.063, 121
Trd, 2591493.813, 88
Trd, 2591494.363, 88
Trd, 2591497.996, 100
Trd, 2591498.179, 93
Trd, 2591498.263, 96
Trd, 2591499.196, 94
Trd, 2591501.329, 99
Trd, 2591501.979, 98
Trd, 2591502.063, 97
Trd, 2591502.396, 99
Trd, 2591502.413, 97
Trd, 2591502.579, 96
Trd, 2591503.563, 96
Trd, 2591503.663, 94
Trd, 2591504.413, 101
Trd, 2591505.063, 95
Trd, 2591505.779, 103
Trd, 2591507.446, 102
Trd, 2591508.129, 101
Trd, 2591508.713, 96
Trd, 2591508.863, 94
Trd, 2591509.379, 94
Trd, 2591509.946, 93
Trd, 2591510.063, 92
Trd, 2591510.663, 91
Trd, 2591510.879, 91
Trd, 2591511.296, 107
Trd, 2591511.379, 99
Trd, 2591511.596, 87
Trd, 2591513.113, 88
Trd, 2591513.429, 89
Trd, 2591514.329, 102
Trd, 2591515.213, 91
Trd, 2591516.479, 90
Trd, 2591517.113, 101
Trd, 2591517.679, 87
Trd, 2591518.346, 98
Trd, 2591519.146, 99
Trd, 2591519.846, 103
Trd, 2591520.429, 94
Trd, 2591520.646, 103
Trd, 2591521.346, 105
Trd, 2591521.929, 100
Trd, 2591522.063, 94
Trd, 2591522.396, 93
Trd, 2591522.513, 109
Trd, 2591523.463, 92
Trd, 2591526.679, 108
Trd, 2591527.179, 105
Trd, 2591527.263, 96
Trd, 2591527.513, 87
Trd, 2591527.579, 87
Trd, 2591528.413, 86
Trd, 2591529.346, 86
Trd, 2591529.396, 101
Trd, 2591529.429, 103
Trd, 2591529.629, 84
Trd, 2591530.646, 84
Trd, 2591531.029, 104
Trd, 2591531.313, 105
Trd, 2591531.396, 109
Trd, 2591532.246, 96
Trd, 2591532.796, 91
Trd, 2591533.779, 116
Trd, 2591535.829, 92
Trd, 2591536.129, 94
Trd, 2591536.413, 123
Trd, 2591539.046, 105
Trd, 2591539.429, 103
Trd, 2591539.446, 99
Trd, 2591540.363, 97
Trd, 2591541.696, 97
Trd, 2591542.579, 95
Trd, 2591543.079, 101
Trd, 2591543.329, 105
Trd, 2591543.363, 94
Trd, 2591543.713, 93
Trd, 2591544.263, 105
Trd, 2591544.346, 95
Trd, 2591544.413, 106
Trd, 2591546.696, 100
Trd, 2591547.196, 99
Trd, 2591547.313, 95
Trd, 2591547.496, 96
Trd, 2591547.563, 94
Trd, 2591548.913, 91
Trd, 2591549.713, 110
Trd, 2591549.846, 87
Trd, 2591550.196, 88
Trd, 2591551.063, 92
Trd, 2591551.796, 100
Trd, 2591551.929, 91
Trd, 2591553.646, 104
Trd, 2591553.796, 87
Trd, 2591554.563, 86
Trd, 2591556.913, 87
Trd, 2591557.413, 83
Trd, 2591558.679, 88
Trd, 2591559.196, 95
Trd, 2591559.329, 95
Trd, 2591559.529, 89
Trd, 2591560.613, 88
Trd, 2591560.963, 107
Trd, 2591561.546, 90
Trd, 2591562.263, 87
Trd, 2591563.296, 91
Trd, 2591563.829, 94
Trd, 2591566.446, 93
Trd, 2591567.296, 105
Trd, 2591568.246, 94
Trd, 2591568.913, 105
Trd, 2591569.563, 94
Trd, 2591570.679, 98
Trd, 2591570.746, 93
Trd, 2591571.113, 93
Trd, 2591572.646, 104
Trd, 2591573.029, 108
Trd, 2591573.646, 105
Trd, 2591574.196, 104
Trd, 2591574.429, 97
Trd, 2591574.596, 97
Trd, 2591574.979, 96
Trd, 2591576.213, 94
Trd, 2591577.163, 100
Trd, 2591577.529, 102
Trd, 2591578.246, 107
Trd, 2591578.879, 90
Trd, 2591579.246, 90
Trd, 2591579.946, 106
Trd, 2591580.529, 104
Trd, 2591580.579, 103
Trd, 2591581.263, 115
Trd, 2591582.496, 94
Trd, 2591582.746, 94
Trd, 2591584.346, 118
Trd, 2591585.063, 100
Trd, 2591585.213, 98
Trd, 2591585.946, 97
Trd, 2591586.113, 112
Trd, 2591586.546, 95
Trd, 2591587.129, 116
Trd, 2591587.313, 116
Trd, 2591588.313, 96
Trd, 2591588.463, 94
Trd, 2591590.396, 99
Trd, 2591593.146, 97
Trd, 2591593.363, 94
Trd, 2591593.546, 112
Trd, 2591594.029, 92
Trd, 2591594.363, 91
Trd, 2591594.846, 87
Trd, 2591595.429, 89
Trd, 2591595.746, 103
Trd, 2591598.346, 103
Trd, 2591598.379, 96
Trd, 2591599.029, 85
Trd, 2591600.546, 92
Trd, 2591601.546, 107
Trd, 2591602.296, 93
Trd, 2591603.463, 100
Trd, 2591603.929, 102
Trd, 2591604.079, 93
Trd, 2591604.146, 91
Trd, 2591604.813, 89
Trd, 2591606.513, 100
Trd, 2591606.779, 102
Trd, 2591608.013, 98
Trd, 2591608.196, 99
Trd, 2591609.713, 94
Trd, 2591609.779, 96
Trd, 2591610.079, 92
Trd, 2591611.413, 105
Trd, 2591612.563, 91
Trd, 2591613.429, 97
Trd, 2591613.929, 87
Trd, 2591613.979, 98
Trd, 2591614.479, 99
Trd, 2591614.729, 90
Trd, 2591615.779, 109
Trd, 2591615.813, 122
Trd, 2591616.829, 90
Trd, 2591618.346, 97
Trd, 2591618.729, 96
Trd, 2591620.146, 94
Trd, 2591620.829, 94
Trd, 2591620.896, 92
Trd, 2591621.513, 90
Trd, 2591623.429, 104
Trd, 2591624.196, 95
Trd, 2591624.729, 94
Trd, 2591625.463, 100
Trd, 2591626.196, 106
Trd, 2591627.213, 91
Trd, 2591628.779, 94
Trd, 2591629.179, 89
Trd, 2591630.029, 86
Trd, 2591632.146, 92
Trd, 2591632.263, 105
Trd, 2591632.879, 92
Trd, 2591632.913, 91
Trd, 2591633.179, 93
Trd, 2591633.763, 92
Trd, 2591633.779, 91
Trd, 2591633.813, 105
Trd, 2591635.363, 91
Trd, 2591636.829, 92
Trd, 2591638.113, 92
Trd, 2591638.329, 87
Trd, 2591638.879, 96
Trd, 2591640.013, 98
Trd, 2591640.496, 90
Trd, 2591641.879, 98
Trd, 2591642.013, 99
Trd, 2591642.963, 98
Trd, 2591643.313, 94
Trd, 2591644.396, 89
Trd, 2591644.679, 88
Trd, 2591645.096, 88
Trd, 2591645.263, 87
Trd, 2591645.446, 87
Trd, 2591646.579, 102
Trd, 2591646.796, 87
Trd, 2591647.046, 109
Trd, 2591647.513, 108
Trd, 2591647.763, 101
Trd, 2591648.796, 88
Trd, 2591649.179, 97
Trd, 2591651.846, 95
Trd, 2591652.379, 100
Trd, 2591653.313, 93
Trd, 2591653.696, 88
Trd, 2591654.796, 95
Trd, 2591655.946, 115
Trd, 2591656.096, 111
Trd, 2591656.613, 104
Trd, 2591657.913, 110
Trd, 2591658.463, 96
Trd, 2591658.479, 94
Trd, 2591660.063, 87
Trd, 2591661.079, 90
Trd, 2591661.913, 95
Trd, 2591662.013, 91
Trd, 2591662.529, 100
Trd, 2591663.729, 91
Trd, 2591664.413, 102
Trd, 2591666.063, 92
Trd, 2591666.146, 104
Trd, 2591666.663, 94
Trd, 2591666.796, 92
Trd, 2591667.146, 97
Trd, 2591667.746, 94
Trd, 2591668.879, 89
Trd, 2591669.479, 89
Trd, 2591669.779, 87
Trd, 2591671.396, 90
Trd, 2591673.396, 93
Trd, 2591673.413, 95
Trd, 2591673.879, 92
Trd, 2591675.296, 91
Trd, 2591675.746, 93
Trd, 2591676.013, 87
Trd, 2591676.029, 100
Trd, 2591676.546, 88
Trd, 2591677.746, 84
Trd, 2591677.813, 102
Trd, 2591678.763, 83
Trd, 2591679.313, 99
Trd, 2591680.446, 104
Trd, 2591681.696, 99
Trd, 2591681.896, 97
Trd, 2591682.729, 104
Trd, 2591682.946, 97
Trd, 2591683.163, 96
Trd, 2591683.829, 94
Trd, 2591684.046, 95
Trd, 2591684.829, 105
Trd, 2591685.579, 108
Trd, 2591685.863, 94
Trd, 2591687.963, 101
Trd, 2591688.246, 100
Trd, 2591688.929, 100
Trd, 2591690.713, 105
Trd, 2591690.879, 101
Trd, 2591691.979, 108
Trd, 2591692.396, 97
Trd, 2591693.379, 94
Trd, 2591693.429, 103
Trd, 2591693.579, 105
Trd, 2591693.646, 93
Trd, 2591693.963, 91
Trd, 2591694.163, 93
Trd, 2591694.379, 97
Trd, 2591695.313, 106
Trd, 2591696.646, 95
Trd, 2591696.779, 89
Trd, 2591697.696, 105
Trd, 2591698.179, 87
Trd, 2591699.196, 100
Trd, 2591700.213, 84
Trd, 2591701.663, 86
Trd, 2591702.963, 91
Trd, 2591702.979, 90
Trd, 2591703.596, 90
Trd, 2591705.113, 90
Trd, 2591706.646, 87
Trd, 2591707.796, 92
Trd, 2591707.896, 91
Trd, 2591708.079, 90
Trd, 2591708.563, 105
Trd, 2591708.863, 88
Trd, 2591710.296, 108
Trd, 2591710.596, 94
Trd, 2591711.263, 105
Trd, 2591712.046, 89
Trd, 2591712.979, 87
Trd, 2591715.529, 96
Trd, 2591715.713, 89
Trd, 2591715.796, 87
Trd, 2591716.396, 98
Trd, 2591717.179, 92
Trd, 2591718.146, 91
Trd, 2591718.596, 91
Trd, 2591718.763, 94
Trd, 2591718.846, 102
Trd, 2591719.696, 103
Trd, 2591719.846, 101
Trd, 2591720.129, 96
Trd, 2591720.196, 106
Trd, 2591720.829, 108
Trd, 2591721.413, 100
Trd, 2591722.296, 94
Trd, 2591723.429, 88
Trd, 2591725.579, 89
Trd, 2591725.963, 112
Trd, 2591726.813, 115
Trd, 2591728.063, 114
Trd, 2591729.129, 122
Trd, 2591729.513, 109
Trd, 2591729.813, 105
Trd, 2591730.379, 100
Trd, 2591730.479, 98
Trd, 2591730.846, 96
Trd, 2591731.763, 112
Trd, 2591731.813, 114
Trd, 2591732.029, 106
Trd, 2591732.446, 95
Trd, 2591733.496, 95
Trd, 2591733.513, 95
Trd, 2591734.263, 87
Trd, 2591735.879, 99
Trd, 2591736.496, 109
Trd, 2591736.729, 95
Trd, 2591737.146, 92
Trd, 2591738.896, 97
Trd, 2591739.513, 100
Trd, 2591739.813, 98
Trd, 2591740.413, 87
Trd, 2591741.129, 82
Trd, 2591742.979, 97
Trd, 2591743.229, 90
Trd, 2591743.279, 102
Trd, 2591743.663, 90
Trd, 2591743.746, 86
Trd, 2591745.746, 82
Trd, 2591748.513, 87
Trd, 2591749.413, 83
Trd, 2591749.796, 88
Trd, 2591749.829, 102
Trd, 2591750.179, 101
Trd, 2591750.296, 101
Trd, 2591751.029, 101
Trd, 2591751.096, 100
Trd, 2591752.096, 98
Trd, 2591753.013, 94
Trd, 2591753.779, 98
Trd, 2591754.663, 92
Trd, 2591755.096, 90
Trd, 2591756.029, 85
Trd, 2591756.046, 87
Trd, 2591756.213, 89
Trd, 2591759.196, 100
Trd, 2591759.346, 101
Trd, 2591760.013, 89
Trd, 2591760.646, 90
Trd, 2591763.163, 97
Trd, 2591764.096, 95
Trd, 2591764.363, 94
Trd, 2591764.446, 105
Trd, 2591764.646, 94
Trd, 2591764.663, 92
Trd, 2591764.779, 92
Trd, 2591764.879, 106
Trd, 2591765.746, 100
Trd, 2591767.146, 101
Trd, 2591767.613, 100
Trd, 2591768.713, 100
Trd, 2591769.263, 97
Trd, 2591769.446, 100
Trd, 2591771.396, 91
Trd, 2591772.863, 91
Trd, 2591773.779, 92
Trd, 2591774.029, 85
Trd, 2591775.763, 105
Trd, 2591775.929, 105
Trd, 2591777.463, 101
Trd, 2591777.696, 93
Trd, 2591778.446, 94
Trd, 2591778.879, 95
Trd, 2591778.996, 92
Trd, 2591779.813, 112
Trd, 2591780.046, 94
Trd, 2591781.646, 97
Trd, 2591781.996, 94
Trd, 2591782.163, 92
Trd, 2591782.679, 96
Trd, 2591783.696, 107
Trd, 2591783.729, 92
Trd, 2591784.263, 90
Trd, 2591785.796, 92
Trd, 2591786.446, 90
Trd, 2591786.629, 89
Trd, 2591786.779, 87
Trd, 2591787.529, 105
Trd, 2591789.546, 101
Trd, 2591789.696, 100
Trd, 2591789.829, 88
Trd, 2591791.879, 91
Trd, 2591793.213, 101
Trd, 2591793.229, 90
Trd, 2591793.713, 102
Trd, 2591794.829, 92
Trd, 2591795.729, 90
Trd, 2591796.163, 87
Trd, 2591796.446, 85
Trd, 2591796.579, 92
Trd, 2591797.396, 88
Trd, 2591797.529, 102
Trd, 2591797.563, 111
Trd, 2591798.763, 100
Trd, 2591799.646, 100
Trd, 2591799.996, 99
Trd, 2591800.329, 108
Trd, 2591802.946, 93
Trd, 2591803.429, 82
Trd, 2591804.563, 93
Trd, 2591804.779, 90
Trd, 2591805.546, 94
Trd, 2591805.579, 92
Trd, 2591805.663, 95
Trd, 2591806.379, 107
Trd, 2591808.496, 94
Trd, 2591808.746, 102
Trd, 2591808.879, 105
Trd, 2591809.413, 108
Trd, 2591810.463, 100
Trd, 2591812.079, 102
Trd, 2591812.113, 115
Trd, 2591812.496, 112
Trd, 2591813.029, 105
Trd, 2591813.379, 100
Trd, 2591813.596, 97
Trd, 2591813.896, 94
Trd, 2591814.879, 107
Trd, 2591816.779, 103
Trd, 2591817.563, 88
Trd, 2591819.246, 108
Trd, 2591819.513, 96
Trd, 2591819.779, 94
Trd, 2591820.196, 103
Trd, 2591822.363, 102
Trd, 2591822.413, 101
Trd, 2591822.429, 98
Trd, 2591822.463, 97
Trd, 2591823.363, 97
Trd, 2591823.679, 98
Trd, 2591824.463, 95
Trd, 2591824.629, 104
Trd, 2591825.063, 113
Trd, 2591825.379, 91
Trd, 2591825.463, 90
Trd, 2591825.963, 87
Trd, 2591826.229, 86
Trd, 2591828.363, 95
Trd, 2591830.429, 94
Trd, 2591830.863, 96
Trd, 2591831.729, 102
Trd, 2591832.363, 104
Trd, 2591833.563, 96
Trd, 2591833.713, 94
Trd, 2591834.213, 98
Trd, 2591834.363, 94
Trd, 2591834.963, 91
Trd, 2591835.479, 106
Trd, 2591835.929, 97
Trd, 2591836.363, 101
Trd, 2591837.446, 107
Trd, 2591838.546, 106
Trd, 2591838.613, 105
Trd, 2591838.663, 93
Trd, 2591839.446, 108
Trd, 2591840.546, 95
Trd, 2591840.746, 91
Trd, 2591840.996, 90
Trd, 2591842.396, 107
Trd, 2591843.113, 105
Trd, 2591843.396, 101
Trd, 2591845.129, 107
Trd, 2591845.496, 108
Trd, 2591845.796, 110
Trd, 2591846.629, 117
Trd, 2591847.063, 113
Trd, 2591847.496, 111
Trd, 2591847.696, 115
Trd, 2591848.146, 106
Trd, 2591849.129, 119
Trd, 2591849.413, 109
Trd, 2591850.446, 105
Trd, 2591850.596, 99
Trd, 2591851.813, 94
Trd, 2591852.163, 90
Trd, 2591853.396, 87
Trd, 2591853.446, 84
Trd, 2591853.796, 83
Trd, 2591855.029, 88
Trd, 2591855.063, 90
Trd, 2591855.429, 93
Trd, 2591855.746, 96
Trd, 2591855.979, 83
Trd, 2591856.229, 84
Trd, 2591857.246, 89
Trd, 2591858.063, 101
Trd, 2591860.313, 92
Trd, 2591860.763, 91
Trd, 2591862.196, 101
Trd, 2591862.996, 93
Trd, 2591863.829, 102
Trd, 2591864.379, 98
Trd, 2591864.513, 97
Trd, 2591865.196, 111
Trd, 2591865.496, 100
Trd, 2591866.163, 96
Trd, 2591866.363, 95
Trd, 2591866.896, 106
Trd, 2591867.613, 94
Trd, 2591867.996, 93
Trd, 2591868.763, 91
Trd, 2591869.696, 108
Trd, 2591869.729, 106
Trd, 2591870.629, 85
Trd, 2591870.796, 86
Trd, 2591874.246, 96
Trd, 2591874.396, 94
Trd, 2591875.063, 109
Trd, 2591875.729, 105
Trd, 2591876.846, 98
Trd, 2591877.029, 97
Trd, 2591877.263, 109
Trd, 2591877.463, 95
Trd, 2591878.213, 110
Trd, 2591878.979, 106
Trd, 2591879.663, 94
Trd, 2591881.479, 94
Trd, 2591882.129, 94
Trd, 2591882.146, 108
Trd, 2591882.279, 92
Trd, 2591882.479, 92
Trd, 2591883.046, 88
Trd, 2591884.013, 87
Trd, 2591884.896, 93
Trd, 2591887.263, 94
Trd, 2591887.763, 94
Trd, 2591888.129, 99
Trd, 2591889.079, 109
Trd, 2591890.279, 95
Trd, 2591891.163, 93
Trd, 2591891.213, 91
Trd, 2591891.629, 87
Trd, 2591891.696, 108
Trd, 2591893.246, 83
Trd, 2591893.763, 88
Trd, 2591894.579, 92
Trd, 2591894.596, 107
Trd, 2591894.963, 90
Trd, 2591896.013, 118
Trd, 2591896.079, 112
Trd, 2591896.879, 106
Trd, 2591897.029, 96
Trd, 2591897.729, 96
Trd, 2591899.596, 96
Trd, 2591900.829, 94
Trd, 2591901.296, 90
Trd, 2591901.329, 106
Trd, 2591904.113, 94
Trd, 2591904.929, 108
Trd, 2591906.329, 109
Trd, 2591906.346, 114
Trd, 2591908.596, 114
Trd, 2591908.613, 113
Trd, 2591908.879, 108
Trd, 2591909.213, 99
Trd, 2591910.246, 98
Trd, 2591911.046, 98
Trd, 2591911.613, 97
Trd, 2591912.163, 98
Trd, 2591912.329, 99
Trd, 2591913.296, 95
Trd, 2591913.779, 94
Trd, 2591914.046, 94
Trd, 2591914.229, 102
Trd, 2591914.796, 106
Trd, 2591915.896, 89
Trd, 2591916.979, 111
Trd, 2591917.096, 115
Trd, 2591917.163, 110
Trd, 2591919.046, 106
Trd, 2591919.246, 113
Trd, 2591920.546, 108
Trd, 2591921.296, 109
Trd, 2591921.663, 105
Trd, 2591922.513, 99
Trd, 2591923.996, 95
Trd, 2591924.596, 94
Trd, 2591924.679, 93
Trd, 2591924.796, 89
Trd, 2591925.746, 88
Trd, 2591925.996, 87
Trd, 2591926.696, 83
Trd, 2591927.496, 87
Trd, 2591930.663, 81
Trd, 2591931.779, 84
Trd, 2591931.829, 82
Trd, 2591932.713, 89
Trd, 2591932.746, 90
Trd, 2591932.963, 102
Trd, 2591933.896, 105
Trd, 2591934.463, 93
Trd, 2591934.496, 92
Trd, 2591935.563, 90
Trd, 2591936.896, 89
Trd, 2591938.296, 95
Trd, 2591940.713, 100
Trd, 2591941.896, 101
Trd, 2591941.996, 105
Trd, 2591942.313, 102
Trd, 2591942.763, 100
Trd, 2591942.863, 108
Trd, 2591943.213, 101
Trd, 2591943.313, 98
Trd, 2591944.446, 96
Trd, 2591945.346, 94
Trd, 2591945.629, 95
Trd, 2591949.263, 91
Trd, 2591949.713, 93
Trd, 2591949.896, 97
Trd, 2591949.979, 91
Trd, 2591950.313, 90
Trd, 2591950.946, 88
Trd, 2591950.996, 87
Trd, 2591951.063, 100
Trd, 2591951.546, 102
Trd, 2591952.063, 82
Trd, 2591952.313, 82
Trd, 2591952.829, 111
Trd, 2591955.229, 91
Trd, 2591955.646, 91
Trd, 2591955.729, 92
Trd, 2591958.446, 105
Trd, 2591958.513, 103
Trd, 2591958.696, 108
Trd, 2591958.763, 101
Trd, 2591959.629, 96
Trd, 2591961.113, 95
Trd, 2591961.979, 114
Trd, 2591962.046, 115
Trd, 2591963.229, 117
Trd, 2591963.396, 116
Trd, 2591963.546, 111
Trd, 2591965.196, 98
Trd, 2591965.663, 104
Trd, 2591965.763, 94
Trd, 2591968.429, 98
Trd, 2591969.363, 104
Trd, 2591969.646, 102
Trd, 2591969.779, 101
Trd, 2591969.796, 97
Trd, 2591970.779, 97
Trd, 2591971.329, 92
Trd, 2591972.163, 105
Trd, 2591972.329, 107
Trd, 2591972.946, 95
Trd, 2591974.196, 92
Trd, 2591974.979, 90
Trd, 2591975.013, 94
Trd, 2591975.579, 87
Trd, 2591976.296, 87
Trd, 2591976.746, 83
Trd, 2591977.479, 99
Trd, 2591980.229, 95
Trd, 2591980.613, 94
Trd, 2591981.613, 94
Trd, 2591981.813, 92
Trd, 2591982.263, 92
Trd, 2591984.329, 102
Trd, 2591984.546, 92
Trd, 2591984.796, 91
Trd, 2591986.279, 88
Trd, 2591986.379, 87
Trd, 2591986.413, 89
Trd, 2591986.529, 84
Trd, 2591986.613, 91
Trd, 2591986.896, 84
Trd, 2591988.079, 101
Trd, 2591988.463, 102
Trd, 2591991.246, 89
Trd, 2591991.263, 105
Trd, 2591992.229, 87
Trd, 2591993.546, 110
Trd, 2591994.879, 99
Trd, 2591995.946, 110
Trd, 2591996.013, 105
Trd, 2591996.179, 110
Trd, 2591996.863, 104
Trd, 2591997.313, 98
Trd, 2591997.396, 97
Trd, 2591997.613, 96
Trd, 2591998.046, 115
Trd, 2591998.646, 113
Trd, 2591999.163, 108
