Trd, 2590692.729, 104
Trd, 2590693.896, 112
Trd, 2590693.946, 89
Trd, 2590695.479, 89
Trd, 2590696.013, 96
Trd, 2590696.079, 97
Trd, 2590696.763, 94
Trd, 2590698.079, 91
Trd, 2590698.113, 89
Trd, 2590698.563, 88
Trd, 2590698.579, 83
Trd, 2590699.263, 110
Trd, 2590699.379, 110
Trd, 2590700.146, 114
Trd, 2590700.813, 122
Trd, 2590702.013, 103
Trd, 2590702.046, 120
Trd, 2590702.079, 101
Trd, 2590702.696, 108
Trd, 2590702.929, 96
Trd, 2590703.563, 112
Trd, 2590704.629, 109
Trd, 2590705.646, 110
Trd, 2590705.896, 96
Trd, 2590706.213, 91
Trd, 2590707.963, 103
Trd, 2590708.063, 112
Trd, 2590708.629, 102
Trd, 2590709.513, 101
Trd, 2590710.063, 117
Trd, 2590710.096, 103
Trd, 2590710.396, 97
Trd, 2590710.963, 92
Trd, 2590711.396, 84
Trd, 2590711.663, 98
Trd, 2590712.279, 81
Trd, 2590712.496, 90
Trd, 2590713.963, 81
Trd, 2590714.163, 91
Trd, 2590714.379, 105
Trd, 2590714.713, 99
Trd, 2590716.513, 111
Trd, 2590717.329, 101
Trd, 2590718.096, 109
Trd, 2590718.679, 106
Trd, 2590718.913, 105
Trd, 2590719.663, 110
Trd, 2590720.379, 101
Trd, 2590720.579, 94
Trd, 2590720.896, 93
Trd, 2590721.213, 89
Trd, 2590722.346, 86
Trd, 2590723.413, 84
Trd, 2590723.596, 90
Trd, 2590723.629, 97
Trd, 2590723.746, 102
Trd, 2590723.846, 75
Trd, 2590724.179, 74
Trd, 2590724.579, 103
Trd, 2590724.996, 100
Trd, 2590726.813, 94
Trd, 2590727.496, 99
Trd, 2590728.013, 114
Trd, 2590728.396, 108
Trd, 2590728.996, 119
Trd, 2590729.696, 122
Trd, 2590730.779, 110
Trd, 2590730.996, 108
Trd, 2590731.763, 96
Trd, 2590732.113, 112
Trd, 2590733.063, 95
Trd, 2590733.096, 91
Trd, 2590733.113, 83
Trd, 2590733.213, 123
Trd, 2590736.779, 112
Trd, 2590737.146, 111
Trd, 2590737.613, 107
Trd, 2590738.446, 108
Trd, 2590738.563, 105
Trd, 2590739.229, 92
Trd, 2590739.496, 101
Trd, 2590739.513, 116
Trd, 2590739.863, 139
Trd, 2590740.429, 94
Trd, 2590740.613, 90
Trd, 2590740.663, 89
Trd, 2590740.796, 105
Trd, 2590741.246, 89
Trd, 2590742.396, 98
Trd, 2590742.696, 97
Trd, 2590742.829, 90
Trd, 2590743.763, 127
Trd, 2590744.096, 137
Trd, 2590744.429, 119
Trd, 2590745.246, 107
Trd, 2590746.079, 105
Trd, 2590746.513, 98
Trd, 2590748.196, 108
Trd, 2590748.313, 97
Trd, 2590748.513, 97
Trd, 2590748.629, 88
Trd, 2590750.013, 103
Trd, 2590750.479, 102
Trd, 2590750.963, 122
Trd, 2590752.096, 95
Trd, 2590752.929, 94
Trd, 2590753.996, 121
Trd, 2590754.196, 91
Trd, 2590755.279, 118
Trd, 2590756.429, 125
Trd, 2590756.563, 115
Trd, 2590757.329, 114
Trd, 2590758.063, 118
Trd, 2590758.163, 105
Trd, 2590759.079, 109
Trd, 2590759.346, 101
Trd, 2590759.429, 103
Trd, 2590759.696, 97
Trd, 2590760.063, 83
Trd, 2590760.246, 115
Trd, 2590760.479, 73
Trd, 2590760.563, 122
Trd, 2590762.563, 90
Trd, 2590763.129, 109
Trd, 2590763.346, 124
Trd, 2590763.513, 106
Trd, 2590763.946, 105
Trd, 2590764.563, 113
Trd, 2590764.746, 107
Trd, 2590765.663, 106
Trd, 2590766.096, 106
Trd, 2590766.146, 94
Trd, 2590766.379, 89
Trd, 2590767.696, 104
Trd, 2590767.979, 78
Trd, 2590768.696, 101
Trd, 2590768.863, 78
Trd, 2590770.746, 118
Trd, 2590771.813, 95
Trd, 2590772.413, 79
Trd, 2590773.279, 96
Trd, 2590773.463, 101
Trd, 2590773.579, 115
Trd, 2590775.046, 101
Trd, 2590775.313, 93
Trd, 2590775.596, 110
Trd, 2590775.979, 113
Trd, 2590776.063, 108
Trd, 2590777.446, 85
Trd, 2590777.946, 87
Trd, 2590778.879, 103
Trd, 2590779.079, 93
Trd, 2590779.863, 92
Trd, 2590780.379, 111
Trd, 2590780.529, 120
Trd, 2590780.713, 101
Trd, 2590781.429, 88
Trd, 2590781.563, 87
Trd, 2590781.646, 83
Trd, 2590781.996, 94
Trd, 2590783.229, 88
Trd, 2590783.729, 95
Trd, 2590784.663, 114
Trd, 2590785.813, 117
Trd, 2590786.279, 118
Trd, 2590787.129, 114
Trd, 2590787.213, 129
Trd, 2590787.463, 107
Trd, 2590787.829, 105
Trd, 2590788.796, 88
Trd, 2590789.379, 98
Trd, 2590789.613, 101
Trd, 2590789.679, 102
Trd, 2590790.613, 118
Trd, 2590790.813, 93
Trd, 2590790.946, 90
Trd, 2590791.513, 83
Trd, 2590793.163, 81
Trd, 2590794.379, 84
Trd, 2590795.763, 91
Trd, 2590795.929, 102
Trd, 2590796.313, 122
Trd, 2590797.296, 105
Trd, 2590798.179, 108
Trd, 2590799.263, 107
Trd, 2590799.613, 105
Trd, 2590799.713, 104
Trd, 2590800.229, 106
Trd, 2590800.529, 102
Trd, 2590801.196, 118
Trd, 2590801.229, 102
Trd, 2590801.296, 101
Trd, 2590801.646, 110
Trd, 2590802.563, 99
Trd, 2590803.846, 99
Trd, 2590804.813, 101
Trd, 2590805.446, 93
Trd, 2590805.546, 93
Trd, 2590805.646, 114
Trd, 2590806.113, 98
Trd, 2590806.396, 128
Trd, 2590806.596, 94
Trd, 2590807.246, 136
Trd, 2590807.679, 98
Trd, 2590808.613, 97
Trd, 2590808.813, 93
Trd, 2590809.096, 87
Trd, 2590810.596, 92
Trd, 2590811.013, 98
Trd, 2590811.363, 98
Trd, 2590811.496, 124
Trd, 2590813.046, 102
Trd, 2590813.246, 108
Trd, 2590814.163, 102
Trd, 2590814.829, 132
Trd, 2590814.929, 103
Trd, 2590815.113, 101
Trd, 2590815.296, 100
Trd, 2590817.313, 95
Trd, 2590817.979, 109
Trd, 2590818.646, 98
Trd, 2590818.729, 90
Trd, 2590819.913, 115
Trd, 2590820.129, 91
Trd, 2590820.579, 115
Trd, 2590822.129, 103
Trd, 2590822.996, 102
Trd, 2590823.446, 112
Trd, 2590823.713, 90
Trd, 2590824.413, 94
Trd, 2590824.863, 90
Trd, 2590824.979, 89
Trd, 2590825.396, 88
Trd, 2590825.629, 86
Trd, 2590827.213, 105
Trd, 2590827.629, 107
Trd, 2590828.813, 114
Trd, 2590829.213, 100
Trd, 2590829.446, 93
Trd, 2590831.596, 102
Trd, 2590832.296, 111
Trd, 2590832.446, 118
Trd, 2590833.846, 107
Trd, 2590833.963, 98
Trd, 2590835.346, 92
Trd, 2590835.429, 105
Trd, 2590836.179, 86
Trd, 2590836.513, 84
Trd, 2590836.879, 108
Trd, 2590837.463, 109
Trd, 2590837.696, 120
Trd, 2590838.246, 112
Trd, 2590838.646, 85
Trd, 2590838.963, 123
Trd, 2590839.146, 84
Trd, 2590839.163, 83
Trd, 2590839.529, 101
Trd, 2590839.796, 127
Trd, 2590840.729, 91
Trd, 2590841.846, 91
Trd, 2590842.113, 123
Trd, 2590842.313, 131
Trd, 2590842.696, 96
Trd, 2590844.629, 101
Trd, 2590845.429, 93
Trd, 2590846.013, 84
Trd, 2590846.863, 84
Trd, 2590847.279, 89
Trd, 2590847.713, 110
Trd, 2590848.329, 108
Trd, 2590849.146, 106
Trd, 2590850.013, 109
Trd, 2590850.346, 105
Trd, 2590850.429, 102
Trd, 2590850.913, 102
Trd, 2590851.579, 91
Trd, 2590851.913, 118
Trd, 2590852.446, 97
Trd, 2590854.379, 101
Trd, 2590854.929, 100
Trd, 2590855.146, 100
Trd, 2590855.446, 105
Trd, 2590855.679, 94
Trd, 2590856.413, 87
Trd, 2590856.479, 99
Trd, 2590856.863, 89
Trd, 2590857.563, 83
Trd, 2590857.579, 106
Trd, 2590857.796, 100
Trd, 2590858.629, 115
Trd, 2590858.679, 98
Trd, 2590858.896, 105
Trd, 2590859.129, 117
Trd, 2590859.546, 126
Trd, 2590860.746, 127
Trd, 2590861.463, 114
Trd, 2590863.246, 82
Trd, 2590866.629, 94
Trd, 2590867.229, 102
Trd, 2590867.679, 99
Trd, 2590867.696, 111
Trd, 2590868.729, 91
Trd, 2590868.863, 117
Trd, 2590868.979, 89
Trd, 2590869.479, 122
Trd, 2590869.779, 92
Trd, 2590870.263, 110
Trd, 2590870.279, 110
Trd, 2590871.179, 102
Trd, 2590871.796, 100
Trd, 2590871.913, 98
Trd, 2590871.946, 97
Trd, 2590872.663, 96
Trd, 2590873.696, 83
Trd, 2590873.863, 90
Trd, 2590874.113, 81
Trd, 2590874.579, 105
Trd, 2590875.129, 103
Trd, 2590875.379, 104
Trd, 2590876.496, 95
Trd, 2590877.196, 103
Trd, 2590878.046, 109
Trd, 2590878.296, 100
Trd, 2590878.596, 115
Trd, 2590878.996, 114
Trd, 2590879.379, 89
Trd, 2590879.879, 85
Trd, 2590880.996, 136
Trd, 2590881.246, 86
Trd, 2590881.829, 90
Trd, 2590882.429, 101
Trd, 2590883.129, 120
Trd, 2590883.446, 118
Trd, 2590884.979, 101
Trd, 2590885.363, 119
Trd, 2590886.296, 99
Trd, 2590886.329, 95
Trd, 2590886.596, 102
Trd, 2590886.813, 90
Trd, 2590887.396, 101
Trd, 2590888.746, 94
Trd, 2590890.113, 101
Trd, 2590890.579, 113
Trd, 2590890.613, 99
Trd, 2590891.696, 98
Trd, 2590891.746, 102
Trd, 2590893.363, 95
Trd, 2590893.529, 94
Trd, 2590894.863, 103
Trd, 2590895.679, 91
Trd, 2590896.146, 96
Trd, 2590896.379, 83
Trd, 2590896.596, 101
Trd, 2590897.113, 78
Trd, 2590897.246, 75
Trd, 2590897.413, 104
Trd, 2590897.713, 110
Trd, 2590898.979, 105
Trd, 2590900.196, 105
Trd, 2590900.279, 104
Trd, 2590900.513, 115
Trd, 2590902.629, 105
Trd, 2590902.963, 111
Trd, 2590903.246, 114
Trd, 2590904.079, 109
Trd, 2590904.163, 104
Trd, 2590904.346, 101
Trd, 2590904.779, 92
Trd, 2590905.146, 91
Trd, 2590905.279, 110
Trd, 2590905.963, 103
Trd, 2590906.779, 110
Trd, 2590907.046, 94
Trd, 2590908.029, 117
Trd, 2590908.163, 85
Trd, 2590909.229, 96
Trd, 2590911.646, 94
Trd, 2590912.179, 84
Trd, 2590912.279, 118
Trd, 2590913.679, 111
Trd, 2590914.246, 96
Trd, 2590914.713, 110
Trd, 2590914.746, 104
Trd, 2590916.263, 101
Trd, 2590917.479, 102
Trd, 2590917.763, 94
Trd, 2590918.929, 115
Trd, 2590919.179, 90
Trd, 2590919.529, 118
Trd, 2590919.996, 92
Trd, 2590920.179, 88
Trd, 2590921.263, 122
Trd, 2590921.979, 113
Trd, 2590923.863, 102
Trd, 2590924.363, 102
Trd, 2590924.629, 103
Trd, 2590925.646, 100
Trd, 2590925.729, 96
Trd, 2590925.946, 101
Trd, 2590926.396, 102
Trd, 2590927.946, 103
Trd, 2590928.379, 81
Trd, 2590928.996, 99
Trd, 2590929.696, 85
Trd, 2590929.713, 109
Trd, 2590929.829, 84
Trd, 2590929.996, 112
Trd, 2590931.879, 104
Trd, 2590932.129, 120
Trd, 2590932.379, 122
Trd, 2590933.896, 123
Trd, 2590933.963, 97
Trd, 2590934.579, 103
Trd, 2590934.596, 97
Trd, 2590934.946, 101
Trd, 2590935.479, 94
Trd, 2590936.129, 90
Trd, 2590937.929, 114
Trd, 2590938.163, 117
Trd, 2590939.046, 106
Trd, 2590940.013, 105
Trd, 2590940.213, 102
Trd, 2590940.846, 94
Trd, 2590941.129, 95
Trd, 2590941.696, 83
Trd, 2590941.979, 98
Trd, 2590942.096, 73
Trd, 2590942.829, 99
Trd, 2590943.079, 98
Trd, 2590943.963, 91
Trd, 2590944.279, 85
Trd, 2590944.296, 101
Trd, 2590945.563, 106
Trd, 2590945.629, 102
Trd, 2590948.013, 86
Trd, 2590948.729, 89
Trd, 2590948.879, 97
Trd, 2590949.446, 122
Trd, 2590951.346, 99
Trd, 2590952.513, 97
Trd, 2590953.446, 98
Trd, 2590954.613, 99
Trd, 2590955.113, 98
Trd, 2590955.163, 114
Trd, 2590956.646, 109
Trd, 2590956.829, 104
Trd, 2590956.946, 90
Trd, 2590957.129, 118
Trd, 2590957.263, 104
Trd, 2590957.396, 101
Trd, 2590957.813, 121
Trd, 2590958.129, 111
Trd, 2590958.746, 96
Trd, 2590958.913, 93
Trd, 2590959.746, 103
Trd, 2590960.779, 108
Trd, 2590960.979, 89
Trd, 2590961.463, 92
Trd, 2590961.796, 88
Trd, 2590962.846, 83
Trd, 2590964.346, 101
Trd, 2590964.929, 100
Trd, 2590965.179, 100
Trd, 2590965.446, 85
Trd, 2590965.696, 89
Trd, 2590966.946, 88
Trd, 2590969.296, 91
Trd, 2590969.796, 98
Trd, 2590970.629, 124
Trd, 2590970.696, 127
Trd, 2590971.746, 115
Trd, 2590971.929, 94
Trd, 2590972.479, 93
Trd, 2590972.613, 92
Trd, 2590972.696, 97
Trd, 2590973.079, 83
Trd, 2590973.829, 85
Trd, 2590974.629, 95
Trd, 2590975.646, 101
Trd, 2590976.146, 97
Trd, 2590976.196, 83
Trd, 2590977.346, 108
Trd, 2590977.896, 87
Trd, 2590978.696, 102
Trd, 2590979.913, 105
Trd, 2590979.963, 104
Trd, 2590980.363, 128
Trd, 2590980.946, 97
Trd, 2590981.496, 95
Trd, 2590981.646, 90
Trd, 2590981.796, 85
Trd, 2590982.279, 100
Trd, 2590982.446, 83
Trd, 2590982.713, 102
Trd, 2590983.329, 118
Trd, 2590984.146, 100
Trd, 2590984.613, 75
Trd, 2590986.763, 98
Trd, 2590987.713, 105
Trd, 2590988.413, 106
Trd, 2590988.546, 95
Trd, 2590989.379, 107
Trd, 2590989.396, 91
Trd, 2590989.446, 83
Trd, 2590989.663, 117
Trd, 2590990.279, 96
Trd, 2590990.679, 122
Trd, 2590991.996, 96
Trd, 2590992.513, 104
Trd, 2590993.313, 94
Trd, 2590994.013, 92
Trd, 2590994.529, 95
Trd, 2590994.579, 91
Trd, 2590995.229, 93
Trd, 2590995.613, 79
Trd, 2590995.813, 89
Trd, 2590996.063, 109
Trd, 2590996.663, 115
Trd, 2590998.429, 105
Trd, 2590999.729, 103
Trd, 2591001.079, 129
Trd, 2591001.196, 101
Trd, 2591001.546, 103
Trd, 2591002.346, 95
Trd, 2591003.413, 109
Trd, 2591003.813, 118
Trd, 2591004.829, 118
Trd, 2591005.629, 99
Trd, 2591006.413, 122
Trd, 2591006.813, 121
Trd, 2591007.329, 108
Trd, 2591007.546, 103
Trd, 2591008.429, 97
Trd, 2591008.779, 93
Trd, 2591009.346, 89
Trd, 2591009.546, 83
Trd, 2591009.696, 105
Trd, 2591010.013, 92
Trd, 2591010.196, 107
Trd, 2591012.213, 109
Trd, 2591012.379, 78
Trd, 2591013.463, 119
Trd, 2591013.863, 124
Trd, 2591014.063, 118
Trd, 2591014.263, 108
Trd, 2591014.279, 105
Trd, 2591014.963, 104
Trd, 2591016.613, 101
Trd, 2591017.096, 104
Trd, 2591018.113, 81
Trd, 2591018.229, 94
Trd, 2591019.113, 92
Trd, 2591019.463, 101
Trd, 2591021.246, 96
Trd, 2591021.813, 102
Trd, 2591022.229, 120
Trd, 2591022.296, 101
Trd, 2591023.079, 101
Trd, 2591023.246, 97
Trd, 2591023.446, 101
Trd, 2591025.463, 114
Trd, 2591025.679, 122
Trd, 2591026.263, 129
Trd, 2591026.396, 83
Trd, 2591026.829, 83
Trd, 2591028.313, 104
Trd, 2591028.479, 94
Trd, 2591029.229, 95
Trd, 2591029.763, 95
Trd, 2591030.113, 94
Trd, 2591030.346, 91
Trd, 2591031.696, 85
Trd, 2591032.929, 90
Trd, 2591033.796, 112
Trd, 2591034.563, 104
Trd, 2591034.713, 115
Trd, 2591034.796, 93
Trd, 2591035.679, 121
Trd, 2591035.729, 119
Trd, 2591035.763, 122
Trd, 2591036.246, 121
Trd, 2591036.896, 108
Trd, 2591036.979, 107
Trd, 2591037.479, 94
Trd, 2591038.129, 113
Trd, 2591039.296, 91
Trd, 2591039.696, 87
Trd, 2591040.763, 109
Trd, 2591042.463, 98
Trd, 2591042.929, 102
Trd, 2591043.729, 88
Trd, 2591044.246, 90
Trd, 2591045.279, 99
Trd, 2591046.846, 107
Trd, 2591047.246, 118
Trd, 2591048.146, 105
Trd, 2591048.446, 94
Trd, 2591048.613, 113
Trd, 2591049.246, 99
Trd, 2591049.579, 114
Trd, 2591050.329, 92
Trd, 2591050.696, 107
Trd, 2591051.463, 95
Trd, 2591051.596, 91
Trd, 2591052.896, 88
Trd, 2591053.746, 85
Trd, 2591054.146, 94
Trd, 2591054.363, 101
Trd, 2591055.863, 89
Trd, 2591057.079, 98
Trd, 2591057.946, 101
Trd, 2591059.013, 101
Trd, 2591059.529, 106
Trd, 2591059.546, 101
Trd, 2591060.796, 101
Trd, 2591060.813, 99
Trd, 2591060.996, 98
Trd, 2591061.363, 98
Trd, 2591061.496, 94
Trd, 2591061.996, 95
Trd, 2591062.513, 94
Trd, 2591064.196, 106
Trd, 2591064.579, 102
Trd, 2591065.379, 86
Trd, 2591066.496, 87
Trd, 2591066.813, 106
Trd, 2591067.829, 108
Trd, 2591067.929, 100
Trd, 2591068.163, 96
Trd, 2591068.796, 88
Trd, 2591069.546, 100
Trd, 2591070.413, 111
Trd, 2591070.596, 91
Trd, 2591071.046, 91
Trd, 2591071.546, 120
Trd, 2591072.563, 101
Trd, 2591072.713, 91
Trd, 2591073.463, 114
Trd, 2591073.479, 88
Trd, 2591073.863, 92
Trd, 2591074.363, 83
Trd, 2591075.063, 93
Trd, 2591075.163, 117
Trd, 2591075.929, 91
Trd, 2591076.379, 111
Trd, 2591076.846, 77
Trd, 2591078.179, 105
Trd, 2591078.196, 82
Trd, 2591078.563, 108
Trd, 2591080.229, 96
Trd, 2591080.496, 87
Trd, 2591082.446, 86
Trd, 2591084.113, 96
Trd, 2591084.713, 91
Trd, 2591085.029, 105
Trd, 2591085.263, 84
Trd, 2591085.279, 83
Trd, 2591085.896, 130
Trd, 2591087.613, 106
Trd, 2591087.679, 127
Trd, 2591089.129, 117
Trd, 2591089.446, 119
Trd, 2591089.463, 118
Trd, 2591089.613, 107
Trd, 2591089.996, 101
Trd, 2591090.329, 98
Trd, 2591090.663, 89
Trd, 2591090.763, 76
Trd, 2591091.313, 89
Trd, 2591091.396, 101
Trd, 2591093.329, 90
Trd, 2591093.713, 100
Trd, 2591093.929, 110
Trd, 2591094.196, 117
Trd, 2591094.213, 92
Trd, 2591095.396, 88
Trd, 2591096.696, 93
Trd, 2591097.196, 114
Trd, 2591098.063, 92
Trd, 2591098.646, 92
Trd, 2591098.929, 114
Trd, 2591099.079, 126
Trd, 2591099.146, 133
Trd, 2591100.596, 88
Trd, 2591101.196, 83
Trd, 2591102.063, 101
Trd, 2591102.446, 101
Trd, 2591102.863, 86
Trd, 2591103.879, 87
Trd, 2591104.629, 109
Trd, 2591104.979, 111
Trd, 2591105.879, 101
Trd, 2591106.229, 121
Trd, 2591106.279, 100
Trd, 2591106.796, 75
Trd, 2591107.596, 101
Trd, 2591108.496, 112
Trd, 2591109.563, 94
Trd, 2591110.613, 122
Trd, 2591111.329, 91
Trd, 2591111.613, 90
Trd, 2591111.713, 84
Trd, 2591112.013, 100
Trd, 2591112.313, 96
Trd, 2591113.346, 97
Trd, 2591115.013, 107
Trd, 2591115.629, 94
Trd, 2591117.879, 96
Trd, 2591118.196, 92
Trd, 2591118.213, 90
Trd, 2591118.496, 102
Trd, 2591118.846, 93
Trd, 2591119.279, 100
Trd, 2591120.063, 106
Trd, 2591120.396, 104
Trd, 2591120.413, 110
Trd, 2591120.613, 96
Trd, 2591121.629, 113
Trd, 2591122.246, 123
Trd, 2591122.379, 76
Trd, 2591124.129, 116
Trd, 2591124.679, 84
Trd, 2591124.713, 109
Trd, 2591125.896, 96
Trd, 2591126.329, 103
Trd, 2591126.896, 116
Trd, 2591127.863, 126
Trd, 2591128.096, 119
Trd, 2591128.379, 93
Trd, 2591129.379, 122
Trd, 2591129.413, 93
Trd, 2591130.279, 89
Trd, 2591130.413, 92
Trd, 2591131.113, 87
Trd, 2591131.246, 86
Trd, 2591132.579, 102
Trd, 2591132.713, 110
Trd, 2591132.879, 112
Trd, 2591133.829, 87
Trd, 2591134.896, 108
Trd, 2591136.063, 104
Trd, 2591136.363, 101
Trd, 2591136.779, 108
Trd, 2591137.363, 91
Trd, 2591137.863, 89
Trd, 2591138.779, 90
Trd, 2591138.896, 105
Trd, 2591140.996, 98
Trd, 2591141.213, 103
Trd, 2591141.246, 114
Trd, 2591142.046, 119
Trd, 2591142.179, 89
Trd, 2591142.546, 88
Trd, 2591143.713, 106
Trd, 2591144.546, 94
Trd, 2591145.113, 92
Trd, 2591145.713, 90
Trd, 2591145.746, 89
Trd, 2591146.646, 100
Trd, 2591146.713, 87
Trd, 2591146.829, 83
Trd, 2591147.079, 102
Trd, 2591148.313, 101
Trd, 2591149.796, 90
Trd, 2591151.579, 104
Trd, 2591152.996, 111
Trd, 2591153.196, 112
Trd, 2591154.246, 107
Trd, 2591154.513, 100
Trd, 2591154.629, 95
Trd, 2591155.863, 94
Trd, 2591156.096, 97
Trd, 2591156.363, 93
Trd, 2591156.829, 103
Trd, 2591157.263, 111
Trd, 2591158.496, 103
Trd, 2591158.579, 101
Trd, 2591158.813, 83
Trd, 2591159.146, 107
Trd, 2591160.279, 101
Trd, 2591160.729, 122
Trd, 2591161.763, 81
Trd, 2591162.063, 84
Trd, 2591162.146, 85
Trd, 2591162.846, 96
Trd, 2591163.696, 88
Trd, 2591164.896, 89
Trd, 2591165.113, 110
Trd, 2591167.163, 107
Trd, 2591167.513, 109
Trd, 2591167.546, 114
Trd, 2591167.763, 99
Trd, 2591168.913, 114
Trd, 2591169.046, 101
Trd, 2591170.129, 101
Trd, 2591170.679, 100
Trd, 2591171.079, 114
Trd, 2591171.296, 97
Trd, 2591171.346, 94
Trd, 2591171.529, 93
Trd, 2591172.046, 98
Trd, 2591172.896, 99
Trd, 2591172.963, 97
Trd, 2591173.529, 101
Trd, 2591173.813, 101
Trd, 2591174.146, 94
Trd, 2591174.329, 93
Trd, 2591175.179, 92
Trd, 2591175.346, 115
Trd, 2591176.363, 93
Trd, 2591177.263, 87
Trd, 2591178.179, 86
Trd, 2591178.563, 89
Trd, 2591181.096, 110
Trd, 2591181.796, 96
Trd, 2591182.746, 88
Trd, 2591183.746, 115
Trd, 2591184.463, 112
Trd, 2591184.629, 113
Trd, 2591185.879, 102
Trd, 2591186.163, 109
Trd, 2591187.213, 92
Trd, 2591187.696, 105
Trd, 2591188.396, 124
Trd, 2591189.396, 96
Trd, 2591189.479, 97
Trd, 2591190.129, 95
Trd, 2591190.746, 94
Trd, 2591191.579, 93
Trd, 2591192.113, 98
Trd, 2591192.513, 87
Trd, 2591192.829, 93
Trd, 2591193.413, 98
Trd, 2591193.479, 87
Trd, 2591193.696, 86
Trd, 2591194.146, 100
Trd, 2591194.529, 83
Trd, 2591194.796, 102
Trd, 2591195.129, 110
Trd, 2591196.163, 88
Trd, 2591197.346, 78
Trd, 2591197.579, 74
Trd, 2591198.229, 96
Trd, 2591198.896, 75
Trd, 2591200.029, 77
Trd, 2591202.413, 77
Trd, 2591202.696, 105
Trd, 2591203.413, 89
Trd, 2591203.663, 101
Trd, 2591203.713, 88
Trd, 2591203.846, 87
Trd, 2591204.579, 87
Trd, 2591205.346, 99
Trd, 2591206.346, 104
Trd, 2591207.063, 102
Trd, 2591208.279, 87
Trd, 2591209.113, 89
Trd, 2591209.379, 95
Trd, 2591210.279, 88
Trd, 2591210.729, 115
Trd, 2591210.829, 116
Trd, 2591210.996, 85
Trd, 2591211.113, 131
Trd, 2591211.529, 118
Trd, 2591212.213, 88
Trd, 2591213.146, 83
Trd, 2591213.896, 92
Trd, 2591214.213, 112
Trd, 2591215.113, 102
Trd, 2591215.313, 125
Trd, 2591215.413, 97
Trd, 2591216.229, 122
Trd, 2591216.246, 98
Trd, 2591216.746, 74
Trd, 2591217.079, 78
Trd, 2591218.446, 94
Trd, 2591219.946, 98
Trd, 2591220.029, 99
Trd, 2591220.279, 123
Trd, 2591221.296, 92
Trd, 2591221.563, 89
Trd, 2591221.679, 127
Trd, 2591222.479, 100
Trd, 2591223.663, 100
Trd, 2591223.729, 98
Trd, 2591225.713, 94
Trd, 2591226.113, 101
Trd, 2591226.179, 83
Trd, 2591226.429, 80
Trd, 2591227.696, 90
Trd, 2591228.646, 112
Trd, 2591230.046, 99
Trd, 2591230.313, 100
Trd, 2591230.363, 118
Trd, 2591230.446, 90
Trd, 2591230.913, 88
Trd, 2591230.979, 76
Trd, 2591232.013, 109
Trd, 2591232.196, 102
Trd, 2591232.896, 85
Trd, 2591233.163, 100
Trd, 2591233.463, 90
Trd, 2591234.813, 124
Trd, 2591234.929, 105
Trd, 2591235.279, 88
Trd, 2591237.196, 101
Trd, 2591237.696, 102
Trd, 2591238.146, 101
Trd, 2591238.263, 94
Trd, 2591238.513, 128
Trd, 2591239.129, 93
Trd, 2591239.196, 89
Trd, 2591241.213, 88
Trd, 2591241.396, 85
Trd, 2591241.796, 99
Trd, 2591242.346, 101
Trd, 2591242.479, 100
Trd, 2591242.846, 100
Trd, 2591243.413, 86
Trd, 2591244.429, 83
Trd, 2591245.713, 81
Trd, 2591245.763, 90
Trd, 2591247.263, 106
Trd, 2591247.946, 118
Trd, 2591247.996, 123
Trd, 2591248.129, 127
Trd, 2591249.796, 101
Trd, 2591251.629, 109
Trd, 2591252.313, 92
Trd, 2591252.396, 103
Trd, 2591252.713, 91
Trd, 2591252.779, 109
Trd, 2591252.979, 93
Trd, 2591253.879, 107
Trd, 2591253.929, 103
Trd, 2591254.296, 109
Trd, 2591254.379, 101
Trd, 2591254.729, 88
Trd, 2591255.029, 91
Trd, 2591257.346, 94
Trd, 2591257.829, 107
Trd, 2591258.046, 100
Trd, 2591258.646, 88
Trd, 2591259.346, 96
Trd, 2591261.313, 111
Trd, 2591261.379, 94
Trd, 2591261.863, 94
Trd, 2591262.313, 110
Trd, 2591263.179, 106
Trd, 2591263.896, 118
Trd, 2591266.096, 126
Trd, 2591267.229, 108
Trd, 2591267.313, 105
Trd, 2591268.496, 94
Trd, 2591269.146, 92
Trd, 2591269.379, 84
Trd, 2591270.379, 107
Trd, 2591270.796, 125
Trd, 2591271.013, 120
Trd, 2591271.146, 101
Trd, 2591271.563, 115
Trd, 2591272.779, 101
Trd, 2591273.679, 110
Trd, 2591273.729, 99
Trd, 2591274.979, 115
Trd, 2591275.396, 121
Trd, 2591276.196, 123
Trd, 2591276.346, 104
Trd, 2591277.879, 101
Trd, 2591278.629, 103
Trd, 2591279.446, 121
Trd, 2591280.096, 119
Trd, 2591280.346, 99
Trd, 2591281.029, 98
Trd, 2591281.363, 90
Trd, 2591281.413, 90
Trd, 2591281.696, 111
Trd, 2591282.196, 95
Trd, 2591282.213, 116
Trd, 2591282.796, 93
Trd, 2591285.313, 87
Trd, 2591285.363, 84
Trd, 2591286.213, 91
Trd, 2591286.529, 93
Trd, 2591287.363, 86
Trd, 2591287.546, 112
Trd, 2591288.079, 124
Trd, 2591288.646, 111
Trd, 2591288.996, 105
Trd, 2591289.996, 116
Trd, 2591290.379, 104
Trd, 2591292.713, 112
Trd, 2591292.946, 108
Trd, 2591294.229, 110
Trd, 2591294.346, 107
Trd, 2591294.713, 120
Trd, 2591294.779, 96
Trd, 2591295.763, 115
Trd, 2591296.346, 113
Trd, 2591297.063, 118
Trd, 2591297.813, 108
Trd, 2591297.946, 105
Trd, 2591298.463, 122
Trd, 2591298.729, 104
Trd, 2591299.029, 101
Trd, 2591299.513, 89
Trd, 2591299.546, 83
Trd, 2591300.663, 104
Trd, 2591300.879, 96
Trd, 2591301.029, 86
Trd, 2591301.196, 79
Trd, 2591301.946, 109
Trd, 2591301.963, 129
Trd, 2591302.446, 97
Trd, 2591302.763, 81
Trd, 2591303.029, 106
Trd, 2591304.913, 138
Trd, 2591304.996, 96
Trd, 2591305.129, 95
Trd, 2591305.979, 115
Trd, 2591306.279, 93
Trd, 2591307.979, 92
Trd, 2591308.946, 101
Trd, 2591309.329, 92
Trd, 2591309.663, 91
Trd, 2591310.396, 118
Trd, 2591310.996, 107
Trd, 2591311.729, 109
Trd, 2591311.863, 118
Trd, 2591311.929, 101
Trd, 2591312.879, 102
Trd, 2591313.163, 109
Trd, 2591314.929, 97
Trd, 2591315.279, 104
Trd, 2591315.379, 95
Trd, 2591316.313, 105
Trd, 2591316.679, 108
Trd, 2591317.296, 99
Trd, 2591317.446, 124
Trd, 2591318.129, 108
Trd, 2591318.163, 91
Trd, 2591318.246, 108
Trd, 2591319.379, 88
Trd, 2591319.746, 87
Trd, 2591320.929, 114
Trd, 2591322.079, 91
Trd, 2591323.613, 86
Trd, 2591325.196, 83
Trd, 2591325.296, 82
Trd, 2591325.663, 88
Trd, 2591325.796, 122
Trd, 2591325.996, 74
Trd, 2591326.496, 115
Trd, 2591328.396, 106
Trd, 2591328.446, 100
Trd, 2591329.463, 103
Trd, 2591330.546, 104
Trd, 2591330.746, 106
Trd, 2591331.163, 94
Trd, 2591331.796, 112
Trd, 2591332.396, 118
Trd, 2591332.679, 87
Trd, 2591333.529, 107
Trd, 2591333.596, 117
Trd, 2591333.879, 106
Trd, 2591334.013, 85
Trd, 2591334.779, 85
Trd, 2591335.363, 111
Trd, 2591335.613, 83
Trd, 2591336.013, 122
Trd, 2591337.413, 99
Trd, 2591338.513, 92
Trd, 2591338.896, 91
Trd, 2591339.196, 109
Trd, 2591339.529, 87
Trd, 2591339.763, 84
Trd, 2591339.879, 128
Trd, 2591340.246, 126
Trd, 2591341.729, 107
Trd, 2591342.846, 99
Trd, 2591343.146, 83
Trd, 2591343.663, 104
Trd, 2591344.413, 97
Trd, 2591345.629, 86
Trd, 2591345.696, 85
Trd, 2591345.796, 83
Trd, 2591347.096, 89
Trd, 2591347.446, 113
Trd, 2591348.596, 93
Trd, 2591349.063, 107
Trd, 2591349.146, 114
Trd, 2591349.729, 97
Trd, 2591349.896, 107
Trd, 2591350.096, 98
Trd, 2591351.763, 96
Trd, 2591352.479, 113
Trd, 2591352.913, 93
Trd, 2591355.029, 98
Trd, 2591355.829, 101
Trd, 2591355.963, 115
Trd, 2591356.246, 111
Trd, 2591356.329, 123
Trd, 2591356.413, 98
Trd, 2591356.763, 91
Trd, 2591357.329, 111
Trd, 2591357.663, 126
Trd, 2591358.279, 90
Trd, 2591359.029, 107
Trd, 2591359.863, 94
Trd, 2591360.046, 95
Trd, 2591360.329, 94
Trd, 2591360.829, 100
Trd, 2591361.379, 101
Trd, 2591363.013, 110
Trd, 2591363.279, 92
Trd, 2591363.813, 93
Trd, 2591365.529, 101
Trd, 2591366.163, 126
Trd, 2591367.063, 120
Trd, 2591367.146, 132
Trd, 2591367.213, 118
Trd, 2591368.646, 110
Trd, 2591368.713, 107
Trd, 2591369.263, 101
Trd, 2591369.613, 114
Trd, 2591370.763, 92
Trd, 2591370.779, 91
Trd, 2591371.213, 99
Trd, 2591371.229, 89
Trd, 2591371.946, 90
Trd, 2591372.613, 87
Trd, 2591373.013, 86
Trd, 2591374.213, 107
Trd, 2591374.963, 110
Trd, 2591375.546, 91
Trd, 2591376.529, 101
Trd, 2591377.913, 109
Trd, 2591378.146, 108
Trd, 2591378.863, 121
Trd, 2591379.463, 105
Trd, 2591380.079, 108
Trd, 2591380.713, 99
Trd, 2591381.479, 96
Trd, 2591381.546, 90
Trd, 2591381.729, 84
Trd, 2591382.029, 100
Trd, 2591382.063, 102
Trd, 2591382.796, 88
Trd, 2591382.896, 117
Trd, 2591382.979, 83
Trd, 2591383.113, 110
Trd, 2591384.013, 80
Trd, 2591384.379, 74
Trd, 2591384.613, 75
Trd, 2591385.313, 101
Trd, 2591385.396, 74
Trd, 2591386.279, 100
Trd, 2591386.963, 90
Trd, 2591387.746, 83
Trd, 2591388.563, 84
Trd, 2591389.429, 94
Trd, 2591389.679, 93
Trd, 2591391.363, 108
Trd, 2591391.613, 86
Trd, 2591391.696, 106
Trd, 2591392.346, 124
Trd, 2591393.363, 117
Trd, 2591394.513, 104
Trd, 2591394.979, 109
Trd, 2591395.663, 107
Trd, 2591395.946, 109
Trd, 2591396.013, 106
Trd, 2591396.696, 118
Trd, 2591396.879, 105
Trd, 2591397.463, 103
Trd, 2591397.529, 99
Trd, 2591399.279, 108
Trd, 2591399.796, 126
Trd, 2591400.729, 101
Trd, 2591400.963, 87
Trd, 2591401.246, 98
Trd, 2591401.946, 125
Trd, 2591402.963, 88
Trd, 2591403.513, 83
Trd, 2591404.196, 87
Trd, 2591405.196, 83
Trd, 2591406.979, 89
Trd, 2591407.513, 115
Trd, 2591407.646, 104
Trd, 2591408.596, 101
Trd, 2591409.229, 92
Trd, 2591409.629, 109
Trd, 2591409.996, 88
Trd, 2591410.263, 122
Trd, 2591410.746, 121
Trd, 2591411.146, 113
Trd, 2591411.279, 123
Trd, 2591412.146, 110
Trd, 2591412.179, 124
Trd, 2591413.163, 108
Trd, 2591414.296, 111
Trd, 2591416.396, 101
Trd, 2591416.629, 90
Trd, 2591417.146, 126
Trd, 2591418.029, 93
Trd, 2591418.846, 97
Trd, 2591418.946, 94
Trd, 2591419.296, 93
Trd, 2591420.296, 90
Trd, 2591420.979, 102
Trd, 2591421.296, 110
Trd, 2591421.479, 89
Trd, 2591422.096, 90
Trd, 2591422.346, 88
Trd, 2591422.596, 94
Trd, 2591422.713, 96
Trd, 2591424.163, 125
Trd, 2591424.379, 118
Trd, 2591424.829, 91
Trd, 2591425.029, 88
Trd, 2591425.563, 107
Trd, 2591425.896, 104
Trd, 2591426.213, 92
Trd, 2591427.079, 118
Trd, 2591429.696, 90
Trd, 2591430.763, 91
Trd, 2591431.113, 104
Trd, 2591431.529, 109
Trd, 2591432.379, 109
Trd, 2591432.579, 108
Trd, 2591432.663, 105
Trd, 2591432.963, 93
Trd, 2591433.563, 113
Trd, 2591433.829, 84
Trd, 2591434.679, 114
Trd, 2591434.696, 83
Trd, 2591436.396, 91
Trd, 2591436.929, 85
Trd, 2591436.946, 120
Trd, 2591437.079, 110
Trd, 2591437.663, 82
Trd, 2591438.896, 80
Trd, 2591440.446, 106
Trd, 2591440.813, 110
Trd, 2591440.896, 105
Trd, 2591441.229, 128
Trd, 2591441.796, 113
Trd, 2591441.879, 105
Trd, 2591443.096, 102
Trd, 2591444.063, 103
Trd, 2591445.779, 100
Trd, 2591446.113, 129
Trd, 2591446.629, 92
Trd, 2591447.063, 91
Trd, 2591447.546, 104
Trd, 2591447.863, 83
Trd, 2591448.663, 89
Trd, 2591449.229, 77
Trd, 2591449.796, 75
Trd, 2591449.846, 103
Trd, 2591449.879, 74
Trd, 2591450.429, 90
Trd, 2591451.146, 108
Trd, 2591451.313, 116
Trd, 2591452.529, 87
Trd, 2591452.929, 87
Trd, 2591453.263, 108
Trd, 2591453.846, 99
Trd, 2591454.013, 111
Trd, 2591454.896, 117
Trd, 2591455.696, 103
Trd, 2591456.096, 102
Trd, 2591456.463, 121
Trd, 2591456.596, 100
Trd, 2591458.179, 93
Trd, 2591458.213, 91
Trd, 2591459.596, 96
Trd, 2591459.746, 124
Trd, 2591460.329, 96
Trd, 2591460.896, 96
Trd, 2591461.613, 114
Trd, 2591462.046, 100
Trd, 2591462.113, 85
Trd, 2591463.363, 102
Trd, 2591464.063, 126
Trd, 2591464.296, 91
Trd, 2591465.229, 113
Trd, 2591466.363, 117
Trd, 2591466.429, 103
Trd, 2591466.779, 102
Trd, 2591467.563, 101
Trd, 2591468.179, 108
Trd, 2591468.363, 99
Trd, 2591468.979, 83
Trd, 2591469.679, 101
Trd, 2591469.996, 112
Trd, 2591470.663, 119
Trd, 2591471.513, 96
Trd, 2591471.979, 92
Trd, 2591472.096, 91
Trd, 2591472.729, 89
Trd, 2591472.813, 128
Trd, 2591472.996, 77
Trd, 2591473.046, 74
Trd, 2591474.579, 87
Trd, 2591475.479, 72
Trd, 2591475.746, 72
Trd, 2591475.996, 87
Trd, 2591476.296, 102
Trd, 2591477.813, 105
Trd, 2591478.496, 93
Trd, 2591478.613, 85
Trd, 2591479.196, 116
Trd, 2591479.363, 122
Trd, 2591479.829, 91
Trd, 2591482.379, 105
Trd, 2591482.679, 102
Trd, 2591482.729, 101
Trd, 2591483.679, 109
Trd, 2591484.279, 106
Trd, 2591486.046, 91
Trd, 2591486.446, 101
Trd, 2591486.946, 92
Trd, 2591487.163, 90
Trd, 2591487.446, 99
Trd, 2591487.713, 87
Trd, 2591488.163, 103
Trd, 2591488.413, 119
Trd, 2591488.596, 121
Trd, 2591490.346, 117
Trd, 2591490.363, 95
Trd, 2591491.279, 89
Trd, 2591491.746, 87
Trd, 2591492.146, 105
Trd, 2591493.246, 109
Trd, 2591493.579, 84
Trd, 2591493.879, 87
Trd, 2591494.329, 105
Trd, 2591494.546, 85
Trd, 2591494.963, 91
Trd, 2591495.346, 112
Trd, 2591495.779, 95
Trd, 2591495.863, 83
Trd, 2591496.446, 75
Trd, 2591499.113, 87
Trd, 2591499.363, 84
Trd, 2591499.929, 122
Trd, 2591501.046, 101
Trd, 2591502.496, 89
Trd, 2591503.063, 101
Trd, 2591503.379, 98
Trd, 2591504.013, 95
Trd, 2591505.863, 108
Trd, 2591506.329, 113
Trd, 2591507.013, 114
Trd, 2591507.446, 107
Trd, 2591507.979, 106
Trd, 2591508.096, 105
Trd, 2591509.479, 114
Trd, 2591509.596, 101
Trd, 2591509.746, 97
Trd, 2591509.796, 91
Trd, 2591510.446, 91
Trd, 2591510.513, 92
Trd, 2591510.579, 115
Trd, 2591511.779, 83
Trd, 2591512.163, 110
Trd, 2591514.546, 104
Trd, 2591514.829, 111
Trd, 2591515.263, 100
Trd, 2591515.846, 114
Trd, 2591516.146, 93
Trd, 2591516.213, 103
Trd, 2591516.996, 88
Trd, 2591517.063, 97
Trd, 2591517.929, 116
Trd, 2591519.146, 107
Trd, 2591519.896, 100
Trd, 2591520.979, 98
Trd, 2591521.746, 95
Trd, 2591521.929, 118
Trd, 2591522.696, 93
Trd, 2591523.729, 88
Trd, 2591524.346, 98
Trd, 2591524.863, 93
Trd, 2591525.629, 101
Trd, 2591526.596, 93
Trd, 2591526.946, 92
Trd, 2591527.063, 93
Trd, 2591527.096, 98
Trd, 2591529.129, 98
Trd, 2591529.846, 109
Trd, 2591530.046, 119
Trd, 2591530.463, 111
Trd, 2591530.796, 126
Trd, 2591531.963, 84
Trd, 2591532.113, 83
Trd, 2591532.246, 86
Trd, 2591532.746, 95
Trd, 2591533.363, 80
Trd, 2591533.896, 76
Trd, 2591535.613, 96
Trd, 2591535.696, 108
Trd, 2591535.746, 132
Trd, 2591537.396, 93
Trd, 2591538.846, 101
Trd, 2591538.996, 92
Trd, 2591539.379, 104
Trd, 2591540.629, 101
Trd, 2591540.979, 111
Trd, 2591542.179, 98
Trd, 2591542.946, 97
Trd, 2591543.396, 95
Trd, 2591543.963, 95
Trd, 2591544.079, 98
Trd, 2591544.846, 106
Trd, 2591545.263, 108
Trd, 2591545.963, 88
Trd, 2591546.396, 108
Trd, 2591546.613, 93
Trd, 2591546.679, 118
Trd, 2591547.113, 88
Trd, 2591548.213, 118
Trd, 2591548.596, 127
Trd, 2591548.863, 106
Trd, 2591550.013, 74
Trd, 2591550.263, 89
Trd, 2591550.846, 85
Trd, 2591551.679, 112
Trd, 2591551.829, 111
Trd, 2591551.929, 125
Trd, 2591552.929, 103
Trd, 2591553.146, 84
Trd, 2591554.613, 88
Trd, 2591554.996, 90
Trd, 2591555.729, 104
Trd, 2591556.896, 109
Trd, 2591557.496, 100
Trd, 2591557.613, 98
Trd, 2591558.696, 97
Trd, 2591559.396, 96
Trd, 2591559.663, 94
Trd, 2591560.146, 94
Trd, 2591560.296, 114
Trd, 2591560.329, 92
Trd, 2591560.763, 126
Trd, 2591561.329, 108
Trd, 2591562.479, 98
Trd, 2591562.963, 89
Trd, 2591563.063, 108
Trd, 2591563.446, 109
Trd, 2591563.946, 90
Trd, 2591564.229, 105
Trd, 2591565.146, 142
Trd, 2591566.829, 125
Trd, 2591567.446, 118
Trd, 2591567.629, 115
Trd, 2591567.846, 108
Trd, 2591567.963, 105
Trd, 2591569.246, 107
Trd, 2591570.163, 102
Trd, 2591570.379, 112
Trd, 2591571.313, 99
Trd, 2591571.513, 95
Trd, 2591571.746, 106
Trd, 2591573.713, 102
Trd, 2591573.979, 90
Trd, 2591574.513, 100
Trd, 2591574.679, 113
Trd, 2591575.713, 118
Trd, 2591577.096, 108
Trd, 2591577.729, 102
Trd, 2591578.113, 98
Trd, 2591578.213, 85
Trd, 2591578.913, 107
Trd, 2591578.996, 88
Trd, 2591579.496, 122
Trd, 2591580.029, 86
Trd, 2591581.096, 86
Trd, 2591581.413, 85
Trd, 2591581.679, 92
Trd, 2591582.179, 92
Trd, 2591582.746, 95
Trd, 2591582.829, 109
Trd, 2591583.763, 116
Trd, 2591583.796, 108
Trd, 2591584.463, 94
Trd, 2591584.696, 101
Trd, 2591584.979, 88
Trd, 2591585.546, 83
Trd, 2591587.146, 83
Trd, 2591587.846, 88
Trd, 2591588.029, 92
Trd, 2591588.846, 122
Trd, 2591588.929, 122
Trd, 2591590.346, 98
Trd, 2591591.379, 108
Trd, 2591592.146, 93
Trd, 2591592.913, 93
Trd, 2591593.413, 108
Trd, 2591593.479, 102
Trd, 2591593.579, 100
Trd, 2591593.863, 104
Trd, 2591593.913, 91
Trd, 2591594.096, 89
Trd, 2591595.196, 94
Trd, 2591595.329, 91
Trd, 2591596.246, 90
Trd, 2591596.279, 113
Trd, 2591597.279, 95
Trd, 2591597.679, 109
Trd, 2591598.113, 85
Trd, 2591598.313, 116
Trd, 2591598.563, 89
Trd, 2591599.563, 79
Trd, 2591599.846, 96
Trd, 2591602.929, 79
Trd, 2591603.129, 85
Trd, 2591603.446, 90
Trd, 2591605.679, 85
Trd, 2591606.096, 101
Trd, 2591606.279, 110
Trd, 2591606.596, 120
Trd, 2591606.846, 119
Trd, 2591607.163, 125
Trd, 2591608.129, 103
Trd, 2591608.696, 103
Trd, 2591609.263, 101
Trd, 2591610.563, 95
Trd, 2591611.013, 94
Trd, 2591611.713, 93
Trd, 2591611.896, 103
Trd, 2591612.113, 89
Trd, 2591612.613, 101
Trd, 2591614.013, 105
Trd, 2591615.396, 101
Trd, 2591615.446, 91
Trd, 2591615.596, 116
Trd, 2591616.546, 110
Trd, 2591616.563, 86
Trd, 2591617.579, 80
Trd, 2591618.929, 122
Trd, 2591619.246, 111
Trd, 2591619.779, 109
Trd, 2591620.146, 106
Trd, 2591620.246, 105
Trd, 2591620.663, 102
Trd, 2591621.363, 101
Trd, 2591622.363, 100
Trd, 2591623.213, 91
Trd, 2591623.663, 101
Trd, 2591624.113, 98
Trd, 2591624.629, 83
Trd, 2591625.463, 91
Trd, 2591626.579, 92
Trd, 2591626.913, 91
Trd, 2591627.746, 91
Trd, 2591627.946, 93
Trd, 2591628.246, 88
Trd, 2591628.413, 101
Trd, 2591629.479, 79
Trd, 2591630.579, 103
Trd, 2591632.446, 102
Trd, 2591633.046, 109
Trd, 2591633.163, 98
Trd, 2591633.329, 114
Trd, 2591635.013, 88
Trd, 2591635.963, 90
Trd, 2591636.179, 85
Trd, 2591636.363, 102
Trd, 2591636.413, 105
Trd, 2591638.929, 109
Trd, 2591639.513, 101
Trd, 2591639.829, 97
Trd, 2591640.146, 110
Trd, 2591640.979, 96
Trd, 2591641.696, 120
Trd, 2591642.279, 105
Trd, 2591642.296, 88
Trd, 2591642.829, 117
Trd, 2591643.246, 97
Trd, 2591643.763, 112
Trd, 2591644.079, 93
Trd, 2591645.679, 115
Trd, 2591645.879, 93
Trd, 2591646.596, 86
Trd, 2591647.229, 114
Trd, 2591647.329, 84
Trd, 2591647.779, 121
Trd, 2591649.046, 122
Trd, 2591649.579, 100
Trd, 2591650.046, 92
Trd, 2591650.213, 105
Trd, 2591650.496, 83
Trd, 2591650.979, 92
Trd, 2591651.413, 116
Trd, 2591652.113, 82
Trd, 2591653.029, 131
Trd, 2591654.479, 100
Trd, 2591654.496, 96
Trd, 2591654.629, 92
Trd, 2591654.829, 103
Trd, 2591654.946, 91
Trd, 2591655.029, 114
Trd, 2591655.879, 87
Trd, 2591655.979, 83
Trd, 2591656.013, 90
Trd, 2591657.263, 110
Trd, 2591657.279, 94
Trd, 2591658.229, 118
Trd, 2591658.263, 121
Trd, 2591659.479, 97
Trd, 2591659.579, 101
Trd, 2591660.913, 95
Trd, 2591661.696, 108
Trd, 2591661.996, 102
Trd, 2591662.763, 100
Trd, 2591663.946, 106
Trd, 2591664.946, 94
Trd, 2591665.029, 93
Trd, 2591665.296, 103
Trd, 2591667.096, 96
Trd, 2591667.579, 85
Trd, 2591668.179, 83
Trd, 2591669.146, 107
Trd, 2591669.396, 100
Trd, 2591669.813, 101
Trd, 2591670.046, 108
Trd, 2591670.063, 121
Trd, 2591671.146, 101
Trd, 2591671.763, 100
Trd, 2591672.263, 92
Trd, 2591672.313, 114
Trd, 2591674.796, 95
Trd, 2591675.579, 94
Trd, 2591676.679, 94
Trd, 2591676.763, 91
Trd, 2591678.246, 94
Trd, 2591678.263, 101
Trd, 2591678.329, 101
Trd, 2591678.846, 115
Trd, 2591679.213, 123
Trd, 2591679.563, 112
Trd, 2591680.696, 112
Trd, 2591681.013, 101
Trd, 2591681.496, 119
Trd, 2591682.063, 100
Trd, 2591683.963, 107
Trd, 2591684.029, 111
Trd, 2591684.229, 106
Trd, 2591684.446, 93
Trd, 2591685.163, 102
Trd, 2591685.513, 94
Trd, 2591685.929, 93
Trd, 2591686.079, 89
Trd, 2591686.429, 101
Trd, 2591687.279, 89
Trd, 2591688.613, 92
Trd, 2591690.463, 88
Trd, 2591690.713, 85
Trd, 2591691.296, 101
Trd, 2591691.829, 98
Trd, 2591692.879, 114
Trd, 2591693.313, 104
Trd, 2591693.713, 103
Trd, 2591693.729, 99
Trd, 2591694.396, 99
Trd, 2591694.896, 86
Trd, 2591695.363, 79
Trd, 2591696.463, 105
Trd, 2591696.779, 124
Trd, 2591698.113, 122
Trd, 2591698.413, 115
Trd, 2591699.046, 106
Trd, 2591699.696, 104
Trd, 2591699.813, 101
Trd, 2591700.079, 114
Trd, 2591700.996, 115
Trd, 2591701.396, 93
Trd, 2591702.663, 94
Trd, 2591702.979, 93
Trd, 2591703.129, 122
Trd, 2591703.629, 86
Trd, 2591704.396, 83
Trd, 2591704.446, 82
Trd, 2591705.263, 77
Trd, 2591705.996, 95
Trd, 2591706.863, 88
Trd, 2591707.513, 86
Trd, 2591707.529, 85
Trd, 2591707.829, 89
Trd, 2591709.413, 91
Trd, 2591710.246, 103
Trd, 2591710.363, 111
Trd, 2591710.513, 107
Trd, 2591710.529, 101
Trd, 2591710.713, 74
Trd, 2591712.129, 76
Trd, 2591712.379, 99
Trd, 2591713.346, 92
Trd, 2591714.063, 89
Trd, 2591715.579, 83
Trd, 2591715.596, 110
Trd, 2591716.546, 101
Trd, 2591716.846, 102
Trd, 2591716.879, 107
Trd, 2591717.479, 98
Trd, 2591718.863, 118
Trd, 2591718.929, 108
Trd, 2591719.229, 124
Trd, 2591720.146, 97
Trd, 2591720.863, 123
Trd, 2591721.263, 96
Trd, 2591721.963, 95
Trd, 2591722.329, 111
Trd, 2591722.579, 99
Trd, 2591723.879, 99
Trd, 2591724.696, 96
Trd, 2591724.713, 94
Trd, 2591724.746, 90
Trd, 2591725.079, 86
Trd, 2591726.496, 102
Trd, 2591726.546, 103
Trd, 2591727.629, 118
Trd, 2591728.413, 101
Trd, 2591728.663, 122
Trd, 2591728.913, 97
Trd, 2591730.496, 118
Trd, 2591730.529, 116
Trd, 2591731.263, 105
Trd, 2591732.129, 98
Trd, 2591732.629, 97
Trd, 2591733.046, 98
Trd, 2591734.363, 107
Trd, 2591734.379, 118
Trd, 2591734.896, 98
Trd, 2591736.079, 99
Trd, 2591736.213, 101
Trd, 2591736.663, 98
Trd, 2591736.979, 90
Trd, 2591738.263, 83
Trd, 2591738.479, 92
Trd, 2591738.713, 93
Trd, 2591739.246, 119
Trd, 2591739.696, 120
Trd, 2591740.013, 98
Trd, 2591740.663, 98
Trd, 2591740.796, 90
Trd, 2591742.013, 105
Trd, 2591744.063, 100
Trd, 2591744.663, 84
Trd, 2591745.679, 117
Trd, 2591745.946, 92
Trd, 2591745.979, 91
Trd, 2591746.413, 89
Trd, 2591747.329, 113
Trd, 2591747.546, 89
Trd, 2591748.246, 119
Trd, 2591748.713, 106
Trd, 2591749.063, 105
Trd, 2591749.696, 99
Trd, 2591750.096, 107
Trd, 2591751.646, 88
Trd, 2591752.829, 95
Trd, 2591753.229, 109
Trd, 2591754.179, 102
Trd, 2591755.296, 108
Trd, 2591755.663, 101
Trd, 2591755.763, 97
Trd, 2591755.779, 118
Trd, 2591756.446, 87
Trd, 2591756.713, 116
Trd, 2591758.129, 91
Trd, 2591759.879, 105
Trd, 2591760.229, 111
Trd, 2591760.596, 85
Trd, 2591761.029, 93
Trd, 2591761.779, 97
Trd, 2591761.813, 124
Trd, 2591762.413, 96
Trd, 2591762.729, 90
Trd, 2591763.046, 108
Trd, 2591763.896, 100
Trd, 2591764.513, 113
Trd, 2591764.546, 95
Trd, 2591765.979, 89
Trd, 2591766.063, 87
Trd, 2591767.429, 89
Trd, 2591767.729, 92
Trd, 2591768.129, 105
Trd, 2591768.329, 83
Trd, 2591768.729, 90
Trd, 2591768.813, 109
Trd, 2591768.929, 113
Trd, 2591769.279, 112
Trd, 2591770.213, 104
Trd, 2591770.496, 85
Trd, 2591770.613, 81
Trd, 2591771.529, 81
Trd, 2591772.196, 101
Trd, 2591773.229, 97
Trd, 2591775.329, 123
Trd, 2591775.896, 130
Trd, 2591775.929, 112
Trd, 2591777.429, 103
Trd, 2591779.213, 113
Trd, 2591779.296, 101
Trd, 2591779.463, 97
Trd, 2591779.863, 83
Trd, 2591780.279, 117
Trd, 2591780.929, 81
Trd, 2591781.346, 100
Trd, 2591781.413, 117
Trd, 2591781.529, 99
Trd, 2591781.646, 99
Trd, 2591782.913, 94
Trd, 2591784.346, 95
Trd, 2591785.013, 89
Trd, 2591786.646, 87
Trd, 2591787.613, 83
Trd, 2591787.896, 80
Trd, 2591788.096, 85
Trd, 2591788.163, 86
Trd, 2591789.246, 104
Trd, 2591789.279, 86
Trd, 2591790.096, 89
Trd, 2591791.096, 100
Trd, 2591791.263, 119
Trd, 2591792.613, 118
Trd, 2591792.879, 122
Trd, 2591793.079, 108
Trd, 2591793.146, 107
Trd, 2591793.796, 91
Trd, 2591793.946, 84
Trd, 2591794.063, 102
Trd, 2591794.196, 96
Trd, 2591794.363, 108
Trd, 2591795.879, 124
Trd, 2591795.963, 119
Trd, 2591796.246, 83
Trd, 2591797.013, 91
Trd, 2591798.529, 101
Trd, 2591799.979, 102
Trd, 2591800.363, 100
Trd, 2591801.413, 118
Trd, 2591802.113, 116
Trd, 2591802.396, 91
Trd, 2591803.613, 92
Trd, 2591803.813, 93
Trd, 2591804.379, 107
Trd, 2591804.613, 107
Trd, 2591804.729, 108
Trd, 2591805.379, 92
Trd, 2591805.463, 85
Trd, 2591805.596, 99
Trd, 2591805.929, 105
Trd, 2591807.546, 101
Trd, 2591807.896, 78
Trd, 2591809.013, 109
Trd, 2591809.463, 86
Trd, 2591810.146, 97
Trd, 2591810.646, 90
Trd, 2591811.196, 115
Trd, 2591811.646, 106
Trd, 2591812.263, 100
Trd, 2591812.529, 124
Trd, 2591812.763, 123
Trd, 2591814.329, 85
Trd, 2591815.146, 84
Trd, 2591815.663, 83
Trd, 2591815.813, 86
Trd, 2591816.863, 88
Trd, 2591816.996, 74
Trd, 2591817.029, 73
Trd, 2591817.546, 95
Trd, 2591817.663, 101
Trd, 2591818.263, 92
Trd, 2591818.629, 108
Trd, 2591819.163, 100
Trd, 2591820.013, 123
Trd, 2591821.379, 94
Trd, 2591821.579, 101
Trd, 2591821.779, 126
Trd, 2591822.063, 101
Trd, 2591823.296, 109
Trd, 2591823.679, 113
Trd, 2591823.763, 115
Trd, 2591823.879, 121
Trd, 2591824.329, 117
Trd, 2591825.329, 104
Trd, 2591827.563, 103
Trd, 2591827.613, 96
Trd, 2591828.229, 92
Trd, 2591828.546, 91
Trd, 2591829.779, 106
Trd, 2591830.363, 106
Trd, 2591830.446, 105
Trd, 2591830.463, 101
Trd, 2591830.846, 110
Trd, 2591833.546, 106
Trd, 2591833.613, 91
Trd, 2591833.646, 88
Trd, 2591835.746, 90
Trd, 2591835.879, 89
Trd, 2591836.079, 98
Trd, 2591836.313, 105
Trd, 2591836.629, 83
Trd, 2591838.279, 100
Trd, 2591838.729, 113
Trd, 2591838.996, 101
Trd, 2591839.913, 102
Trd, 2591839.996, 100
Trd, 2591840.079, 108
Trd, 2591840.196, 112
Trd, 2591840.946, 96
Trd, 2591841.163, 92
Trd, 2591841.729, 124
Trd, 2591842.346, 132
Trd, 2591843.096, 101
Trd, 2591843.396, 87
Trd, 2591844.029, 120
Trd, 2591844.879, 93
Trd, 2591846.946, 109
Trd, 2591846.996, 87
Trd, 2591847.296, 99
Trd, 2591847.613, 110
Trd, 2591848.379, 95
Trd, 2591849.846, 97
Trd, 2591850.546, 93
Trd, 2591850.779, 108
Trd, 2591851.563, 96
Trd, 2591852.096, 85
Trd, 2591852.229, 84
Trd, 2591852.746, 85
Trd, 2591854.596, 102
Trd, 2591854.663, 111
Trd, 2591854.879, 99
Trd, 2591856.113, 108
Trd, 2591857.413, 83
Trd, 2591857.863, 83
Trd, 2591858.613, 93
Trd, 2591859.213, 88
Trd, 2591859.396, 102
Trd, 2591860.779, 100
Trd, 2591860.879, 115
Trd, 2591861.613, 124
Trd, 2591862.163, 106
Trd, 2591862.896, 87
Trd, 2591864.413, 99
Trd, 2591864.579, 94
Trd, 2591865.129, 94
Trd, 2591865.663, 93
Trd, 2591866.496, 96
Trd, 2591866.779, 102
Trd, 2591867.713, 85
Trd, 2591868.463, 103
Trd, 2591868.596, 110
Trd, 2591868.663, 101
Trd, 2591868.879, 116
Trd, 2591869.046, 102
Trd, 2591869.529, 92
Trd, 2591870.563, 107
Trd, 2591872.163, 86
Trd, 2591872.629, 87
Trd, 2591872.996, 74
Trd, 2591873.279, 85
Trd, 2591874.196, 116
Trd, 2591874.763, 92
Trd, 2591875.263, 128
Trd, 2591876.096, 114
Trd, 2591876.363, 137
Trd, 2591876.779, 138
Trd, 2591877.079, 106
Trd, 2591878.463, 103
Trd, 2591878.663, 101
Trd, 2591880.929, 92
Trd, 2591881.946, 91
Trd, 2591882.379, 90
Trd, 2591882.779, 89
Trd, 2591883.263, 91
Trd, 2591883.813, 94
Trd, 2591884.046, 83
Trd, 2591884.263, 79
Trd, 2591884.479, 88
Trd, 2591885.213, 95
Trd, 2591885.663, 94
Trd, 2591886.129, 80
Trd, 2591886.213, 79
Trd, 2591887.646, 85
Trd, 2591888.113, 101
Trd, 2591888.613, 82
Trd, 2591889.163, 103
Trd, 2591889.246, 93
Trd, 2591889.479, 84
Trd, 2591890.163, 105
Trd, 2591890.229, 74
Trd, 2591892.079, 110
Trd, 2591892.196, 92
Trd, 2591893.496, 121
Trd, 2591894.046, 119
Trd, 2591894.196, 117
Trd, 2591894.279, 101
Trd, 2591894.479, 101
Trd, 2591894.646, 99
Trd, 2591894.696, 98
Trd, 2591895.029, 94
Trd, 2591897.296, 114
Trd, 2591898.479, 104
Trd, 2591898.779, 100
Trd, 2591899.163, 97
Trd, 2591899.779, 98
Trd, 2591899.863, 94
Trd, 2591900.696, 112
Trd, 2591901.496, 112
Trd, 2591901.879, 118
Trd, 2591902.329, 83
Trd, 2591902.613, 119
Trd, 2591903.963, 108
Trd, 2591905.563, 87
Trd, 2591906.629, 116
Trd, 2591907.013, 102
Trd, 2591907.229, 101
Trd, 2591907.579, 97
Trd, 2591907.813, 92
Trd, 2591908.246, 86
Trd, 2591908.563, 92
Trd, 2591908.746, 87
Trd, 2591908.996, 101
Trd, 2591909.146, 86
Trd, 2591909.713, 124
Trd, 2591909.863, 89
Trd, 2591910.779, 91
Trd, 2591910.829, 90
Trd, 2591910.896, 126
Trd, 2591911.629, 83
Trd, 2591912.063, 114
Trd, 2591912.479, 102
Trd, 2591912.879, 94
Trd, 2591915.129, 86
Trd, 2591915.346, 94
Trd, 2591917.196, 85
Trd, 2591918.379, 77
Trd, 2591918.563, 112
Trd, 2591918.763, 74
Trd, 2591920.213, 115
Trd, 2591920.279, 79
Trd, 2591921.179, 87
Trd, 2591921.446, 123
Trd, 2591922.829, 110
Trd, 2591923.563, 105
Trd, 2591923.713, 102
Trd, 2591923.846, 101
Trd, 2591924.679, 120
Trd, 2591924.829, 118
Trd, 2591925.063, 102
Trd, 2591925.579, 110
Trd, 2591926.879, 101
Trd, 2591927.579, 94
Trd, 2591927.729, 84
Trd, 2591929.746, 121
Trd, 2591930.413, 122
Trd, 2591930.696, 119
Trd, 2591931.129, 118
Trd, 2591931.313, 107
Trd, 2591932.113, 115
Trd, 2591932.313, 122
Trd, 2591932.746, 101
Trd, 2591932.996, 98
Trd, 2591933.863, 98
Trd, 2591935.296, 96
Trd, 2591935.746, 108
Trd, 2591935.946, 116
Trd, 2591936.579, 96
Trd, 2591936.846, 88
Trd, 2591937.163, 100
Trd, 2591937.279, 106
Trd, 2591937.963, 87
Trd, 2591938.629, 85
Trd, 2591938.946, 85
Trd, 2591939.963, 112
Trd, 2591941.029, 99
Trd, 2591941.813, 97
Trd, 2591942.063, 123
Trd, 2591943.246, 116
Trd, 2591943.396, 95
Trd, 2591943.963, 113
Trd, 2591944.179, 99
Trd, 2591945.079, 101
Trd, 2591945.413, 100
Trd, 2591945.913, 100
Trd, 2591947.029, 118
Trd, 2591947.279, 127
Trd, 2591947.513, 111
Trd, 2591947.679, 118
Trd, 2591948.263, 106
Trd, 2591949.163, 105
Trd, 2591949.263, 101
Trd, 2591949.446, 101
Trd, 2591950.729, 92
Trd, 2591951.079, 91
Trd, 2591953.746, 101
Trd, 2591954.229, 98
Trd, 2591956.413, 90
Trd, 2591956.629, 109
Trd, 2591956.813, 120
Trd, 2591958.829, 109
Trd, 2591958.963, 103
Trd, 2591959.646, 123
Trd, 2591960.329, 125
Trd, 2591960.446, 99
Trd, 2591961.246, 103
Trd, 2591961.396, 97
Trd, 2591962.279, 93
Trd, 2591962.713, 90
Trd, 2591963.196, 91
Trd, 2591963.263, 97
Trd, 2591963.579, 91
Trd, 2591963.613, 124
Trd, 2591965.146, 89
Trd, 2591965.963, 88
Trd, 2591966.779, 102
Trd, 2591967.779, 105
Trd, 2591968.179, 103
Trd, 2591968.396, 109
Trd, 2591968.646, 101
Trd, 2591968.779, 96
Trd, 2591968.863, 91
Trd, 2591970.913, 111
Trd, 2591971.879, 97
Trd, 2591972.029, 85
Trd, 2591972.046, 101
Trd, 2591972.213, 109
Trd, 2591972.279, 112
Trd, 2591972.379, 82
Trd, 2591973.979, 94
Trd, 2591973.996, 103
Trd, 2591974.246, 93
Trd, 2591974.829, 101
Trd, 2591975.246, 121
Trd, 2591976.079, 126
Trd, 2591976.229, 87
Trd, 2591977.479, 83
Trd, 2591977.763, 76
Trd, 2591977.913, 74
Trd, 2591978.063, 112
Trd, 2591979.429, 113
Trd, 2591980.163, 136
Trd, 2591980.396, 110
Trd, 2591980.479, 105
Trd, 2591981.063, 116
Trd, 2591981.746, 114
Trd, 2591982.963, 93
Trd, 2591983.113, 89
Trd, 2591984.496, 113
Trd, 2591984.996, 93
Trd, 2591985.513, 83
Trd, 2591985.996, 112
Trd, 2591986.546, 86
Trd, 2591986.996, 106
Trd, 2591987.679, 78
Trd, 2591989.179, 105
Trd, 2591989.196, 102
Trd, 2591989.263, 101
Trd, 2591989.379, 98
Trd, 2591991.379, 98
Trd, 2591992.313, 96
Trd, 2591992.363, 116
Trd, 2591993.246, 117
Trd, 2591993.579, 114
Trd, 2591994.129, 112
Trd, 2591995.946, 124
Trd, 2591995.979, 119
Trd, 2591996.346, 117
Trd, 2591996.613, 108
Trd, 2591997.879, 105
Trd, 2591998.146, 100
Trd, 2591998.663, 91
Trd, 2591999.313, 91
Trd, 2591999.813, 106
