Trd, 2590660.229, 91
Trd, 2590661.379, 102
Trd, 2590661.663, 95
Trd, 2590662.663, 91
Trd, 2590663.446, 97
Trd, 2590664.679, 100
Trd, 2590665.713, 91
Trd, 2590666.863, 97
Trd, 2590667.429, 98
Trd, 2590668.396, 95
Trd, 2590668.879, 95
Trd, 2590669.096, 95
Trd, 2590669.563, 92
Trd, 2590669.613, 93
Trd, 2590670.563, 92
Trd, 2590670.629, 96
Trd, 2590671.663, 93
Trd, 2590672.846, 98
Trd, 2590673.163, 99
Trd, 2590674.446, 100
Trd, 2590675.113, 99
Trd, 2590675.379, 99
Trd, 2590675.546, 94
Trd, 2590678.496, 97
Trd, 2590678.546, 94
Trd, 2590679.446, 96
Trd, 2590679.563, 97
Trd, 2590679.579, 94
Trd, 2590679.613, 99
Trd, 2590680.196, 101
Trd, 2590680.463, 106
Trd, 2590680.929, 107
Trd, 2590681.079, 95
Trd, 2590681.113, 108
Trd, 2590685.029, 108
Trd, 2590685.529, 98
Trd, 2590686.579, 97
Trd, 2590687.396, 100
Trd, 2590687.829, 102
Trd, 2590687.913, 98
Trd, 2590688.246, 103
Trd, 2590689.213, 105
Trd, 2590689.363, 106
Trd, 2590690.163, 105
Trd, 2590690.196, 106
Trd, 2590690.346, 105
Trd, 2590691.863, 105
Trd, 2590692.346, 104
Trd, 2590692.913, 108
Trd, 2590693.296, 105
Trd, 2590693.329, 101
Trd, 2590694.046, 104
Trd, 2590695.513, 98
Trd, 2590697.163, 102
Trd, 2590697.463, 103
Trd, 2590698.813, 105
Trd, 2590699.913, 99
Trd, 2590700.413, 99
Trd, 2590701.279, 99
Trd, 2590701.396, 102
Trd, 2590702.463, 99
Trd, 2590702.979, 97
Trd, 2590703.113, 98
Trd, 2590703.263, 98
Trd, 2590703.563, 98
Trd, 2590703.596, 98
Trd, 2590706.196, 105
Trd, 2590706.763, 95
Trd, 2590707.463, 108
Trd, 2590707.696, 107
Trd, 2590708.646, 118
Trd, 2590710.896, 99
Trd, 2590710.929, 97
Trd, 2590711.296, 101
Trd, 2590712.646, 99
Trd, 2590712.829, 98
Trd, 2590713.446, 94
Trd, 2590715.063, 97
Trd, 2590716.063, 94
Trd, 2590716.213, 94
Trd, 2590716.796, 94
Trd, 2590716.996, 93
Trd, 2590717.596, 92
Trd, 2590717.796, 93
Trd, 2590719.296, 91
Trd, 2590719.479, 98
Trd, 2590721.079, 105
Trd, 2590721.163, 102
Trd, 2590721.229, 108
Trd, 2590721.563, 93
Trd, 2590722.679, 107
Trd, 2590725.479, 113
Trd, 2590725.929, 113
Trd, 2590726.163, 111
Trd, 2590727.213, 112
Trd, 2590727.613, 115
Trd, 2590727.679, 117
Trd, 2590728.163, 105
Trd, 2590728.363, 98
Trd, 2590728.679, 92
Trd, 2590730.596, 97
Trd, 2590730.896, 96
Trd, 2590731.546, 97
Trd, 2590732.113, 98
Trd, 2590732.646, 96
Trd, 2590732.713, 90
Trd, 2590732.946, 87
Trd, 2590733.113, 81
Trd, 2590734.096, 98
Trd, 2590734.779, 95
Trd, 2590735.446, 94
Trd, 2590736.313, 94
Trd, 2590736.596, 100
Trd, 2590737.063, 94
Trd, 2590737.463, 93
Trd, 2590737.763, 100
Trd, 2590738.796, 99
Trd, 2590739.446, 99
Trd, 2590740.279, 99
Trd, 2590740.329, 100
Trd, 2590741.146, 101
Trd, 2590741.196, 105
Trd, 2590741.596, 108
Trd, 2590743.246, 107
Trd, 2590743.646, 106
Trd, 2590743.746, 107
Trd, 2590743.979, 105
Trd, 2590745.029, 105
Trd, 2590745.346, 94
Trd, 2590747.363, 98
Trd, 2590747.463, 97
Trd, 2590747.896, 87
Trd, 2590748.013, 98
Trd, 2590748.063, 99
Trd, 2590750.046, 118
Trd, 2590750.263, 94
Trd, 2590751.379, 116
Trd, 2590751.863, 108
Trd, 2590752.263, 106
Trd, 2590752.579, 106
Trd, 2590754.246, 104
Trd, 2590754.779, 105
Trd, 2590755.913, 99
Trd, 2590756.179, 105
Trd, 2590756.879, 106
Trd, 2590756.979, 98
Trd, 2590757.046, 97
Trd, 2590757.896, 106
Trd, 2590760.396, 99
Trd, 2590760.729, 101
Trd, 2590760.813, 102
Trd, 2590761.863, 99
Trd, 2590761.896, 97
Trd, 2590761.929, 111
Trd, 2590762.113, 108
Trd, 2590763.013, 98
Trd, 2590763.829, 91
Trd, 2590764.013, 90
Trd, 2590764.096, 88
Trd, 2590764.396, 92
Trd, 2590765.796, 96
Trd, 2590766.213, 98
Trd, 2590767.146, 104
Trd, 2590767.179, 97
Trd, 2590767.779, 105
Trd, 2590768.079, 96
Trd, 2590770.029, 107
Trd, 2590772.579, 98
Trd, 2590772.863, 113
Trd, 2590773.413, 94
Trd, 2590773.629, 96
Trd, 2590773.863, 90
Trd, 2590774.529, 98
Trd, 2590776.346, 108
Trd, 2590776.529, 115
Trd, 2590776.779, 116
Trd, 2590776.879, 92
Trd, 2590777.813, 95
Trd, 2590780.263, 100
Trd, 2590780.579, 98
Trd, 2590781.163, 97
Trd, 2590781.329, 96
Trd, 2590782.196, 96
Trd, 2590782.929, 94
Trd, 2590783.579, 107
Trd, 2590783.763, 99
Trd, 2590783.996, 98
Trd, 2590785.846, 118
Trd, 2590786.696, 100
Trd, 2590787.179, 100
Trd, 2590788.663, 98
Trd, 2590789.163, 102
Trd, 2590789.446, 95
Trd, 2590790.246, 93
Trd, 2590790.379, 94
Trd, 2590790.413, 98
Trd, 2590790.546, 102
Trd, 2590790.863, 93
Trd, 2590790.896, 103
Trd, 2590792.129, 115
Trd, 2590792.346, 94
Trd, 2590793.679, 92
Trd, 2590794.029, 92
Trd, 2590795.329, 97
Trd, 2590796.046, 102
Trd, 2590796.913, 97
Trd, 2590797.546, 99
Trd, 2590797.829, 100
Trd, 2590797.863, 101
Trd, 2590799.463, 104
Trd, 2590799.746, 102
Trd, 2590799.879, 105
Trd, 2590800.963, 99
Trd, 2590800.979, 105
Trd, 2590801.179, 98
Trd, 2590801.379, 90
Trd, 2590803.446, 100
Trd, 2590805.329, 104
Trd, 2590805.646, 103
Trd, 2590806.429, 93
Trd, 2590807.213, 95
Trd, 2590807.296, 96
Trd, 2590808.329, 99
Trd, 2590809.313, 101
Trd, 2590809.596, 104
Trd, 2590810.129, 111
Trd, 2590810.296, 102
Trd, 2590811.596, 106
Trd, 2590812.763, 107
Trd, 2590812.863, 106
Trd, 2590813.163, 105
Trd, 2590813.663, 98
Trd, 2590813.713, 94
Trd, 2590815.063, 101
Trd, 2590815.863, 103
Trd, 2590816.596, 108
Trd, 2590817.263, 91
Trd, 2590817.963, 117
Trd, 2590818.196, 101
Trd, 2590819.296, 108
Trd, 2590819.396, 114
Trd, 2590821.279, 100
Trd, 2590821.729, 104
Trd, 2590822.829, 100
Trd, 2590822.929, 99
Trd, 2590823.263, 99
Trd, 2590823.629, 98
Trd, 2590823.763, 98
Trd, 2590824.329, 99
Trd, 2590824.396, 108
Trd, 2590826.463, 116
Trd, 2590827.129, 102
Trd, 2590827.163, 121
Trd, 2590827.779, 94
Trd, 2590828.296, 95
Trd, 2590828.479, 87
Trd, 2590831.079, 99
Trd, 2590831.713, 98
Trd, 2590831.829, 100
Trd, 2590832.379, 108
Trd, 2590833.063, 96
Trd, 2590833.396, 108
Trd, 2590833.529, 102
Trd, 2590833.913, 96
Trd, 2590834.229, 91
Trd, 2590835.163, 94
Trd, 2590836.096, 116
Trd, 2590838.229, 106
Trd, 2590838.796, 107
Trd, 2590839.163, 108
Trd, 2590840.029, 112
Trd, 2590840.196, 107
Trd, 2590840.813, 105
Trd, 2590841.579, 98
Trd, 2590842.146, 93
Trd, 2590842.613, 95
Trd, 2590842.996, 92
Trd, 2590843.346, 93
Trd, 2590844.263, 93
Trd, 2590845.413, 90
Trd, 2590845.646, 88
Trd, 2590846.096, 90
Trd, 2590846.613, 88
Trd, 2590847.363, 99
Trd, 2590847.913, 97
Trd, 2590848.129, 106
Trd, 2590848.613, 105
Trd, 2590849.129, 108
Trd, 2590850.046, 95
Trd, 2590850.346, 95
Trd, 2590850.363, 109
Trd, 2590852.346, 95
Trd, 2590852.863, 95
Trd, 2590853.496, 98
Trd, 2590853.729, 100
Trd, 2590854.229, 91
Trd, 2590854.546, 98
Trd, 2590856.229, 93
Trd, 2590857.179, 91
Trd, 2590857.229, 92
Trd, 2590857.329, 94
Trd, 2590858.646, 87
Trd, 2590859.479, 92
Trd, 2590859.863, 97
Trd, 2590860.413, 102
Trd, 2590861.729, 105
Trd, 2590862.496, 98
Trd, 2590862.529, 107
Trd, 2590863.596, 101
Trd, 2590865.046, 107
Trd, 2590865.513, 106
Trd, 2590865.846, 105
Trd, 2590865.963, 107
Trd, 2590866.246, 94
Trd, 2590866.346, 105
Trd, 2590867.263, 90
Trd, 2590869.063, 99
Trd, 2590869.679, 99
Trd, 2590870.546, 101
Trd, 2590871.129, 105
Trd, 2590871.229, 96
Trd, 2590873.379, 97
Trd, 2590873.413, 91
Trd, 2590873.879, 97
Trd, 2590875.146, 93
Trd, 2590875.363, 94
Trd, 2590875.846, 95
Trd, 2590876.046, 95
Trd, 2590877.746, 101
Trd, 2590878.063, 102
Trd, 2590878.746, 107
Trd, 2590879.046, 93
Trd, 2590879.746, 91
Trd, 2590880.129, 92
Trd, 2590880.546, 87
Trd, 2590883.063, 97
Trd, 2590883.713, 100
Trd, 2590883.763, 99
Trd, 2590884.479, 100
Trd, 2590884.813, 101
Trd, 2590884.946, 100
Trd, 2590885.196, 99
Trd, 2590885.763, 106
Trd, 2590885.946, 108
Trd, 2590888.913, 109
Trd, 2590889.546, 107
Trd, 2590889.863, 98
Trd, 2590890.379, 99
Trd, 2590890.579, 105
Trd, 2590890.779, 106
Trd, 2590890.946, 96
Trd, 2590891.646, 108
Trd, 2590892.263, 105
Trd, 2590894.179, 102
Trd, 2590895.363, 98
Trd, 2590897.529, 98
Trd, 2590898.263, 99
Trd, 2590898.746, 99
Trd, 2590899.696, 96
Trd, 2590899.846, 97
Trd, 2590900.129, 97
Trd, 2590900.179, 95
Trd, 2590900.313, 98
Trd, 2590900.746, 96
Trd, 2590900.946, 103
Trd, 2590901.663, 105
Trd, 2590902.313, 96
Trd, 2590902.463, 103
Trd, 2590903.163, 93
Trd, 2590904.113, 96
Trd, 2590904.246, 95
Trd, 2590904.696, 89
Trd, 2590904.946, 96
Trd, 2590905.446, 90
Trd, 2590905.746, 97
Trd, 2590906.079, 108
Trd, 2590907.729, 100
Trd, 2590908.029, 99
Trd, 2590910.029, 99
Trd, 2590910.446, 103
Trd, 2590910.996, 98
Trd, 2590911.846, 102
Trd, 2590912.346, 104
Trd, 2590913.113, 108
Trd, 2590914.013, 103
Trd, 2590914.063, 102
Trd, 2590914.329, 109
Trd, 2590915.813, 103
Trd, 2590916.863, 100
Trd, 2590917.363, 99
Trd, 2590917.846, 98
Trd, 2590919.229, 98
Trd, 2590919.379, 99
Trd, 2590920.279, 106
Trd, 2590920.579, 100
Trd, 2590920.713, 99
Trd, 2590922.046, 96
Trd, 2590922.796, 94
Trd, 2590923.129, 103
Trd, 2590923.279, 91
Trd, 2590923.913, 102
Trd, 2590924.413, 102
Trd, 2590924.896, 108
Trd, 2590926.279, 112
Trd, 2590926.696, 112
Trd, 2590926.829, 107
Trd, 2590927.229, 118
Trd, 2590928.429, 94
Trd, 2590930.379, 100
Trd, 2590930.446, 101
Trd, 2590931.079, 100
Trd, 2590931.246, 97
Trd, 2590931.913, 98
Trd, 2590932.213, 99
Trd, 2590932.313, 93
Trd, 2590932.446, 101
Trd, 2590933.396, 91
Trd, 2590935.929, 91
Trd, 2590936.696, 91
Trd, 2590936.813, 97
Trd, 2590936.913, 88
Trd, 2590939.029, 95
Trd, 2590939.263, 96
Trd, 2590939.979, 96
Trd, 2590940.163, 98
Trd, 2590940.246, 97
Trd, 2590941.279, 100
Trd, 2590942.029, 105
Trd, 2590942.963, 101
Trd, 2590943.479, 102
Trd, 2590943.646, 103
Trd, 2590944.263, 101
Trd, 2590946.629, 103
Trd, 2590947.613, 102
Trd, 2590948.163, 102
Trd, 2590948.546, 101
Trd, 2590949.279, 108
Trd, 2590950.046, 102
Trd, 2590950.496, 108
Trd, 2590950.546, 101
Trd, 2590951.746, 105
Trd, 2590952.513, 100
Trd, 2590953.263, 100
Trd, 2590953.346, 109
Trd, 2590953.829, 98
Trd, 2590953.879, 94
Trd, 2590956.613, 100
Trd, 2590956.863, 98
Trd, 2590957.529, 99
Trd, 2590957.813, 100
Trd, 2590958.663, 100
Trd, 2590959.463, 93
Trd, 2590959.763, 99
Trd, 2590960.179, 98
Trd, 2590961.379, 97
Trd, 2590961.813, 97
Trd, 2590962.213, 96
Trd, 2590962.796, 97
Trd, 2590963.229, 97
Trd, 2590963.363, 98
Trd, 2590964.596, 97
Trd, 2590965.596, 94
Trd, 2590965.796, 92
Trd, 2590966.263, 97
Trd, 2590966.329, 99
Trd, 2590966.513, 98
Trd, 2590968.163, 106
Trd, 2590969.946, 105
Trd, 2590970.479, 106
Trd, 2590970.813, 107
Trd, 2590971.213, 107
Trd, 2590971.679, 106
Trd, 2590972.146, 108
Trd, 2590972.279, 107
Trd, 2590973.196, 114
Trd, 2590973.746, 109
Trd, 2590974.263, 110
Trd, 2590975.229, 112
Trd, 2590975.946, 112
Trd, 2590976.746, 107
Trd, 2590977.246, 105
Trd, 2590977.996, 104
Trd, 2590978.846, 104
Trd, 2590979.013, 106
Trd, 2590979.096, 108
Trd, 2590979.896, 97
Trd, 2590981.413, 97
Trd, 2590983.879, 96
Trd, 2590984.296, 96
Trd, 2590984.346, 99
Trd, 2590985.429, 94
Trd, 2590985.896, 94
Trd, 2590986.796, 92
Trd, 2590987.113, 102
Trd, 2590987.296, 106
Trd, 2590987.946, 93
Trd, 2590988.846, 108
Trd, 2590989.363, 93
Trd, 2590990.713, 97
Trd, 2590991.196, 93
Trd, 2590993.113, 93
Trd, 2590993.346, 94
Trd, 2590994.213, 93
Trd, 2590994.346, 94
Trd, 2590994.496, 108
Trd, 2590994.829, 112
Trd, 2590995.946, 97
Trd, 2590996.213, 98
Trd, 2590997.363, 102
Trd, 2590997.613, 102
Trd, 2590997.629, 101
Trd, 2590998.579, 94
Trd, 2590998.963, 100
Trd, 2590999.863, 91
Trd, 2590999.913, 111
Trd, 2591000.646, 98
Trd, 2591001.696, 108
Trd, 2591003.429, 108
Trd, 2591004.179, 113
Trd, 2591005.596, 104
Trd, 2591005.829, 109
Trd, 2591007.463, 106
Trd, 2591008.279, 109
Trd, 2591008.363, 108
Trd, 2591008.779, 104
Trd, 2591009.013, 107
Trd, 2591009.146, 97
Trd, 2591009.263, 89
Trd, 2591010.713, 101
Trd, 2591010.946, 100
Trd, 2591011.463, 102
Trd, 2591013.829, 98
Trd, 2591014.146, 101
Trd, 2591014.429, 102
Trd, 2591014.463, 103
Trd, 2591014.696, 108
Trd, 2591014.929, 95
Trd, 2591015.379, 93
Trd, 2591015.829, 87
Trd, 2591017.196, 94
Trd, 2591020.429, 98
Trd, 2591021.496, 104
Trd, 2591021.829, 103
Trd, 2591022.146, 102
Trd, 2591022.813, 98
Trd, 2591023.096, 98
Trd, 2591023.963, 98
Trd, 2591024.679, 101
Trd, 2591024.779, 105
Trd, 2591025.646, 94
Trd, 2591028.263, 97
Trd, 2591028.829, 98
Trd, 2591029.046, 97
Trd, 2591029.063, 99
Trd, 2591029.763, 106
Trd, 2591031.279, 103
Trd, 2591031.863, 101
Trd, 2591032.346, 100
Trd, 2591032.529, 103
Trd, 2591033.646, 90
Trd, 2591034.029, 98
Trd, 2591034.096, 100
Trd, 2591034.579, 99
Trd, 2591035.296, 100
Trd, 2591035.579, 98
Trd, 2591036.229, 101
Trd, 2591036.296, 108
Trd, 2591039.563, 102
Trd, 2591040.163, 104
Trd, 2591041.329, 109
Trd, 2591041.546, 110
Trd, 2591041.679, 112
Trd, 2591041.963, 108
Trd, 2591042.496, 109
Trd, 2591042.646, 108
Trd, 2591043.029, 92
Trd, 2591043.796, 93
Trd, 2591043.979, 106
Trd, 2591045.963, 99
Trd, 2591045.996, 101
Trd, 2591046.929, 99
Trd, 2591048.063, 97
Trd, 2591049.346, 96
Trd, 2591049.413, 97
Trd, 2591049.946, 98
Trd, 2591050.063, 99
Trd, 2591051.563, 101
Trd, 2591051.763, 97
Trd, 2591051.779, 108
Trd, 2591052.213, 98
Trd, 2591052.696, 93
Trd, 2591055.629, 99
Trd, 2591056.679, 96
Trd, 2591056.963, 99
Trd, 2591058.063, 100
Trd, 2591058.263, 107
Trd, 2591058.429, 108
Trd, 2591058.796, 109
Trd, 2591059.329, 111
Trd, 2591060.129, 113
Trd, 2591060.546, 111
Trd, 2591060.779, 108
Trd, 2591064.096, 100
Trd, 2591064.196, 105
Trd, 2591065.213, 105
Trd, 2591066.063, 104
Trd, 2591067.296, 104
Trd, 2591067.746, 105
Trd, 2591068.213, 105
Trd, 2591068.346, 108
Trd, 2591069.513, 99
Trd, 2591069.979, 98
Trd, 2591070.746, 105
Trd, 2591070.763, 94
Trd, 2591071.263, 110
Trd, 2591072.329, 94
Trd, 2591073.813, 94
Trd, 2591074.529, 101
Trd, 2591076.129, 96
Trd, 2591076.196, 95
Trd, 2591077.179, 97
Trd, 2591077.196, 98
Trd, 2591077.746, 94
Trd, 2591077.829, 97
Trd, 2591078.046, 98
Trd, 2591078.513, 92
Trd, 2591079.763, 99
Trd, 2591081.379, 99
Trd, 2591082.229, 98
Trd, 2591082.446, 108
Trd, 2591083.179, 94
Trd, 2591083.213, 102
Trd, 2591083.563, 105
Trd, 2591083.663, 118
Trd, 2591083.929, 96
Trd, 2591085.363, 98
Trd, 2591088.479, 100
Trd, 2591089.296, 99
Trd, 2591089.329, 98
Trd, 2591089.463, 93
Trd, 2591089.779, 98
Trd, 2591091.329, 94
Trd, 2591091.563, 94
Trd, 2591091.779, 96
Trd, 2591091.929, 93
Trd, 2591092.563, 94
Trd, 2591092.929, 93
Trd, 2591093.196, 94
Trd, 2591093.446, 93
Trd, 2591094.229, 96
Trd, 2591095.796, 93
Trd, 2591096.496, 92
Trd, 2591096.629, 91
Trd, 2591096.663, 92
Trd, 2591097.446, 94
Trd, 2591098.179, 108
Trd, 2591098.229, 87
Trd, 2591098.713, 105
Trd, 2591099.396, 91
Trd, 2591100.129, 107
Trd, 2591101.046, 108
Trd, 2591101.196, 88
Trd, 2591101.279, 108
Trd, 2591102.513, 97
Trd, 2591104.796, 93
Trd, 2591105.046, 94
Trd, 2591105.779, 93
Trd, 2591107.013, 93
Trd, 2591107.246, 92
Trd, 2591107.979, 94
Trd, 2591107.996, 90
Trd, 2591108.046, 93
Trd, 2591109.279, 92
Trd, 2591109.713, 91
Trd, 2591110.863, 91
Trd, 2591110.996, 100
Trd, 2591111.713, 92
Trd, 2591112.613, 105
Trd, 2591113.063, 108
Trd, 2591113.629, 95
Trd, 2591114.263, 94
Trd, 2591114.563, 87
Trd, 2591115.863, 100
Trd, 2591116.463, 102
Trd, 2591116.996, 117
Trd, 2591118.796, 105
Trd, 2591119.513, 106
Trd, 2591120.396, 105
Trd, 2591120.446, 104
Trd, 2591120.629, 97
Trd, 2591120.746, 104
Trd, 2591120.946, 107
Trd, 2591123.629, 99
Trd, 2591124.513, 101
Trd, 2591124.913, 108
Trd, 2591126.763, 112
Trd, 2591127.079, 112
Trd, 2591128.079, 118
Trd, 2591129.629, 108
Trd, 2591129.779, 105
Trd, 2591129.963, 99
Trd, 2591129.979, 112
Trd, 2591130.446, 98
Trd, 2591130.529, 109
Trd, 2591131.696, 104
Trd, 2591132.079, 103
Trd, 2591132.479, 103
Trd, 2591133.013, 101
Trd, 2591133.396, 96
Trd, 2591133.796, 97
Trd, 2591134.596, 98
Trd, 2591135.113, 99
Trd, 2591135.179, 100
Trd, 2591135.629, 97
Trd, 2591135.846, 104
Trd, 2591136.646, 92
Trd, 2591137.479, 107
Trd, 2591138.563, 116
Trd, 2591138.596, 91
Trd, 2591140.579, 90
Trd, 2591140.913, 89
Trd, 2591142.063, 91
Trd, 2591142.213, 92
Trd, 2591142.379, 93
Trd, 2591142.979, 94
Trd, 2591143.563, 101
Trd, 2591143.613, 93
Trd, 2591144.013, 106
Trd, 2591145.146, 93
Trd, 2591146.696, 102
Trd, 2591147.263, 96
Trd, 2591148.829, 96
Trd, 2591149.096, 98
Trd, 2591150.763, 98
Trd, 2591151.096, 98
Trd, 2591151.363, 97
Trd, 2591151.813, 97
Trd, 2591153.513, 95
Trd, 2591153.546, 96
Trd, 2591154.013, 106
Trd, 2591154.779, 95
Trd, 2591155.313, 94
Trd, 2591155.329, 107
Trd, 2591156.513, 93
Trd, 2591156.679, 108
Trd, 2591158.363, 89
Trd, 2591158.396, 89
Trd, 2591158.613, 91
Trd, 2591158.829, 97
Trd, 2591158.896, 89
Trd, 2591159.146, 100
Trd, 2591161.779, 96
Trd, 2591161.979, 96
Trd, 2591162.279, 97
Trd, 2591162.379, 96
Trd, 2591162.713, 108
Trd, 2591162.879, 112
Trd, 2591163.046, 95
Trd, 2591165.613, 99
Trd, 2591166.496, 98
Trd, 2591166.746, 96
Trd, 2591168.013, 96
Trd, 2591168.796, 97
Trd, 2591168.813, 96
Trd, 2591169.179, 98
Trd, 2591169.729, 98
Trd, 2591170.379, 98
Trd, 2591170.696, 98
Trd, 2591170.813, 104
Trd, 2591174.396, 101
Trd, 2591175.096, 107
Trd, 2591175.496, 101
Trd, 2591176.196, 107
Trd, 2591176.529, 108
Trd, 2591176.713, 98
Trd, 2591177.646, 93
Trd, 2591178.379, 108
Trd, 2591178.479, 94
Trd, 2591180.279, 110
Trd, 2591181.213, 95
Trd, 2591182.046, 102
Trd, 2591183.096, 99
Trd, 2591183.263, 93
Trd, 2591183.646, 99
Trd, 2591183.796, 100
Trd, 2591184.613, 100
Trd, 2591185.279, 101
Trd, 2591185.296, 91
Trd, 2591186.796, 94
Trd, 2591187.079, 95
Trd, 2591187.313, 91
Trd, 2591188.229, 100
Trd, 2591189.513, 97
Trd, 2591189.796, 97
Trd, 2591190.879, 99
Trd, 2591190.979, 105
Trd, 2591191.629, 99
Trd, 2591193.579, 101
Trd, 2591193.946, 100
Trd, 2591194.513, 97
Trd, 2591195.163, 98
Trd, 2591195.313, 101
Trd, 2591196.646, 102
Trd, 2591196.929, 108
Trd, 2591198.229, 101
Trd, 2591198.479, 108
Trd, 2591198.696, 98
Trd, 2591199.113, 104
Trd, 2591200.529, 98
Trd, 2591200.929, 97
Trd, 2591201.913, 100
Trd, 2591202.879, 98
Trd, 2591203.296, 98
Trd, 2591203.896, 104
Trd, 2591205.696, 98
Trd, 2591205.979, 98
Trd, 2591206.413, 97
Trd, 2591206.679, 95
Trd, 2591206.863, 97
Trd, 2591207.263, 97
Trd, 2591208.446, 95
Trd, 2591208.696, 94
Trd, 2591209.379, 91
Trd, 2591210.629, 94
Trd, 2591210.913, 95
Trd, 2591211.346, 103
Trd, 2591213.029, 99
Trd, 2591214.746, 103
Trd, 2591214.796, 104
Trd, 2591215.196, 103
Trd, 2591215.613, 105
Trd, 2591215.746, 105
Trd, 2591216.463, 106
Trd, 2591216.713, 107
Trd, 2591216.746, 104
Trd, 2591217.446, 98
Trd, 2591217.663, 108
Trd, 2591217.913, 94
Trd, 2591220.229, 106
Trd, 2591221.279, 98
Trd, 2591221.429, 105
Trd, 2591221.696, 107
Trd, 2591223.913, 113
Trd, 2591224.029, 113
Trd, 2591224.496, 107
Trd, 2591224.913, 105
Trd, 2591225.346, 94
Trd, 2591225.546, 94
Trd, 2591226.896, 105
Trd, 2591228.413, 102
Trd, 2591229.163, 106
Trd, 2591229.196, 104
Trd, 2591229.229, 101
Trd, 2591230.013, 107
Trd, 2591230.496, 99
Trd, 2591232.429, 106
Trd, 2591233.479, 105
Trd, 2591233.546, 104
Trd, 2591234.329, 104
Trd, 2591236.596, 100
Trd, 2591237.313, 106
Trd, 2591237.529, 108
Trd, 2591238.763, 107
Trd, 2591239.879, 102
Trd, 2591240.113, 106
Trd, 2591240.263, 107
Trd, 2591240.363, 102
Trd, 2591240.729, 112
Trd, 2591240.746, 102
Trd, 2591242.179, 98
Trd, 2591242.379, 93
Trd, 2591242.863, 113
Trd, 2591244.379, 112
Trd, 2591244.746, 111
Trd, 2591245.196, 107
Trd, 2591245.263, 113
Trd, 2591245.396, 116
Trd, 2591245.546, 108
Trd, 2591246.163, 96
Trd, 2591247.146, 101
Trd, 2591248.529, 95
Trd, 2591249.063, 94
Trd, 2591250.379, 90
Trd, 2591250.946, 90
Trd, 2591251.496, 89
Trd, 2591252.546, 90
Trd, 2591253.096, 96
Trd, 2591253.513, 91
Trd, 2591255.313, 106
Trd, 2591255.429, 106
Trd, 2591255.729, 106
Trd, 2591255.813, 108
Trd, 2591256.646, 112
Trd, 2591257.879, 103
Trd, 2591258.279, 107
Trd, 2591258.479, 109
Trd, 2591260.113, 99
Trd, 2591260.163, 102
Trd, 2591260.429, 102
Trd, 2591261.496, 99
Trd, 2591261.579, 98
Trd, 2591262.979, 91
Trd, 2591263.946, 91
Trd, 2591264.779, 78
Trd, 2591264.813, 78
Trd, 2591264.963, 77
Trd, 2591265.496, 87
Trd, 2591266.913, 86
Trd, 2591267.229, 87
Trd, 2591267.463, 94
Trd, 2591267.563, 97
Trd, 2591268.429, 97
Trd, 2591270.179, 100
Trd, 2591270.613, 101
Trd, 2591271.346, 101
Trd, 2591271.496, 103
Trd, 2591271.563, 106
Trd, 2591273.429, 107
Trd, 2591274.379, 100
Trd, 2591275.179, 98
Trd, 2591275.896, 90
Trd, 2591276.279, 89
Trd, 2591276.313, 98
Trd, 2591278.429, 95
Trd, 2591278.879, 91
Trd, 2591279.529, 93
Trd, 2591279.579, 94
Trd, 2591280.696, 97
Trd, 2591281.396, 100
Trd, 2591281.879, 96
Trd, 2591282.096, 102
Trd, 2591283.679, 105
Trd, 2591284.063, 108
Trd, 2591284.929, 109
Trd, 2591285.046, 110
Trd, 2591286.263, 108
Trd, 2591286.913, 111
Trd, 2591287.163, 110
Trd, 2591287.179, 108
Trd, 2591287.396, 105
Trd, 2591289.529, 94
Trd, 2591290.829, 105
Trd, 2591291.913, 101
Trd, 2591292.513, 99
Trd, 2591292.846, 98
Trd, 2591294.296, 92
Trd, 2591294.379, 93
Trd, 2591294.513, 108
Trd, 2591296.496, 97
Trd, 2591297.046, 96
Trd, 2591298.013, 97
Trd, 2591298.063, 98
Trd, 2591298.379, 94
Trd, 2591298.913, 101
Trd, 2591299.896, 96
Trd, 2591300.046, 100
Trd, 2591300.613, 101
Trd, 2591301.479, 98
Trd, 2591303.046, 104
Trd, 2591304.329, 105
Trd, 2591304.729, 105
Trd, 2591305.496, 97
Trd, 2591305.779, 94
Trd, 2591306.696, 102
Trd, 2591307.513, 96
Trd, 2591307.846, 101
Trd, 2591307.863, 102
Trd, 2591308.863, 108
Trd, 2591309.629, 96
Trd, 2591310.029, 95
Trd, 2591310.813, 95
Trd, 2591310.913, 96
Trd, 2591311.713, 103
Trd, 2591312.879, 94
Trd, 2591313.829, 100
Trd, 2591315.363, 100
Trd, 2591315.379, 108
Trd, 2591317.229, 102
Trd, 2591317.796, 103
Trd, 2591318.346, 102
Trd, 2591319.129, 98
Trd, 2591320.346, 102
Trd, 2591320.679, 98
Trd, 2591320.713, 105
Trd, 2591321.113, 108
Trd, 2591322.496, 103
Trd, 2591322.763, 104
Trd, 2591323.479, 107
Trd, 2591324.463, 91
Trd, 2591324.996, 95
Trd, 2591325.446, 107
Trd, 2591327.196, 98
Trd, 2591327.646, 97
Trd, 2591327.863, 98
Trd, 2591328.079, 108
Trd, 2591328.596, 98
Trd, 2591330.129, 99
Trd, 2591331.263, 102
Trd, 2591331.879, 101
Trd, 2591332.763, 100
Trd, 2591333.063, 94
Trd, 2591333.179, 89
Trd, 2591333.529, 100
Trd, 2591334.246, 98
Trd, 2591334.846, 94
Trd, 2591335.946, 92
Trd, 2591336.429, 92
Trd, 2591337.279, 92
Trd, 2591337.496, 91
Trd, 2591337.629, 93
Trd, 2591338.779, 92
Trd, 2591340.529, 97
Trd, 2591340.613, 98
Trd, 2591340.796, 95
Trd, 2591341.196, 108
Trd, 2591341.246, 106
Trd, 2591341.646, 96
Trd, 2591343.029, 106
Trd, 2591343.413, 115
Trd, 2591345.529, 96
Trd, 2591345.729, 94
Trd, 2591346.263, 108
Trd, 2591346.946, 103
Trd, 2591347.979, 105
Trd, 2591348.029, 96
Trd, 2591350.279, 104
Trd, 2591350.779, 103
Trd, 2591351.563, 102
Trd, 2591351.863, 102
Trd, 2591352.363, 97
Trd, 2591353.196, 97
Trd, 2591353.229, 98
Trd, 2591355.146, 97
Trd, 2591355.846, 94
Trd, 2591356.329, 101
Trd, 2591356.413, 107
Trd, 2591356.613, 99
Trd, 2591358.196, 101
Trd, 2591358.763, 105
Trd, 2591360.113, 100
Trd, 2591360.129, 101
Trd, 2591360.246, 103
Trd, 2591360.713, 99
Trd, 2591360.879, 96
Trd, 2591361.179, 97
Trd, 2591361.813, 102
Trd, 2591361.913, 103
Trd, 2591362.663, 106
Trd, 2591363.196, 101
Trd, 2591363.663, 100
Trd, 2591365.496, 99
Trd, 2591365.646, 98
Trd, 2591366.179, 94
Trd, 2591366.396, 105
Trd, 2591366.563, 108
Trd, 2591368.279, 90
Trd, 2591369.129, 103
Trd, 2591369.563, 103
Trd, 2591370.596, 98
Trd, 2591371.463, 96
Trd, 2591371.629, 93
Trd, 2591371.946, 96
Trd, 2591372.913, 91
Trd, 2591373.679, 97
Trd, 2591373.913, 97
Trd, 2591374.763, 91
Trd, 2591376.363, 93
Trd, 2591376.796, 94
Trd, 2591376.896, 98
Trd, 2591377.429, 100
Trd, 2591377.546, 101
Trd, 2591377.929, 106
Trd, 2591379.396, 105
Trd, 2591379.929, 107
Trd, 2591380.396, 107
Trd, 2591380.863, 106
Trd, 2591381.079, 106
Trd, 2591381.963, 98
Trd, 2591382.179, 117
Trd, 2591383.063, 98
Trd, 2591383.129, 94
Trd, 2591383.279, 116
Trd, 2591384.813, 81
Trd, 2591385.563, 102
Trd, 2591385.879, 102
Trd, 2591387.863, 104
Trd, 2591388.196, 105
Trd, 2591389.429, 107
Trd, 2591389.479, 106
Trd, 2591390.229, 103
Trd, 2591391.029, 97
Trd, 2591392.313, 108
Trd, 2591393.213, 107
Trd, 2591393.279, 108
Trd, 2591393.313, 94
Trd, 2591393.429, 90
Trd, 2591395.063, 103
Trd, 2591395.496, 105
Trd, 2591395.779, 105
Trd, 2591396.763, 108
Trd, 2591397.846, 107
Trd, 2591398.729, 105
Trd, 2591398.929, 106
Trd, 2591400.063, 107
Trd, 2591402.313, 109
Trd, 2591402.429, 108
Trd, 2591402.496, 114
Trd, 2591403.346, 113
Trd, 2591405.129, 111
Trd, 2591405.629, 111
Trd, 2591405.913, 110
Trd, 2591406.296, 110
Trd, 2591408.029, 111
Trd, 2591408.079, 108
Trd, 2591408.163, 105
Trd, 2591410.346, 105
Trd, 2591411.263, 100
Trd, 2591412.329, 99
Trd, 2591412.746, 100
Trd, 2591412.763, 98
Trd, 2591413.229, 100
Trd, 2591413.346, 94
Trd, 2591413.646, 102
Trd, 2591414.896, 101
Trd, 2591415.963, 98
Trd, 2591416.079, 99
Trd, 2591416.713, 99
Trd, 2591416.963, 100
Trd, 2591417.146, 99
Trd, 2591417.179, 101
Trd, 2591417.529, 107
Trd, 2591420.413, 103
Trd, 2591420.813, 109
Trd, 2591421.096, 106
Trd, 2591422.063, 109
Trd, 2591423.163, 110
Trd, 2591424.296, 109
Trd, 2591425.063, 100
Trd, 2591426.746, 105
Trd, 2591427.613, 100
Trd, 2591428.146, 103
Trd, 2591428.363, 104
Trd, 2591428.679, 102
Trd, 2591429.046, 98
Trd, 2591429.463, 107
Trd, 2591429.613, 108
Trd, 2591431.263, 101
Trd, 2591432.529, 98
Trd, 2591433.229, 97
Trd, 2591434.813, 95
Trd, 2591435.113, 95
Trd, 2591435.196, 94
Trd, 2591436.929, 92
Trd, 2591437.179, 89
Trd, 2591438.296, 92
Trd, 2591438.879, 93
Trd, 2591439.113, 100
Trd, 2591439.129, 108
Trd, 2591439.363, 110
Trd, 2591440.296, 98
Trd, 2591440.379, 110
Trd, 2591441.079, 95
Trd, 2591441.096, 110
Trd, 2591442.129, 93
Trd, 2591442.679, 97
Trd, 2591443.063, 94
Trd, 2591444.379, 96
Trd, 2591444.596, 97
Trd, 2591444.713, 96
Trd, 2591446.829, 97
Trd, 2591446.863, 93
Trd, 2591446.996, 91
Trd, 2591447.946, 96
Trd, 2591448.146, 100
Trd, 2591448.929, 99
Trd, 2591449.196, 107
Trd, 2591450.496, 105
Trd, 2591452.179, 100
Trd, 2591452.346, 99
Trd, 2591452.913, 105
Trd, 2591454.113, 107
Trd, 2591456.146, 102
Trd, 2591457.213, 104
Trd, 2591457.463, 103
Trd, 2591457.546, 102
Trd, 2591458.346, 102
Trd, 2591458.913, 100
Trd, 2591459.029, 103
Trd, 2591459.363, 101
Trd, 2591460.329, 102
Trd, 2591460.513, 104
Trd, 2591460.879, 106
Trd, 2591461.629, 100
Trd, 2591464.213, 102
Trd, 2591464.629, 98
Trd, 2591466.429, 100
Trd, 2591466.579, 100
Trd, 2591467.029, 108
Trd, 2591467.229, 101
Trd, 2591467.363, 99
Trd, 2591467.713, 117
Trd, 2591467.879, 95
Trd, 2591467.929, 107
Trd, 2591468.913, 98
Trd, 2591470.246, 108
Trd, 2591470.713, 94
Trd, 2591471.529, 104
Trd, 2591471.579, 91
Trd, 2591473.046, 92
Trd, 2591473.596, 99
Trd, 2591475.513, 100
Trd, 2591475.563, 99
Trd, 2591476.063, 99
Trd, 2591476.596, 100
Trd, 2591476.863, 99
Trd, 2591476.896, 106
Trd, 2591477.779, 98
Trd, 2591478.129, 97
Trd, 2591479.013, 95
Trd, 2591479.513, 94
Trd, 2591480.413, 90
Trd, 2591480.629, 94
Trd, 2591482.379, 96
Trd, 2591482.996, 95
Trd, 2591483.896, 100
Trd, 2591484.929, 94
Trd, 2591486.863, 91
Trd, 2591487.663, 103
Trd, 2591487.779, 92
Trd, 2591488.146, 93
Trd, 2591489.413, 102
Trd, 2591489.663, 100
Trd, 2591490.396, 99
Trd, 2591491.896, 102
Trd, 2591492.313, 103
Trd, 2591492.496, 108
Trd, 2591492.779, 101
Trd, 2591494.996, 103
Trd, 2591495.513, 102
Trd, 2591496.096, 105
Trd, 2591497.746, 105
Trd, 2591498.313, 103
Trd, 2591498.746, 95
Trd, 2591499.196, 103
Trd, 2591499.879, 98
Trd, 2591500.413, 98
Trd, 2591500.479, 102
Trd, 2591501.513, 96
Trd, 2591502.013, 94
Trd, 2591502.496, 94
Trd, 2591503.429, 97
Trd, 2591505.329, 104
Trd, 2591505.529, 103
Trd, 2591506.196, 106
Trd, 2591506.379, 94
Trd, 2591506.479, 107
Trd, 2591507.063, 108
Trd, 2591507.079, 91
Trd, 2591507.846, 96
Trd, 2591507.979, 99
Trd, 2591509.429, 98
Trd, 2591509.463, 92
Trd, 2591510.696, 97
Trd, 2591511.463, 101
Trd, 2591512.179, 99
Trd, 2591512.396, 98
Trd, 2591512.563, 101
Trd, 2591513.496, 98
Trd, 2591513.929, 98
Trd, 2591514.246, 99
Trd, 2591514.863, 99
Trd, 2591515.379, 100
Trd, 2591515.729, 102
Trd, 2591516.296, 98
Trd, 2591517.963, 98
Trd, 2591518.546, 95
Trd, 2591520.713, 100
Trd, 2591520.863, 100
Trd, 2591521.163, 105
Trd, 2591521.646, 100
Trd, 2591522.163, 108
Trd, 2591522.663, 112
Trd, 2591523.129, 94
Trd, 2591523.696, 113
Trd, 2591524.513, 90
Trd, 2591525.479, 97
Trd, 2591526.496, 97
Trd, 2591527.329, 97
Trd, 2591527.846, 98
Trd, 2591527.896, 97
Trd, 2591531.063, 101
Trd, 2591531.546, 102
Trd, 2591532.063, 103
Trd, 2591532.629, 100
Trd, 2591532.813, 101
Trd, 2591533.029, 102
Trd, 2591533.479, 108
Trd, 2591533.863, 102
Trd, 2591535.229, 103
Trd, 2591536.529, 105
Trd, 2591536.796, 106
Trd, 2591537.246, 105
Trd, 2591538.013, 103
Trd, 2591538.179, 105
Trd, 2591538.663, 106
Trd, 2591539.896, 105
Trd, 2591540.346, 98
Trd, 2591540.746, 94
Trd, 2591541.746, 110
Trd, 2591542.563, 109
Trd, 2591543.413, 110
Trd, 2591543.429, 109
Trd, 2591543.846, 105
Trd, 2591544.279, 94
Trd, 2591544.779, 107
Trd, 2591546.596, 99
Trd, 2591546.946, 98
Trd, 2591547.513, 98
Trd, 2591548.513, 100
Trd, 2591549.596, 103
Trd, 2591549.863, 108
Trd, 2591550.479, 114
Trd, 2591550.846, 97
Trd, 2591551.263, 97
Trd, 2591552.096, 97
Trd, 2591552.496, 98
Trd, 2591553.213, 109
Trd, 2591554.546, 108
Trd, 2591554.679, 106
Trd, 2591554.713, 105
Trd, 2591554.829, 94
Trd, 2591555.929, 108
Trd, 2591557.079, 112
Trd, 2591557.113, 111
Trd, 2591557.379, 111
Trd, 2591557.746, 110
Trd, 2591558.663, 97
Trd, 2591559.696, 96
Trd, 2591560.679, 94
Trd, 2591560.946, 92
Trd, 2591562.063, 95
Trd, 2591562.196, 94
Trd, 2591562.313, 90
Trd, 2591562.679, 104
Trd, 2591562.879, 97
Trd, 2591563.496, 110
Trd, 2591564.679, 92
Trd, 2591565.196, 91
Trd, 2591565.296, 94
Trd, 2591566.829, 113
Trd, 2591567.479, 96
Trd, 2591568.529, 97
Trd, 2591570.929, 102
Trd, 2591571.796, 101
Trd, 2591571.863, 101
Trd, 2591572.363, 98
Trd, 2591572.929, 96
Trd, 2591573.563, 93
Trd, 2591574.363, 93
Trd, 2591574.896, 94
Trd, 2591575.279, 90
Trd, 2591576.013, 91
Trd, 2591576.963, 92
Trd, 2591577.646, 91
Trd, 2591578.163, 92
Trd, 2591579.029, 94
Trd, 2591579.313, 93
Trd, 2591580.046, 102
Trd, 2591580.296, 108
Trd, 2591581.879, 99
Trd, 2591582.863, 104
Trd, 2591583.379, 102
Trd, 2591584.596, 100
Trd, 2591584.779, 104
Trd, 2591586.913, 103
Trd, 2591587.413, 102
Trd, 2591587.529, 101
Trd, 2591587.629, 101
Trd, 2591588.013, 103
Trd, 2591588.696, 103
Trd, 2591589.913, 103
Trd, 2591590.246, 105
Trd, 2591591.013, 107
Trd, 2591591.263, 103
Trd, 2591592.063, 100
Trd, 2591592.546, 98
Trd, 2591593.896, 95
Trd, 2591596.013, 102
Trd, 2591596.813, 99
Trd, 2591597.396, 100
Trd, 2591597.863, 100
Trd, 2591598.079, 101
Trd, 2591598.296, 102
Trd, 2591598.413, 99
Trd, 2591598.646, 94
Trd, 2591598.663, 106
Trd, 2591598.913, 87
Trd, 2591599.463, 110
Trd, 2591602.613, 95
Trd, 2591602.813, 95
Trd, 2591602.963, 96
Trd, 2591603.146, 101
Trd, 2591603.863, 97
Trd, 2591605.479, 93
Trd, 2591605.863, 106
Trd, 2591606.913, 100
Trd, 2591607.396, 101
Trd, 2591607.829, 98
Trd, 2591608.629, 98
Trd, 2591609.146, 103
Trd, 2591609.163, 104
Trd, 2591609.596, 98
Trd, 2591610.013, 98
Trd, 2591610.829, 100
Trd, 2591610.929, 103
Trd, 2591611.013, 94
Trd, 2591611.696, 114
Trd, 2591613.063, 107
Trd, 2591614.863, 110
Trd, 2591615.429, 110
Trd, 2591616.213, 110
Trd, 2591616.596, 109
Trd, 2591616.763, 107
Trd, 2591618.663, 95
Trd, 2591619.729, 97
Trd, 2591620.879, 95
Trd, 2591621.763, 96
Trd, 2591621.846, 97
Trd, 2591622.929, 98
Trd, 2591623.829, 98
Trd, 2591624.096, 100
Trd, 2591624.313, 107
Trd, 2591624.446, 97
Trd, 2591624.829, 98
Trd, 2591624.896, 108
Trd, 2591625.596, 93
Trd, 2591625.663, 87
Trd, 2591626.979, 91
Trd, 2591629.113, 103
Trd, 2591629.713, 103
Trd, 2591629.779, 106
Trd, 2591629.796, 93
Trd, 2591631.913, 101
Trd, 2591631.946, 100
Trd, 2591632.696, 100
Trd, 2591633.613, 101
Trd, 2591633.796, 115
Trd, 2591634.163, 101
Trd, 2591634.846, 99
Trd, 2591635.163, 97
Trd, 2591635.629, 120
Trd, 2591635.813, 122
Trd, 2591637.213, 120
Trd, 2591638.063, 108
Trd, 2591638.879, 101
Trd, 2591640.579, 104
Trd, 2591641.079, 103
Trd, 2591641.663, 103
Trd, 2591643.596, 101
Trd, 2591643.846, 101
Trd, 2591644.213, 98
Trd, 2591644.246, 101
Trd, 2591645.563, 96
Trd, 2591646.346, 98
Trd, 2591647.813, 106
Trd, 2591648.429, 106
Trd, 2591649.213, 106
Trd, 2591649.613, 105
Trd, 2591650.163, 107
Trd, 2591650.629, 101
Trd, 2591650.679, 94
Trd, 2591651.279, 108
Trd, 2591652.329, 113
Trd, 2591652.746, 112
Trd, 2591652.829, 98
Trd, 2591653.063, 97
Trd, 2591653.696, 111
Trd, 2591654.279, 112
Trd, 2591655.529, 106
Trd, 2591656.579, 92
Trd, 2591657.279, 91
Trd, 2591657.629, 87
Trd, 2591658.413, 86
Trd, 2591659.846, 83
Trd, 2591660.496, 82
Trd, 2591660.763, 81
Trd, 2591661.229, 85
Trd, 2591661.429, 87
Trd, 2591661.963, 94
Trd, 2591662.346, 94
Trd, 2591662.846, 102
Trd, 2591663.646, 98
Trd, 2591664.213, 107
Trd, 2591664.529, 105
Trd, 2591665.679, 106
Trd, 2591666.063, 105
Trd, 2591666.096, 108
Trd, 2591666.629, 105
Trd, 2591667.729, 110
Trd, 2591669.429, 98
Trd, 2591669.646, 112
Trd, 2591670.313, 110
Trd, 2591670.546, 108
Trd, 2591671.029, 106
Trd, 2591671.346, 99
Trd, 2591671.513, 98
Trd, 2591673.663, 109
Trd, 2591673.929, 110
Trd, 2591674.646, 107
Trd, 2591675.829, 112
Trd, 2591676.046, 97
Trd, 2591676.496, 112
Trd, 2591678.696, 110
Trd, 2591679.529, 97
Trd, 2591680.829, 97
Trd, 2591680.863, 94
Trd, 2591680.963, 91
Trd, 2591681.179, 102
Trd, 2591682.396, 98
Trd, 2591684.363, 99
Trd, 2591684.429, 95
Trd, 2591685.129, 99
Trd, 2591685.646, 100
Trd, 2591686.096, 93
Trd, 2591686.779, 97
Trd, 2591686.896, 99
Trd, 2591686.979, 96
Trd, 2591688.746, 88
Trd, 2591689.129, 88
Trd, 2591689.279, 90
Trd, 2591689.429, 98
Trd, 2591691.196, 99
Trd, 2591692.413, 107
Trd, 2591692.746, 98
Trd, 2591693.013, 98
Trd, 2591693.313, 107
Trd, 2591695.346, 103
Trd, 2591695.729, 103
Trd, 2591697.196, 103
Trd, 2591697.296, 108
Trd, 2591698.963, 105
Trd, 2591699.029, 108
Trd, 2591699.346, 114
Trd, 2591700.996, 107
Trd, 2591701.129, 106
Trd, 2591701.296, 105
Trd, 2591701.713, 108
Trd, 2591702.479, 97
Trd, 2591702.563, 98
Trd, 2591702.746, 94
Trd, 2591703.129, 102
Trd, 2591703.479, 103
Trd, 2591703.613, 102
Trd, 2591704.346, 105
Trd, 2591706.063, 106
Trd, 2591707.096, 108
Trd, 2591707.396, 103
Trd, 2591708.679, 104
Trd, 2591708.746, 105
Trd, 2591709.913, 94
Trd, 2591710.513, 93
Trd, 2591710.796, 94
Trd, 2591710.996, 95
Trd, 2591711.279, 96
Trd, 2591713.113, 94
Trd, 2591713.713, 93
Trd, 2591713.846, 94
Trd, 2591714.179, 94
Trd, 2591715.229, 100
Trd, 2591717.129, 107
Trd, 2591717.263, 105
Trd, 2591717.896, 113
Trd, 2591717.996, 105
Trd, 2591719.529, 107
Trd, 2591719.896, 108
Trd, 2591720.696, 106
Trd, 2591720.963, 106
Trd, 2591721.279, 105
Trd, 2591722.046, 98
Trd, 2591723.179, 97
Trd, 2591723.363, 93
Trd, 2591723.629, 98
Trd, 2591723.796, 94
Trd, 2591724.046, 99
Trd, 2591724.546, 103
Trd, 2591726.679, 91
Trd, 2591727.729, 92
Trd, 2591727.863, 92
Trd, 2591728.029, 94
Trd, 2591728.679, 106
Trd, 2591729.179, 108
Trd, 2591730.296, 93
Trd, 2591730.813, 105
Trd, 2591731.129, 105
Trd, 2591733.363, 104
Trd, 2591733.396, 103
Trd, 2591733.879, 103
Trd, 2591734.213, 91
Trd, 2591735.679, 99
Trd, 2591736.713, 100
Trd, 2591737.113, 100
Trd, 2591737.913, 101
Trd, 2591738.163, 101
Trd, 2591738.229, 99
Trd, 2591738.496, 102
Trd, 2591739.329, 101
Trd, 2591740.196, 106
Trd, 2591740.629, 97
Trd, 2591741.263, 108
Trd, 2591741.546, 96
Trd, 2591742.663, 92
Trd, 2591743.513, 104
Trd, 2591744.779, 91
Trd, 2591744.996, 91
Trd, 2591745.679, 92
Trd, 2591746.046, 87
Trd, 2591747.946, 89
Trd, 2591748.229, 104
Trd, 2591748.296, 105
Trd, 2591749.879, 110
Trd, 2591749.946, 110
Trd, 2591750.296, 111
Trd, 2591750.763, 110
Trd, 2591751.229, 109
Trd, 2591751.379, 108
Trd, 2591751.613, 105
Trd, 2591752.929, 97
Trd, 2591753.213, 104
Trd, 2591755.629, 103
Trd, 2591755.696, 99
Trd, 2591756.513, 108
Trd, 2591756.796, 100
Trd, 2591757.179, 100
Trd, 2591758.346, 108
Trd, 2591759.579, 100
Trd, 2591759.846, 100
Trd, 2591760.813, 100
Trd, 2591761.929, 101
Trd, 2591762.146, 101
Trd, 2591762.679, 107
Trd, 2591764.079, 98
Trd, 2591764.179, 104
Trd, 2591764.646, 106
Trd, 2591765.896, 95
Trd, 2591765.963, 105
Trd, 2591766.013, 94
Trd, 2591766.596, 90
Trd, 2591767.129, 101
Trd, 2591768.296, 87
Trd, 2591769.846, 85
Trd, 2591770.246, 89
Trd, 2591770.279, 89
Trd, 2591770.729, 97
Trd, 2591772.079, 100
Trd, 2591773.329, 98
Trd, 2591773.463, 97
Trd, 2591773.729, 107
Trd, 2591774.379, 97
Trd, 2591775.146, 108
Trd, 2591775.813, 96
Trd, 2591777.613, 99
Trd, 2591777.929, 98
Trd, 2591778.696, 98
Trd, 2591779.013, 99
Trd, 2591779.329, 97
Trd, 2591780.546, 108
Trd, 2591781.113, 105
Trd, 2591781.529, 100
Trd, 2591783.179, 92
Trd, 2591783.679, 107
Trd, 2591783.879, 109
Trd, 2591784.979, 102
Trd, 2591785.896, 100
Trd, 2591786.313, 101
Trd, 2591787.096, 105
Trd, 2591787.129, 102
Trd, 2591787.479, 101
Trd, 2591788.263, 103
Trd, 2591788.379, 100
Trd, 2591789.646, 111
Trd, 2591790.529, 112
Trd, 2591790.779, 111
Trd, 2591791.363, 112
Trd, 2591792.663, 98
Trd, 2591792.946, 97
Trd, 2591794.596, 94
Trd, 2591794.629, 104
Trd, 2591794.929, 91
Trd, 2591795.129, 87
Trd, 2591796.846, 85
Trd, 2591797.279, 89
Trd, 2591798.346, 86
Trd, 2591798.696, 85
Trd, 2591799.479, 84
Trd, 2591799.629, 107
Trd, 2591799.863, 108
Trd, 2591801.929, 100
Trd, 2591803.013, 102
Trd, 2591804.096, 101
Trd, 2591804.163, 102
Trd, 2591804.596, 99
Trd, 2591805.379, 101
Trd, 2591805.529, 101
Trd, 2591805.913, 100
Trd, 2591806.046, 101
Trd, 2591806.429, 98
Trd, 2591807.163, 104
Trd, 2591807.679, 98
Trd, 2591808.563, 101
Trd, 2591809.229, 98
Trd, 2591810.296, 100
Trd, 2591810.713, 94
Trd, 2591811.496, 90
Trd, 2591811.763, 100
Trd, 2591812.479, 87
Trd, 2591812.996, 99
Trd, 2591813.113, 100
Trd, 2591815.446, 106
Trd, 2591816.096, 104
Trd, 2591816.363, 105
Trd, 2591817.396, 106
Trd, 2591819.146, 111
Trd, 2591820.296, 111
Trd, 2591820.896, 114
Trd, 2591820.963, 108
Trd, 2591822.229, 98
Trd, 2591822.596, 98
Trd, 2591822.963, 94
Trd, 2591823.679, 97
Trd, 2591823.696, 98
Trd, 2591823.713, 111
Trd, 2591823.729, 113
Trd, 2591823.746, 96
Trd, 2591825.879, 113
Trd, 2591827.929, 101
Trd, 2591828.246, 99
Trd, 2591828.946, 97
Trd, 2591829.079, 94
Trd, 2591829.596, 97
Trd, 2591829.629, 98
Trd, 2591829.946, 102
Trd, 2591830.129, 93
Trd, 2591831.629, 99
Trd, 2591831.813, 103
Trd, 2591832.496, 98
Trd, 2591832.563, 102
Trd, 2591834.946, 102
Trd, 2591835.346, 103
Trd, 2591835.996, 103
Trd, 2591836.213, 106
Trd, 2591836.713, 105
Trd, 2591836.746, 104
Trd, 2591836.929, 103
Trd, 2591837.796, 108
Trd, 2591838.129, 97
Trd, 2591838.763, 94
Trd, 2591838.979, 92
Trd, 2591839.763, 100
Trd, 2591839.979, 101
Trd, 2591841.446, 114
Trd, 2591841.996, 115
Trd, 2591844.529, 106
Trd, 2591846.029, 105
Trd, 2591846.846, 104
Trd, 2591847.063, 103
Trd, 2591847.779, 105
Trd, 2591848.179, 114
Trd, 2591849.046, 101
Trd, 2591850.196, 100
Trd, 2591850.646, 99
Trd, 2591850.963, 105
Trd, 2591851.029, 106
Trd, 2591851.596, 107
Trd, 2591852.479, 99
Trd, 2591853.129, 98
Trd, 2591855.363, 99
Trd, 2591855.813, 107
Trd, 2591857.779, 101
Trd, 2591858.179, 93
Trd, 2591859.196, 90
Trd, 2591859.263, 97
Trd, 2591859.563, 96
Trd, 2591859.579, 94
Trd, 2591860.213, 95
Trd, 2591860.846, 95
Trd, 2591861.613, 91
Trd, 2591862.629, 92
Trd, 2591863.029, 91
Trd, 2591863.896, 108
Trd, 2591864.379, 92
Trd, 2591866.613, 103
Trd, 2591867.496, 104
Trd, 2591868.346, 104
Trd, 2591868.863, 105
Trd, 2591868.979, 102
Trd, 2591869.863, 103
Trd, 2591869.996, 101
Trd, 2591871.179, 94
Trd, 2591871.463, 91
Trd, 2591872.429, 95
Trd, 2591873.079, 98
Trd, 2591873.163, 98
Trd, 2591873.179, 107
Trd, 2591874.279, 96
Trd, 2591874.629, 100
Trd, 2591876.296, 92
Trd, 2591879.179, 93
Trd, 2591879.513, 91
Trd, 2591879.529, 91
Trd, 2591879.729, 94
Trd, 2591879.996, 96
Trd, 2591880.746, 98
Trd, 2591881.496, 100
Trd, 2591881.529, 107
Trd, 2591882.246, 99
Trd, 2591883.779, 111
Trd, 2591883.946, 112
Trd, 2591884.046, 105
Trd, 2591884.279, 112
Trd, 2591885.229, 101
Trd, 2591885.713, 100
Trd, 2591886.313, 98
Trd, 2591886.363, 109
Trd, 2591886.629, 91
Trd, 2591886.913, 107
Trd, 2591887.546, 93
Trd, 2591890.113, 99
Trd, 2591891.929, 96
Trd, 2591892.263, 96
Trd, 2591892.379, 98
Trd, 2591893.746, 99
Trd, 2591894.263, 100
Trd, 2591895.813, 102
Trd, 2591895.879, 107
Trd, 2591898.363, 104
Trd, 2591899.146, 98
Trd, 2591899.529, 100
Trd, 2591899.646, 99
Trd, 2591900.429, 99
Trd, 2591900.496, 98
Trd, 2591901.029, 98
Trd, 2591901.829, 96
Trd, 2591902.179, 98
Trd, 2591902.213, 94
Trd, 2591903.763, 98
Trd, 2591904.046, 92
Trd, 2591904.229, 92
Trd, 2591904.579, 108
Trd, 2591906.163, 102
Trd, 2591908.196, 99
Trd, 2591908.496, 99
Trd, 2591908.846, 101
Trd, 2591909.013, 102
Trd, 2591909.663, 100
Trd, 2591910.329, 108
Trd, 2591910.579, 104
Trd, 2591911.363, 103
Trd, 2591912.896, 101
Trd, 2591913.779, 108
Trd, 2591913.879, 102
Trd, 2591915.279, 106
Trd, 2591916.363, 110
Trd, 2591916.596, 100
Trd, 2591916.629, 98
Trd, 2591917.379, 105
Trd, 2591917.396, 95
Trd, 2591918.079, 103
Trd, 2591918.196, 94
Trd, 2591919.446, 96
Trd, 2591919.596, 114
Trd, 2591921.613, 113
Trd, 2591923.013, 102
Trd, 2591923.596, 105
Trd, 2591923.779, 104
Trd, 2591924.063, 104
Trd, 2591924.629, 103
Trd, 2591925.129, 103
Trd, 2591926.396, 99
Trd, 2591926.429, 98
Trd, 2591926.779, 113
Trd, 2591928.679, 102
Trd, 2591929.129, 98
Trd, 2591930.396, 100
Trd, 2591930.863, 100
Trd, 2591931.363, 99
Trd, 2591931.413, 102
Trd, 2591931.529, 104
Trd, 2591932.329, 108
Trd, 2591933.813, 104
Trd, 2591934.313, 104
Trd, 2591935.079, 98
Trd, 2591936.179, 99
Trd, 2591936.829, 100
Trd, 2591936.979, 99
Trd, 2591937.263, 109
Trd, 2591937.413, 118
Trd, 2591937.629, 99
Trd, 2591938.796, 121
Trd, 2591939.829, 105
Trd, 2591940.429, 109
Trd, 2591940.713, 108
Trd, 2591940.863, 108
Trd, 2591943.213, 101
Trd, 2591944.063, 100
Trd, 2591944.663, 98
Trd, 2591945.263, 100
Trd, 2591945.313, 102
Trd, 2591945.596, 104
Trd, 2591946.263, 104
Trd, 2591946.863, 104
Trd, 2591947.046, 99
Trd, 2591947.379, 98
Trd, 2591947.846, 94
Trd, 2591948.863, 99
Trd, 2591949.429, 93
Trd, 2591951.196, 97
Trd, 2591951.946, 96
Trd, 2591952.479, 94
Trd, 2591952.796, 92
Trd, 2591953.263, 93
Trd, 2591955.596, 101
Trd, 2591955.663, 100
Trd, 2591956.279, 100
Trd, 2591956.563, 106
Trd, 2591957.996, 90
Trd, 2591958.113, 108
Trd, 2591958.779, 91
Trd, 2591959.046, 91
Trd, 2591960.113, 91
Trd, 2591960.546, 92
Trd, 2591962.113, 97
Trd, 2591962.479, 96
Trd, 2591962.813, 97
Trd, 2591963.663, 101
Trd, 2591963.879, 106
Trd, 2591965.263, 100
Trd, 2591965.696, 100
Trd, 2591966.529, 100
Trd, 2591967.379, 100
Trd, 2591967.479, 107
Trd, 2591970.663, 101
Trd, 2591971.446, 101
Trd, 2591972.329, 99
Trd, 2591972.513, 102
Trd, 2591972.763, 103
Trd, 2591973.579, 102
Trd, 2591974.296, 103
Trd, 2591974.329, 97
Trd, 2591974.413, 106
Trd, 2591975.229, 96
Trd, 2591976.029, 108
Trd, 2591976.246, 114
Trd, 2591976.579, 94
Trd, 2591977.913, 100
Trd, 2591978.563, 112
Trd, 2591980.863, 98
Trd, 2591981.413, 98
Trd, 2591981.646, 99
Trd, 2591982.096, 97
Trd, 2591982.163, 99
Trd, 2591982.563, 95
Trd, 2591982.879, 100
Trd, 2591983.379, 98
Trd, 2591984.063, 104
Trd, 2591984.963, 95
Trd, 2591984.996, 94
Trd, 2591985.079, 91
Trd, 2591985.429, 104
Trd, 2591985.563, 88
Trd, 2591988.829, 99
Trd, 2591988.913, 99
Trd, 2591991.146, 105
Trd, 2591991.513, 107
Trd, 2591991.679, 107
Trd, 2591992.679, 107
Trd, 2591993.346, 107
Trd, 2591993.746, 108
Trd, 2591993.963, 107
Trd, 2591994.363, 105
Trd, 2591995.613, 108
Trd, 2591996.396, 112
Trd, 2591996.463, 112
Trd, 2591996.596, 100
Trd, 2591996.929, 98
Trd, 2591998.663, 97
Trd, 2591998.913, 96
Trd, 2591999.296, 97
