Trd, 2590662.396, 111
Trd, 2590662.813, 112
Trd, 2590663.796, 86
Trd, 2590665.129, 103
Trd, 2590665.929, 97
Trd, 2590666.263, 97
Trd, 2590666.763, 96
Trd, 2590667.013, 97
Trd, 2590668.413, 103
Trd, 2590669.029, 102
Trd, 2590669.146, 104
Trd, 2590669.613, 101
Trd, 2590670.063, 98
Trd, 2590671.263, 104
Trd, 2590672.029, 105
Trd, 2590672.479, 86
Trd, 2590672.813, 87
Trd, 2590673.663, 108
Trd, 2590673.813, 103
Trd, 2590674.113, 112
Trd, 2590675.113, 106
Trd, 2590675.296, 117
Trd, 2590675.313, 112
Trd, 2590677.279, 108
Trd, 2590677.563, 109
Trd, 2590677.846, 110
Trd, 2590679.996, 109
Trd, 2590680.513, 100
Trd, 2590680.546, 105
Trd, 2590681.913, 106
Trd, 2590682.396, 87
Trd, 2590683.763, 104
Trd, 2590683.796, 103
Trd, 2590684.496, 105
Trd, 2590684.913, 103
Trd, 2590685.029, 101
Trd, 2590686.663, 100
Trd, 2590686.846, 91
Trd, 2590688.996, 86
Trd, 2590689.046, 87
Trd, 2590689.063, 91
Trd, 2590689.196, 92
Trd, 2590689.896, 91
Trd, 2590690.229, 97
Trd, 2590690.246, 98
Trd, 2590692.096, 84
Trd, 2590692.546, 86
Trd, 2590692.596, 97
Trd, 2590692.746, 85
Trd, 2590692.796, 108
Trd, 2590692.829, 112
Trd, 2590693.579, 86
Trd, 2590694.879, 111
Trd, 2590695.846, 110
Trd, 2590696.396, 109
Trd, 2590696.896, 111
Trd, 2590697.613, 101
Trd, 2590698.896, 103
Trd, 2590700.463, 105
Trd, 2590700.613, 105
Trd, 2590701.163, 101
Trd, 2590701.779, 94
Trd, 2590703.279, 103
Trd, 2590703.696, 105
Trd, 2590704.079, 106
Trd, 2590704.263, 108
Trd, 2590704.646, 103
Trd, 2590704.713, 100
Trd, 2590705.213, 111
Trd, 2590705.479, 91
Trd, 2590706.629, 89
Trd, 2590708.213, 88
Trd, 2590710.329, 89
Trd, 2590710.379, 90
Trd, 2590710.646, 88
Trd, 2590710.996, 95
Trd, 2590712.779, 93
Trd, 2590713.329, 90
Trd, 2590715.679, 91
Trd, 2590715.846, 94
Trd, 2590716.046, 105
Trd, 2590716.263, 99
Trd, 2590716.746, 87
Trd, 2590717.263, 87
Trd, 2590717.963, 87
Trd, 2590718.413, 108
Trd, 2590719.629, 88
Trd, 2590720.696, 89
Trd, 2590720.896, 106
Trd, 2590721.213, 108
Trd, 2590721.479, 100
Trd, 2590721.779, 107
Trd, 2590723.113, 106
Trd, 2590723.629, 102
Trd, 2590724.646, 101
Trd, 2590725.246, 101
Trd, 2590725.696, 91
Trd, 2590726.146, 105
Trd, 2590726.596, 87
Trd, 2590726.729, 86
Trd, 2590726.896, 84
Trd, 2590726.996, 108
Trd, 2590730.913, 94
Trd, 2590731.279, 95
Trd, 2590731.346, 94
Trd, 2590731.429, 98
Trd, 2590732.896, 98
Trd, 2590734.296, 112
Trd, 2590734.979, 112
Trd, 2590735.363, 103
Trd, 2590736.746, 109
Trd, 2590736.763, 110
Trd, 2590737.513, 110
Trd, 2590738.279, 109
Trd, 2590738.513, 108
Trd, 2590738.579, 109
Trd, 2590738.863, 101
Trd, 2590739.663, 91
Trd, 2590742.179, 102
Trd, 2590742.329, 102
Trd, 2590742.979, 101
Trd, 2590743.463, 87
Trd, 2590743.646, 98
Trd, 2590743.746, 84
Trd, 2590746.896, 88
Trd, 2590747.263, 88
Trd, 2590747.446, 89
Trd, 2590747.779, 91
Trd, 2590748.029, 94
Trd, 2590748.646, 89
Trd, 2590748.696, 86
Trd, 2590749.229, 104
Trd, 2590749.929, 105
Trd, 2590750.046, 108
Trd, 2590750.196, 113
Trd, 2590752.263, 118
Trd, 2590752.646, 94
Trd, 2590755.529, 113
Trd, 2590755.729, 114
Trd, 2590755.979, 115
Trd, 2590756.529, 113
Trd, 2590756.913, 112
Trd, 2590757.596, 97
Trd, 2590757.746, 111
Trd, 2590758.363, 100
Trd, 2590758.663, 95
Trd, 2590758.929, 108
Trd, 2590760.563, 91
Trd, 2590761.146, 95
Trd, 2590761.596, 87
Trd, 2590761.963, 84
Trd, 2590763.446, 84
Trd, 2590764.179, 84
Trd, 2590764.429, 81
Trd, 2590764.646, 87
Trd, 2590766.329, 89
Trd, 2590766.763, 91
Trd, 2590768.229, 100
Trd, 2590769.329, 105
Trd, 2590769.429, 108
Trd, 2590771.413, 115
Trd, 2590771.746, 109
Trd, 2590772.396, 111
Trd, 2590772.713, 112
Trd, 2590773.813, 114
Trd, 2590774.163, 112
Trd, 2590774.796, 111
Trd, 2590775.029, 108
Trd, 2590775.079, 93
Trd, 2590775.863, 91
Trd, 2590776.796, 101
Trd, 2590777.263, 105
Trd, 2590777.546, 104
Trd, 2590777.879, 104
Trd, 2590779.096, 101
Trd, 2590780.446, 92
Trd, 2590781.096, 93
Trd, 2590781.946, 97
Trd, 2590782.379, 98
Trd, 2590782.946, 107
Trd, 2590784.829, 108
Trd, 2590785.046, 98
Trd, 2590785.913, 101
Trd, 2590785.963, 112
Trd, 2590786.963, 99
Trd, 2590788.146, 97
Trd, 2590788.213, 116
Trd, 2590788.413, 92
Trd, 2590789.296, 113
Trd, 2590789.446, 112
Trd, 2590790.029, 111
Trd, 2590792.846, 103
Trd, 2590792.946, 103
Trd, 2590793.046, 106
Trd, 2590793.829, 101
Trd, 2590793.929, 91
Trd, 2590794.429, 101
Trd, 2590795.579, 104
Trd, 2590797.879, 103
Trd, 2590798.163, 103
Trd, 2590798.513, 99
Trd, 2590800.463, 103
Trd, 2590800.729, 94
Trd, 2590801.013, 93
Trd, 2590801.529, 93
Trd, 2590802.129, 92
Trd, 2590803.479, 93
Trd, 2590803.663, 91
Trd, 2590803.929, 105
Trd, 2590803.996, 84
Trd, 2590804.446, 107
Trd, 2590804.946, 88
Trd, 2590806.613, 108
Trd, 2590807.579, 98
Trd, 2590808.879, 98
Trd, 2590809.396, 99
Trd, 2590809.863, 100
Trd, 2590810.613, 97
Trd, 2590811.079, 114
Trd, 2590812.463, 92
Trd, 2590812.729, 93
Trd, 2590814.129, 92
Trd, 2590814.179, 99
Trd, 2590815.696, 95
Trd, 2590815.979, 96
Trd, 2590816.646, 97
Trd, 2590816.713, 98
Trd, 2590817.013, 91
Trd, 2590817.229, 98
Trd, 2590817.929, 114
Trd, 2590818.363, 112
Trd, 2590818.646, 110
Trd, 2590818.896, 91
Trd, 2590821.179, 87
Trd, 2590823.363, 94
Trd, 2590824.263, 91
Trd, 2590824.879, 86
Trd, 2590825.963, 94
Trd, 2590826.513, 94
Trd, 2590826.696, 88
Trd, 2590826.813, 95
Trd, 2590827.013, 99
Trd, 2590827.113, 104
Trd, 2590828.229, 103
Trd, 2590828.796, 105
Trd, 2590830.129, 108
Trd, 2590830.246, 99
Trd, 2590830.779, 112
Trd, 2590831.329, 117
Trd, 2590831.813, 101
Trd, 2590833.963, 121
Trd, 2590834.779, 117
Trd, 2590834.846, 104
Trd, 2590835.846, 106
Trd, 2590836.263, 101
Trd, 2590836.413, 101
Trd, 2590836.929, 111
Trd, 2590837.029, 92
Trd, 2590839.779, 104
Trd, 2590840.463, 97
Trd, 2590841.913, 95
Trd, 2590842.313, 96
Trd, 2590842.879, 98
Trd, 2590842.896, 92
Trd, 2590843.229, 97
Trd, 2590843.479, 92
Trd, 2590843.763, 98
Trd, 2590843.913, 91
Trd, 2590844.196, 105
Trd, 2590845.079, 87
Trd, 2590846.979, 101
Trd, 2590849.129, 102
Trd, 2590849.813, 103
Trd, 2590849.846, 100
Trd, 2590851.629, 101
Trd, 2590851.729, 101
Trd, 2590852.946, 91
Trd, 2590855.046, 97
Trd, 2590855.063, 99
Trd, 2590857.263, 96
Trd, 2590857.413, 88
Trd, 2590857.429, 98
Trd, 2590857.796, 88
Trd, 2590859.013, 104
Trd, 2590859.129, 105
Trd, 2590860.046, 101
Trd, 2590860.096, 100
Trd, 2590860.846, 106
Trd, 2590861.379, 108
Trd, 2590861.446, 101
Trd, 2590862.929, 101
Trd, 2590863.079, 86
Trd, 2590865.763, 102
Trd, 2590865.846, 104
Trd, 2590866.129, 108
Trd, 2590866.296, 107
Trd, 2590866.679, 115
Trd, 2590867.463, 110
Trd, 2590867.696, 110
Trd, 2590868.229, 109
Trd, 2590869.329, 103
Trd, 2590869.446, 101
Trd, 2590870.296, 98
Trd, 2590871.896, 96
Trd, 2590871.913, 98
Trd, 2590872.063, 118
Trd, 2590873.479, 108
Trd, 2590873.929, 115
Trd, 2590876.129, 113
Trd, 2590876.179, 112
Trd, 2590877.546, 109
Trd, 2590877.646, 110
Trd, 2590877.713, 113
Trd, 2590878.446, 108
Trd, 2590878.729, 101
Trd, 2590878.796, 114
Trd, 2590878.963, 91
Trd, 2590879.996, 111
Trd, 2590881.513, 91
Trd, 2590881.613, 108
Trd, 2590882.263, 105
Trd, 2590883.663, 92
Trd, 2590884.163, 90
Trd, 2590884.763, 101
Trd, 2590885.213, 115
Trd, 2590885.563, 87
Trd, 2590887.446, 101
Trd, 2590887.746, 99
Trd, 2590888.446, 111
Trd, 2590888.879, 109
Trd, 2590889.796, 97
Trd, 2590890.113, 96
Trd, 2590890.263, 95
Trd, 2590891.029, 96
Trd, 2590891.296, 97
Trd, 2590891.513, 98
Trd, 2590891.813, 97
Trd, 2590891.896, 107
Trd, 2590892.246, 113
Trd, 2590892.363, 91
Trd, 2590894.829, 91
Trd, 2590895.363, 103
Trd, 2590895.679, 102
Trd, 2590896.363, 100
Trd, 2590897.079, 88
Trd, 2590897.663, 87
Trd, 2590898.446, 98
Trd, 2590898.829, 108
Trd, 2590901.279, 104
Trd, 2590901.663, 101
Trd, 2590901.863, 103
Trd, 2590901.913, 101
Trd, 2590902.313, 101
Trd, 2590902.646, 100
Trd, 2590905.379, 99
Trd, 2590906.096, 97
Trd, 2590906.863, 97
Trd, 2590907.096, 99
Trd, 2590908.529, 101
Trd, 2590909.379, 103
Trd, 2590909.463, 113
Trd, 2590911.096, 108
Trd, 2590912.113, 108
Trd, 2590912.513, 109
Trd, 2590913.446, 107
Trd, 2590913.463, 105
Trd, 2590914.929, 106
Trd, 2590915.563, 104
Trd, 2590915.863, 101
Trd, 2590916.579, 106
Trd, 2590917.396, 105
Trd, 2590918.213, 100
Trd, 2590918.296, 99
Trd, 2590918.313, 91
Trd, 2590919.479, 103
Trd, 2590919.796, 87
Trd, 2590920.396, 104
Trd, 2590920.413, 108
Trd, 2590921.196, 94
Trd, 2590921.346, 84
Trd, 2590922.029, 82
Trd, 2590923.129, 93
Trd, 2590923.229, 105
Trd, 2590925.063, 87
Trd, 2590925.146, 100
Trd, 2590926.246, 101
Trd, 2590926.529, 110
Trd, 2590926.863, 115
Trd, 2590927.413, 88
Trd, 2590929.396, 98
Trd, 2590929.613, 97
Trd, 2590930.313, 96
Trd, 2590930.813, 106
Trd, 2590930.996, 106
Trd, 2590931.913, 105
Trd, 2590932.329, 108
Trd, 2590932.613, 114
Trd, 2590935.996, 104
Trd, 2590936.129, 105
Trd, 2590936.479, 103
Trd, 2590937.613, 99
Trd, 2590938.513, 96
Trd, 2590938.779, 96
Trd, 2590939.646, 97
Trd, 2590939.913, 96
Trd, 2590940.213, 96
Trd, 2590940.413, 96
Trd, 2590940.429, 91
Trd, 2590942.613, 87
Trd, 2590942.779, 84
Trd, 2590942.979, 90
Trd, 2590943.429, 90
Trd, 2590944.463, 84
Trd, 2590944.879, 84
Trd, 2590945.413, 84
Trd, 2590945.996, 101
Trd, 2590947.613, 100
Trd, 2590948.413, 101
Trd, 2590949.629, 93
Trd, 2590949.913, 96
Trd, 2590950.113, 92
Trd, 2590950.729, 95
Trd, 2590951.679, 88
Trd, 2590952.329, 91
Trd, 2590953.513, 92
Trd, 2590953.613, 94
Trd, 2590954.763, 91
Trd, 2590955.496, 95
Trd, 2590955.946, 99
Trd, 2590956.346, 100
Trd, 2590956.929, 104
Trd, 2590957.113, 105
Trd, 2590958.079, 107
Trd, 2590958.163, 97
Trd, 2590959.796, 97
Trd, 2590960.113, 105
Trd, 2590961.479, 93
Trd, 2590961.629, 87
Trd, 2590962.496, 90
Trd, 2590962.679, 89
Trd, 2590962.796, 98
Trd, 2590963.163, 98
Trd, 2590964.246, 100
Trd, 2590964.579, 89
Trd, 2590964.713, 101
Trd, 2590965.479, 108
Trd, 2590966.196, 116
Trd, 2590967.813, 110
Trd, 2590968.646, 118
Trd, 2590969.363, 111
Trd, 2590969.379, 108
Trd, 2590969.913, 113
Trd, 2590971.829, 107
Trd, 2590972.163, 104
Trd, 2590973.629, 106
Trd, 2590974.696, 104
Trd, 2590975.279, 104
Trd, 2590976.313, 111
Trd, 2590976.813, 111
Trd, 2590977.263, 100
Trd, 2590978.079, 105
Trd, 2590978.529, 106
Trd, 2590979.246, 101
Trd, 2590979.963, 103
Trd, 2590980.279, 91
Trd, 2590982.346, 93
Trd, 2590982.479, 93
Trd, 2590982.729, 91
Trd, 2590983.413, 94
Trd, 2590983.579, 87
Trd, 2590984.313, 94
Trd, 2590984.363, 99
Trd, 2590984.879, 91
Trd, 2590985.579, 107
Trd, 2590985.896, 87
Trd, 2590986.729, 108
Trd, 2590986.846, 84
Trd, 2590987.196, 111
Trd, 2590987.696, 113
Trd, 2590989.096, 86
Trd, 2590989.146, 82
Trd, 2590990.179, 110
Trd, 2590990.463, 115
Trd, 2590992.113, 96
Trd, 2590992.546, 93
Trd, 2590992.746, 94
Trd, 2590992.929, 98
Trd, 2590994.213, 93
Trd, 2590994.513, 91
Trd, 2590997.663, 93
Trd, 2590997.863, 95
Trd, 2590997.896, 97
Trd, 2590997.979, 104
Trd, 2590998.129, 93
Trd, 2590998.613, 91
Trd, 2590999.563, 102
Trd, 2591000.546, 105
Trd, 2591001.296, 107
Trd, 2591001.563, 108
Trd, 2591003.429, 111
Trd, 2591004.546, 93
Trd, 2591006.179, 107
Trd, 2591006.946, 105
Trd, 2591007.396, 108
Trd, 2591007.846, 115
Trd, 2591007.913, 109
Trd, 2591008.746, 114
Trd, 2591009.013, 113
Trd, 2591009.513, 113
Trd, 2591010.113, 116
Trd, 2591010.629, 111
Trd, 2591011.296, 101
Trd, 2591011.996, 101
Trd, 2591013.196, 99
Trd, 2591013.896, 89
Trd, 2591014.579, 98
Trd, 2591014.829, 87
Trd, 2591014.963, 99
Trd, 2591015.396, 85
Trd, 2591015.913, 100
Trd, 2591016.746, 105
Trd, 2591018.046, 89
Trd, 2591019.229, 105
Trd, 2591019.663, 91
Trd, 2591020.379, 93
Trd, 2591021.313, 101
Trd, 2591022.446, 92
Trd, 2591022.913, 93
Trd, 2591022.996, 94
Trd, 2591024.096, 95
Trd, 2591024.679, 93
Trd, 2591024.863, 105
Trd, 2591025.863, 93
Trd, 2591027.529, 108
Trd, 2591028.713, 110
Trd, 2591028.929, 97
Trd, 2591029.296, 102
Trd, 2591030.413, 99
Trd, 2591030.679, 99
Trd, 2591031.046, 98
Trd, 2591031.363, 99
Trd, 2591032.263, 109
Trd, 2591033.396, 94
Trd, 2591035.196, 102
Trd, 2591035.496, 102
Trd, 2591036.113, 99
Trd, 2591036.596, 100
Trd, 2591036.646, 101
Trd, 2591037.646, 87
Trd, 2591038.446, 102
Trd, 2591039.329, 98
Trd, 2591039.429, 89
Trd, 2591039.779, 90
Trd, 2591041.129, 105
Trd, 2591042.446, 100
Trd, 2591042.829, 100
Trd, 2591042.896, 100
Trd, 2591044.829, 94
Trd, 2591045.063, 87
Trd, 2591045.179, 94
Trd, 2591045.196, 96
Trd, 2591045.746, 97
Trd, 2591045.879, 85
Trd, 2591046.696, 89
Trd, 2591047.146, 87
Trd, 2591047.479, 86
Trd, 2591048.213, 93
Trd, 2591049.196, 95
Trd, 2591050.729, 99
Trd, 2591050.779, 84
Trd, 2591052.463, 105
Trd, 2591053.529, 106
Trd, 2591054.129, 108
Trd, 2591054.279, 115
Trd, 2591054.329, 106
Trd, 2591054.579, 101
Trd, 2591055.413, 111
Trd, 2591056.713, 104
Trd, 2591057.963, 114
Trd, 2591058.379, 108
Trd, 2591058.696, 111
Trd, 2591058.763, 106
Trd, 2591058.813, 105
Trd, 2591060.663, 104
Trd, 2591060.846, 105
Trd, 2591062.446, 97
Trd, 2591063.596, 94
Trd, 2591064.129, 94
Trd, 2591064.163, 105
Trd, 2591065.279, 91
Trd, 2591065.329, 87
Trd, 2591066.063, 102
Trd, 2591066.596, 84
Trd, 2591067.696, 97
Trd, 2591068.496, 87
Trd, 2591068.713, 99
Trd, 2591069.596, 90
Trd, 2591069.646, 89
Trd, 2591069.729, 103
Trd, 2591070.146, 105
Trd, 2591070.696, 108
Trd, 2591072.313, 92
Trd, 2591073.463, 112
Trd, 2591074.013, 99
Trd, 2591074.263, 113
Trd, 2591075.329, 99
Trd, 2591076.629, 100
Trd, 2591077.546, 98
Trd, 2591078.229, 105
Trd, 2591080.279, 98
Trd, 2591080.379, 95
Trd, 2591080.529, 99
Trd, 2591081.429, 98
Trd, 2591081.646, 99
Trd, 2591081.813, 91
Trd, 2591081.846, 85
Trd, 2591081.946, 105
Trd, 2591083.229, 101
Trd, 2591084.479, 86
Trd, 2591084.679, 104
Trd, 2591085.379, 98
Trd, 2591086.229, 101
Trd, 2591086.629, 105
Trd, 2591086.896, 105
Trd, 2591088.113, 91
Trd, 2591090.663, 100
Trd, 2591090.746, 98
Trd, 2591091.146, 100
Trd, 2591091.163, 97
Trd, 2591091.429, 114
Trd, 2591091.613, 94
Trd, 2591091.679, 88
Trd, 2591091.713, 115
Trd, 2591092.429, 115
Trd, 2591093.746, 114
Trd, 2591093.913, 91
Trd, 2591094.529, 92
Trd, 2591094.913, 111
Trd, 2591096.396, 111
Trd, 2591098.229, 112
Trd, 2591099.063, 109
Trd, 2591099.379, 108
Trd, 2591099.863, 107
Trd, 2591100.296, 101
Trd, 2591100.946, 108
Trd, 2591102.213, 98
Trd, 2591103.263, 105
Trd, 2591104.463, 99
Trd, 2591105.196, 94
Trd, 2591105.413, 108
Trd, 2591105.646, 93
Trd, 2591105.829, 117
Trd, 2591105.963, 122
Trd, 2591106.596, 93
Trd, 2591106.979, 99
Trd, 2591108.196, 87
Trd, 2591108.329, 84
Trd, 2591109.763, 93
Trd, 2591109.863, 85
Trd, 2591110.379, 94
Trd, 2591110.579, 95
Trd, 2591111.096, 90
Trd, 2591111.313, 89
Trd, 2591112.013, 98
Trd, 2591112.246, 90
Trd, 2591112.396, 88
Trd, 2591112.446, 98
Trd, 2591114.046, 104
Trd, 2591114.279, 105
Trd, 2591115.196, 107
Trd, 2591115.896, 108
Trd, 2591116.513, 89
Trd, 2591117.213, 114
Trd, 2591118.079, 112
Trd, 2591118.879, 114
Trd, 2591118.963, 108
Trd, 2591119.263, 89
Trd, 2591119.563, 79
Trd, 2591121.746, 93
Trd, 2591122.046, 103
Trd, 2591122.079, 93
Trd, 2591122.929, 93
Trd, 2591123.413, 95
Trd, 2591123.729, 96
Trd, 2591124.546, 96
Trd, 2591125.196, 111
Trd, 2591125.529, 89
Trd, 2591125.796, 98
Trd, 2591127.313, 114
Trd, 2591127.846, 88
Trd, 2591129.129, 115
Trd, 2591129.346, 90
Trd, 2591130.246, 113
Trd, 2591130.613, 98
Trd, 2591131.946, 92
Trd, 2591134.313, 93
Trd, 2591134.446, 111
Trd, 2591135.946, 118
Trd, 2591136.029, 109
Trd, 2591136.179, 110
Trd, 2591136.463, 95
Trd, 2591136.696, 94
Trd, 2591138.613, 91
Trd, 2591139.146, 106
Trd, 2591140.196, 101
Trd, 2591140.229, 102
Trd, 2591140.663, 100
Trd, 2591140.846, 102
Trd, 2591141.746, 102
Trd, 2591141.829, 87
Trd, 2591141.963, 84
Trd, 2591142.179, 82
Trd, 2591142.579, 82
Trd, 2591144.746, 104
Trd, 2591145.079, 105
Trd, 2591146.379, 111
Trd, 2591147.046, 112
Trd, 2591147.379, 101
Trd, 2591147.729, 117
Trd, 2591148.379, 98
Trd, 2591149.846, 102
Trd, 2591150.129, 102
Trd, 2591150.329, 101
Trd, 2591151.096, 99
Trd, 2591151.379, 98
Trd, 2591151.613, 99
Trd, 2591152.879, 92
Trd, 2591153.263, 91
Trd, 2591153.546, 93
Trd, 2591153.779, 91
Trd, 2591154.796, 98
Trd, 2591155.013, 91
Trd, 2591155.663, 105
Trd, 2591157.063, 108
Trd, 2591157.946, 92
Trd, 2591158.913, 117
Trd, 2591160.579, 91
Trd, 2591160.763, 102
Trd, 2591161.046, 88
Trd, 2591161.563, 101
Trd, 2591161.713, 102
Trd, 2591162.346, 101
Trd, 2591164.046, 97
Trd, 2591164.846, 91
Trd, 2591165.096, 91
Trd, 2591165.163, 94
Trd, 2591166.579, 85
Trd, 2591166.679, 85
Trd, 2591166.996, 91
Trd, 2591167.379, 96
Trd, 2591167.613, 96
Trd, 2591169.346, 88
Trd, 2591169.963, 93
Trd, 2591170.213, 94
Trd, 2591171.796, 92
Trd, 2591172.413, 92
Trd, 2591172.529, 92
Trd, 2591172.729, 97
Trd, 2591172.896, 98
Trd, 2591174.446, 90
Trd, 2591174.929, 90
Trd, 2591175.929, 86
Trd, 2591176.063, 98
Trd, 2591176.713, 98
Trd, 2591177.146, 99
Trd, 2591177.229, 105
Trd, 2591178.529, 104
Trd, 2591179.396, 103
Trd, 2591179.996, 103
Trd, 2591181.729, 101
Trd, 2591181.829, 96
Trd, 2591182.529, 103
Trd, 2591185.963, 105
Trd, 2591186.113, 104
Trd, 2591186.429, 104
Trd, 2591186.479, 103
Trd, 2591186.513, 91
Trd, 2591186.613, 90
Trd, 2591186.879, 105
Trd, 2591187.163, 115
Trd, 2591187.279, 119
Trd, 2591190.363, 108
Trd, 2591191.513, 104
Trd, 2591191.729, 101
Trd, 2591191.929, 107
Trd, 2591191.979, 87
Trd, 2591192.046, 86
Trd, 2591192.146, 108
Trd, 2591193.313, 87
Trd, 2591193.546, 84
Trd, 2591196.929, 100
Trd, 2591197.546, 100
Trd, 2591197.763, 102
Trd, 2591198.213, 101
Trd, 2591198.346, 102
Trd, 2591198.863, 87
Trd, 2591200.296, 85
Trd, 2591200.596, 82
Trd, 2591200.796, 98
Trd, 2591200.879, 99
Trd, 2591201.346, 106
Trd, 2591203.113, 108
Trd, 2591205.329, 111
Trd, 2591206.029, 115
Trd, 2591206.063, 114
Trd, 2591206.079, 118
Trd, 2591206.229, 111
Trd, 2591207.646, 121
Trd, 2591207.729, 132
Trd, 2591207.963, 132
Trd, 2591208.279, 114
Trd, 2591208.813, 112
Trd, 2591209.363, 105
Trd, 2591209.796, 102
Trd, 2591210.213, 101
Trd, 2591211.646, 108
Trd, 2591212.679, 100
Trd, 2591213.813, 102
Trd, 2591214.679, 96
Trd, 2591214.779, 97
Trd, 2591215.129, 96
Trd, 2591215.496, 91
Trd, 2591216.529, 87
Trd, 2591217.579, 92
Trd, 2591218.113, 84
Trd, 2591218.679, 83
Trd, 2591218.879, 81
Trd, 2591219.179, 95
Trd, 2591219.829, 85
Trd, 2591219.879, 105
Trd, 2591222.179, 91
Trd, 2591222.863, 101
Trd, 2591223.479, 94
Trd, 2591225.029, 108
Trd, 2591225.279, 98
Trd, 2591225.413, 97
Trd, 2591225.829, 110
Trd, 2591226.063, 113
Trd, 2591226.929, 115
Trd, 2591227.829, 110
Trd, 2591228.463, 111
Trd, 2591228.563, 91
Trd, 2591229.679, 107
Trd, 2591231.063, 105
Trd, 2591231.213, 104
Trd, 2591232.813, 102
Trd, 2591232.829, 101
Trd, 2591233.296, 91
Trd, 2591235.713, 93
Trd, 2591235.796, 93
Trd, 2591236.879, 89
Trd, 2591237.213, 92
Trd, 2591237.229, 89
Trd, 2591237.829, 86
Trd, 2591237.863, 108
Trd, 2591239.663, 98
Trd, 2591240.413, 107
Trd, 2591241.746, 98
Trd, 2591242.213, 106
Trd, 2591242.813, 95
Trd, 2591243.046, 91
Trd, 2591244.863, 93
Trd, 2591245.429, 94
Trd, 2591245.529, 93
Trd, 2591245.696, 93
Trd, 2591245.996, 94
Trd, 2591246.113, 108
Trd, 2591248.363, 91
Trd, 2591248.613, 102
Trd, 2591248.796, 115
Trd, 2591248.879, 121
Trd, 2591248.913, 122
Trd, 2591249.213, 100
Trd, 2591250.013, 87
Trd, 2591250.113, 84
Trd, 2591250.363, 81
Trd, 2591251.846, 102
Trd, 2591253.096, 100
Trd, 2591253.446, 101
Trd, 2591253.646, 104
Trd, 2591253.763, 100
Trd, 2591255.663, 103
Trd, 2591255.946, 101
Trd, 2591256.429, 102
Trd, 2591256.713, 104
Trd, 2591257.913, 104
Trd, 2591258.529, 104
Trd, 2591258.779, 108
Trd, 2591259.479, 98
Trd, 2591260.546, 95
Trd, 2591260.663, 91
Trd, 2591261.496, 85
Trd, 2591261.646, 108
Trd, 2591262.029, 108
Trd, 2591262.229, 84
Trd, 2591263.129, 109
Trd, 2591264.613, 87
Trd, 2591266.563, 81
Trd, 2591267.979, 98
Trd, 2591268.229, 88
Trd, 2591269.629, 87
Trd, 2591270.013, 88
Trd, 2591270.446, 89
Trd, 2591270.496, 91
Trd, 2591271.163, 94
Trd, 2591271.413, 92
Trd, 2591271.713, 91
Trd, 2591272.013, 98
Trd, 2591273.363, 102
Trd, 2591274.513, 100
Trd, 2591275.179, 98
Trd, 2591275.279, 100
Trd, 2591277.079, 103
Trd, 2591277.279, 102
Trd, 2591277.663, 92
Trd, 2591277.863, 92
Trd, 2591278.163, 91
Trd, 2591278.579, 86
Trd, 2591279.129, 103
Trd, 2591279.346, 108
Trd, 2591280.546, 87
Trd, 2591280.896, 87
Trd, 2591281.046, 98
Trd, 2591281.863, 84
Trd, 2591282.029, 84
Trd, 2591282.729, 105
Trd, 2591284.029, 112
Trd, 2591285.679, 107
Trd, 2591286.279, 107
Trd, 2591286.696, 105
Trd, 2591286.746, 107
Trd, 2591287.796, 108
Trd, 2591288.063, 109
Trd, 2591288.963, 112
Trd, 2591289.246, 111
Trd, 2591290.729, 111
Trd, 2591291.979, 110
Trd, 2591292.279, 110
Trd, 2591292.313, 113
Trd, 2591292.863, 119
Trd, 2591293.113, 119
Trd, 2591293.796, 108
Trd, 2591295.229, 110
Trd, 2591296.579, 109
Trd, 2591296.946, 108
Trd, 2591297.213, 105
Trd, 2591297.863, 106
Trd, 2591297.913, 105
Trd, 2591299.046, 101
Trd, 2591300.563, 91
Trd, 2591300.763, 100
Trd, 2591301.213, 95
Trd, 2591304.013, 85
Trd, 2591304.696, 87
Trd, 2591305.113, 86
Trd, 2591305.413, 87
Trd, 2591305.979, 88
Trd, 2591306.196, 84
Trd, 2591306.946, 83
Trd, 2591308.529, 81
Trd, 2591309.079, 91
Trd, 2591309.863, 94
Trd, 2591311.529, 99
Trd, 2591312.363, 99
Trd, 2591313.179, 105
Trd, 2591314.463, 107
Trd, 2591314.546, 105
Trd, 2591314.863, 102
Trd, 2591315.029, 101
Trd, 2591315.713, 91
Trd, 2591317.713, 101
Trd, 2591317.813, 91
Trd, 2591320.213, 97
Trd, 2591320.713, 98
Trd, 2591320.863, 91
Trd, 2591321.813, 98
Trd, 2591321.929, 99
Trd, 2591322.029, 105
Trd, 2591322.079, 108
Trd, 2591324.446, 114
Trd, 2591325.229, 118
Trd, 2591325.813, 99
Trd, 2591325.946, 98
Trd, 2591327.113, 94
Trd, 2591327.163, 92
Trd, 2591327.546, 96
Trd, 2591328.079, 95
Trd, 2591328.513, 94
Trd, 2591328.846, 91
Trd, 2591329.746, 93
Trd, 2591331.179, 94
Trd, 2591331.229, 94
Trd, 2591332.113, 91
Trd, 2591332.529, 100
Trd, 2591332.746, 88
Trd, 2591336.179, 91
Trd, 2591337.279, 89
Trd, 2591337.463, 96
Trd, 2591338.763, 86
Trd, 2591339.346, 92
Trd, 2591339.446, 86
Trd, 2591339.713, 94
Trd, 2591340.296, 93
Trd, 2591341.179, 95
Trd, 2591341.663, 94
Trd, 2591341.746, 87
Trd, 2591341.929, 96
Trd, 2591343.079, 88
Trd, 2591344.513, 93
Trd, 2591347.229, 91
Trd, 2591347.563, 90
Trd, 2591347.646, 91
Trd, 2591347.679, 89
Trd, 2591348.113, 91
Trd, 2591348.246, 87
Trd, 2591348.296, 94
Trd, 2591348.546, 104
Trd, 2591351.146, 92
Trd, 2591351.179, 94
Trd, 2591352.613, 91
Trd, 2591352.746, 99
Trd, 2591355.146, 95
Trd, 2591355.496, 94
Trd, 2591356.096, 96
Trd, 2591356.263, 92
Trd, 2591356.629, 91
Trd, 2591356.646, 98
Trd, 2591357.346, 104
Trd, 2591358.396, 105
Trd, 2591358.496, 93
Trd, 2591358.863, 107
Trd, 2591359.563, 102
Trd, 2591359.946, 87
Trd, 2591360.129, 91
Trd, 2591361.429, 105
Trd, 2591362.646, 106
Trd, 2591362.896, 105
Trd, 2591363.313, 100
Trd, 2591363.846, 106
Trd, 2591365.163, 88
Trd, 2591365.213, 87
Trd, 2591366.146, 96
Trd, 2591366.296, 97
Trd, 2591366.329, 94
Trd, 2591366.679, 85
Trd, 2591366.996, 99
Trd, 2591367.063, 99
Trd, 2591368.113, 104
Trd, 2591368.296, 101
Trd, 2591368.363, 105
Trd, 2591370.146, 87
Trd, 2591371.179, 101
Trd, 2591372.013, 108
Trd, 2591372.046, 112
Trd, 2591374.263, 95
Trd, 2591374.646, 96
Trd, 2591376.429, 102
Trd, 2591377.779, 113
Trd, 2591378.846, 106
Trd, 2591379.663, 108
Trd, 2591380.013, 108
Trd, 2591380.596, 105
Trd, 2591380.829, 109
Trd, 2591380.946, 102
Trd, 2591381.229, 102
Trd, 2591381.579, 104
Trd, 2591382.079, 101
Trd, 2591382.746, 95
Trd, 2591382.813, 91
Trd, 2591383.146, 96
Trd, 2591383.963, 101
Trd, 2591384.213, 86
Trd, 2591384.879, 86
Trd, 2591385.629, 106
Trd, 2591386.196, 107
Trd, 2591388.429, 108
Trd, 2591388.513, 100
Trd, 2591389.546, 98
Trd, 2591389.896, 96
Trd, 2591390.079, 99
Trd, 2591390.813, 94
Trd, 2591390.929, 100
Trd, 2591392.029, 97
Trd, 2591392.679, 96
Trd, 2591392.713, 84
Trd, 2591393.579, 95
Trd, 2591393.779, 86
Trd, 2591395.863, 94
Trd, 2591396.046, 91
Trd, 2591396.379, 96
Trd, 2591396.746, 90
Trd, 2591397.713, 113
Trd, 2591397.896, 82
Trd, 2591398.296, 116
Trd, 2591398.396, 118
Trd, 2591398.796, 100
Trd, 2591400.646, 112
Trd, 2591401.013, 113
Trd, 2591401.613, 84
Trd, 2591401.796, 82
Trd, 2591403.196, 106
Trd, 2591403.446, 108
Trd, 2591404.679, 106
Trd, 2591404.746, 91
Trd, 2591405.546, 93
Trd, 2591405.713, 92
Trd, 2591406.163, 87
Trd, 2591406.879, 89
Trd, 2591407.313, 95
Trd, 2591408.246, 98
Trd, 2591409.913, 93
Trd, 2591410.046, 102
Trd, 2591411.379, 105
Trd, 2591413.079, 101
Trd, 2591413.229, 95
Trd, 2591413.329, 102
Trd, 2591414.529, 96
Trd, 2591414.546, 100
Trd, 2591415.379, 101
Trd, 2591415.463, 107
Trd, 2591418.046, 101
Trd, 2591418.463, 107
Trd, 2591418.546, 93
Trd, 2591420.963, 98
Trd, 2591421.096, 96
Trd, 2591421.346, 100
Trd, 2591421.479, 96
Trd, 2591422.246, 103
Trd, 2591422.646, 105
Trd, 2591423.129, 108
Trd, 2591423.263, 102
Trd, 2591424.713, 107
Trd, 2591425.279, 106
Trd, 2591425.746, 105
Trd, 2591425.896, 106
Trd, 2591426.079, 106
Trd, 2591426.413, 101
Trd, 2591427.313, 91
Trd, 2591428.163, 90
Trd, 2591428.896, 108
Trd, 2591430.079, 87
Trd, 2591431.146, 107
Trd, 2591431.279, 112
Trd, 2591433.479, 92
Trd, 2591433.829, 116
Trd, 2591433.846, 116
Trd, 2591434.279, 116
Trd, 2591435.046, 115
Trd, 2591435.896, 122
Trd, 2591436.846, 130
Trd, 2591437.046, 108
Trd, 2591437.063, 106
Trd, 2591437.763, 101
Trd, 2591439.829, 106
Trd, 2591439.929, 101
Trd, 2591439.946, 91
Trd, 2591440.113, 106
Trd, 2591440.796, 84
Trd, 2591441.329, 87
Trd, 2591442.679, 87
Trd, 2591443.313, 89
Trd, 2591444.563, 91
Trd, 2591445.129, 90
Trd, 2591445.163, 90
Trd, 2591445.963, 90
Trd, 2591446.579, 89
Trd, 2591446.596, 80
Trd, 2591447.196, 94
Trd, 2591447.263, 76
Trd, 2591447.396, 99
Trd, 2591448.346, 96
Trd, 2591449.646, 89
Trd, 2591449.929, 101
Trd, 2591450.413, 89
Trd, 2591451.113, 102
Trd, 2591451.363, 104
Trd, 2591454.563, 94
Trd, 2591455.296, 96
Trd, 2591455.429, 100
Trd, 2591455.463, 101
Trd, 2591457.813, 95
Trd, 2591458.346, 94
Trd, 2591459.196, 95
Trd, 2591459.279, 104
Trd, 2591459.496, 105
Trd, 2591460.563, 108
Trd, 2591460.579, 94
Trd, 2591461.929, 102
Trd, 2591462.629, 103
Trd, 2591462.929, 101
Trd, 2591463.729, 98
Trd, 2591465.013, 91
Trd, 2591465.346, 86
Trd, 2591466.713, 87
Trd, 2591466.729, 98
Trd, 2591466.813, 99
Trd, 2591466.863, 86
Trd, 2591467.229, 105
Trd, 2591468.613, 88
Trd, 2591468.846, 87
Trd, 2591469.263, 104
Trd, 2591469.796, 81
Trd, 2591470.113, 105
Trd, 2591471.463, 104
Trd, 2591472.263, 102
Trd, 2591473.663, 103
Trd, 2591474.063, 101
Trd, 2591474.779, 104
Trd, 2591474.879, 108
Trd, 2591476.413, 107
Trd, 2591477.429, 99
Trd, 2591477.463, 107
Trd, 2591477.529, 98
Trd, 2591477.963, 96
Trd, 2591479.079, 87
Trd, 2591480.346, 107
Trd, 2591481.629, 101
Trd, 2591482.096, 103
Trd, 2591482.163, 104
Trd, 2591482.179, 91
Trd, 2591483.363, 106
Trd, 2591483.446, 91
Trd, 2591484.796, 104
Trd, 2591486.146, 106
Trd, 2591486.996, 105
Trd, 2591487.213, 104
Trd, 2591488.113, 104
Trd, 2591488.613, 104
Trd, 2591489.029, 103
Trd, 2591489.213, 105
Trd, 2591490.396, 107
Trd, 2591490.996, 106
Trd, 2591491.029, 104
Trd, 2591491.179, 101
Trd, 2591491.296, 91
Trd, 2591491.629, 86
Trd, 2591491.779, 108
Trd, 2591494.613, 93
Trd, 2591496.513, 100
Trd, 2591496.913, 98
Trd, 2591497.396, 99
Trd, 2591497.579, 98
Trd, 2591497.629, 100
Trd, 2591497.763, 95
Trd, 2591498.179, 96
Trd, 2591498.579, 91
Trd, 2591498.863, 102
Trd, 2591500.113, 101
Trd, 2591500.129, 103
Trd, 2591500.379, 105
Trd, 2591501.146, 86
Trd, 2591501.296, 84
Trd, 2591502.296, 107
Trd, 2591503.846, 81
Trd, 2591503.929, 107
Trd, 2591504.779, 75
Trd, 2591505.279, 77
Trd, 2591506.863, 84
Trd, 2591506.979, 103
Trd, 2591507.146, 91
Trd, 2591507.796, 102
Trd, 2591508.896, 102
Trd, 2591508.996, 101
Trd, 2591509.213, 95
Trd, 2591509.863, 100
Trd, 2591511.763, 105
Trd, 2591513.263, 96
Trd, 2591513.846, 92
Trd, 2591514.196, 98
Trd, 2591515.846, 100
Trd, 2591516.079, 91
Trd, 2591516.579, 87
Trd, 2591517.363, 105
Trd, 2591517.696, 108
Trd, 2591519.546, 87
Trd, 2591519.596, 84
Trd, 2591521.146, 99
Trd, 2591521.413, 109
Trd, 2591521.913, 107
Trd, 2591522.446, 106
Trd, 2591522.663, 106
Trd, 2591522.929, 103
Trd, 2591523.746, 105
Trd, 2591524.013, 104
Trd, 2591524.929, 107
Trd, 2591525.929, 100
Trd, 2591528.196, 100
Trd, 2591529.446, 97
Trd, 2591529.796, 101
Trd, 2591530.163, 105
Trd, 2591530.496, 103
Trd, 2591530.513, 96
Trd, 2591531.463, 96
Trd, 2591532.129, 102
Trd, 2591532.946, 102
Trd, 2591533.413, 103
Trd, 2591534.046, 91
Trd, 2591534.729, 90
Trd, 2591535.163, 108
Trd, 2591535.579, 89
Trd, 2591536.146, 87
Trd, 2591536.496, 108
Trd, 2591536.713, 109
Trd, 2591537.163, 88
Trd, 2591539.963, 94
Trd, 2591540.313, 94
Trd, 2591540.629, 95
Trd, 2591540.829, 95
Trd, 2591541.463, 95
Trd, 2591542.979, 93
Trd, 2591543.063, 95
Trd, 2591543.313, 96
Trd, 2591543.896, 93
Trd, 2591544.446, 97
Trd, 2591544.713, 99
Trd, 2591545.029, 101
Trd, 2591546.146, 94
Trd, 2591547.063, 102
Trd, 2591547.396, 95
Trd, 2591547.813, 104
Trd, 2591547.863, 94
Trd, 2591548.463, 105
Trd, 2591548.829, 115
Trd, 2591549.096, 86
Trd, 2591553.263, 94
Trd, 2591553.463, 95
Trd, 2591553.796, 97
Trd, 2591555.696, 98
Trd, 2591555.896, 95
Trd, 2591556.179, 92
Trd, 2591556.613, 93
Trd, 2591557.629, 98
Trd, 2591557.963, 99
Trd, 2591558.113, 91
Trd, 2591558.146, 108
Trd, 2591559.279, 91
Trd, 2591559.363, 108
Trd, 2591559.879, 110
Trd, 2591560.096, 114
Trd, 2591560.696, 117
Trd, 2591561.279, 116
Trd, 2591563.996, 90
Trd, 2591564.129, 89
Trd, 2591564.896, 97
Trd, 2591564.929, 98
Trd, 2591567.063, 101
Trd, 2591567.479, 108
Trd, 2591567.546, 87
Trd, 2591567.613, 84
Trd, 2591569.163, 111
Trd, 2591569.429, 100
Trd, 2591571.596, 100
Trd, 2591572.246, 99
Trd, 2591572.413, 98
Trd, 2591573.029, 98
Trd, 2591573.563, 98
Trd, 2591575.113, 105
Trd, 2591575.129, 106
Trd, 2591575.379, 99
Trd, 2591575.979, 108
Trd, 2591576.396, 92
Trd, 2591577.313, 87
Trd, 2591578.363, 110
Trd, 2591579.879, 95
Trd, 2591579.913, 97
Trd, 2591580.329, 92
Trd, 2591580.579, 99
Trd, 2591580.696, 107
Trd, 2591581.896, 91
Trd, 2591582.246, 90
Trd, 2591583.163, 107
Trd, 2591584.096, 104
Trd, 2591584.596, 91
Trd, 2591585.513, 103
Trd, 2591586.163, 98
Trd, 2591586.296, 95
Trd, 2591586.746, 105
Trd, 2591587.046, 86
Trd, 2591587.829, 84
Trd, 2591588.029, 79
Trd, 2591589.496, 75
Trd, 2591589.529, 108
Trd, 2591591.629, 106
Trd, 2591592.346, 105
Trd, 2591592.946, 103
Trd, 2591594.079, 96
Trd, 2591595.096, 102
Trd, 2591596.313, 99
Trd, 2591596.496, 102
Trd, 2591596.546, 101
Trd, 2591597.779, 107
Trd, 2591598.096, 108
Trd, 2591598.113, 106
Trd, 2591598.246, 112
Trd, 2591599.396, 115
Trd, 2591601.046, 109
Trd, 2591601.129, 108
Trd, 2591601.213, 108
Trd, 2591601.496, 101
Trd, 2591601.529, 91
Trd, 2591601.663, 85
Trd, 2591601.896, 108
Trd, 2591602.813, 96
Trd, 2591602.829, 105
Trd, 2591603.029, 91
Trd, 2591604.263, 105
Trd, 2591605.029, 103
Trd, 2591606.529, 95
Trd, 2591606.696, 103
Trd, 2591606.946, 105
Trd, 2591607.013, 101
Trd, 2591607.479, 114
Trd, 2591609.896, 86
Trd, 2591610.713, 86
Trd, 2591611.396, 89
Trd, 2591611.629, 87
Trd, 2591611.863, 93
Trd, 2591612.563, 85
Trd, 2591612.979, 89
Trd, 2591613.996, 93
Trd, 2591615.563, 92
Trd, 2591616.746, 91
Trd, 2591616.796, 94
Trd, 2591617.163, 98
Trd, 2591617.546, 108
Trd, 2591620.379, 93
Trd, 2591620.613, 100
Trd, 2591621.113, 102
Trd, 2591621.346, 102
Trd, 2591621.796, 102
Trd, 2591622.263, 101
Trd, 2591622.996, 109
Trd, 2591623.229, 99
Trd, 2591624.529, 99
Trd, 2591625.296, 91
Trd, 2591625.513, 91
Trd, 2591625.913, 87
Trd, 2591627.879, 89
Trd, 2591628.213, 87
Trd, 2591628.413, 92
Trd, 2591628.713, 94
Trd, 2591630.663, 101
Trd, 2591631.479, 92
Trd, 2591631.496, 104
Trd, 2591631.813, 104
Trd, 2591632.763, 104
Trd, 2591633.446, 104
Trd, 2591633.496, 105
Trd, 2591635.229, 106
Trd, 2591635.246, 103
Trd, 2591635.379, 108
Trd, 2591636.146, 101
Trd, 2591636.379, 112
Trd, 2591636.629, 96
Trd, 2591637.863, 92
Trd, 2591638.079, 113
Trd, 2591638.196, 114
Trd, 2591639.046, 91
Trd, 2591639.996, 87
Trd, 2591640.713, 103
Trd, 2591642.479, 100
Trd, 2591642.513, 101
Trd, 2591643.229, 106
Trd, 2591643.679, 92
Trd, 2591646.063, 98
Trd, 2591646.213, 112
Trd, 2591647.596, 109
Trd, 2591647.663, 94
Trd, 2591649.063, 102
Trd, 2591649.096, 101
Trd, 2591650.079, 101
Trd, 2591650.746, 104
Trd, 2591651.029, 108
Trd, 2591651.196, 100
Trd, 2591651.546, 100
Trd, 2591651.679, 116
Trd, 2591652.213, 91
Trd, 2591653.313, 108
Trd, 2591653.579, 103
Trd, 2591653.629, 102
Trd, 2591654.229, 101
Trd, 2591655.079, 100
Trd, 2591655.246, 87
Trd, 2591655.596, 107
Trd, 2591656.146, 86
Trd, 2591657.746, 84
Trd, 2591657.929, 102
Trd, 2591657.996, 85
Trd, 2591659.346, 101
Trd, 2591659.596, 103
Trd, 2591661.196, 108
Trd, 2591662.679, 100
Trd, 2591663.663, 100
Trd, 2591663.696, 101
Trd, 2591664.129, 100
Trd, 2591664.763, 98
Trd, 2591664.996, 101
Trd, 2591665.196, 99
Trd, 2591666.013, 101
Trd, 2591666.846, 101
Trd, 2591668.179, 96
Trd, 2591668.613, 102
Trd, 2591669.079, 103
Trd, 2591669.396, 103
Trd, 2591669.963, 104
Trd, 2591670.163, 92
Trd, 2591670.696, 91
Trd, 2591671.396, 87
Trd, 2591673.263, 94
Trd, 2591673.996, 101
Trd, 2591674.979, 98
Trd, 2591675.246, 96
Trd, 2591675.563, 81
Trd, 2591675.813, 100
Trd, 2591676.229, 101
Trd, 2591677.163, 105
Trd, 2591677.713, 91
Trd, 2591678.363, 91
Trd, 2591678.646, 107
Trd, 2591679.613, 84
Trd, 2591680.229, 85
Trd, 2591680.979, 86
Trd, 2591682.713, 94
Trd, 2591683.013, 94
Trd, 2591683.313, 94
Trd, 2591683.346, 95
Trd, 2591683.896, 93
Trd, 2591685.729, 97
Trd, 2591685.829, 98
Trd, 2591687.063, 99
Trd, 2591687.463, 100
Trd, 2591688.363, 104
Trd, 2591690.079, 105
Trd, 2591690.113, 108
Trd, 2591690.196, 104
Trd, 2591690.863, 105
Trd, 2591691.646, 105
Trd, 2591691.896, 106
Trd, 2591692.829, 101
Trd, 2591693.479, 91
Trd, 2591693.513, 88
Trd, 2591694.046, 96
Trd, 2591694.163, 97
Trd, 2591694.896, 99
Trd, 2591697.563, 94
Trd, 2591698.329, 110
Trd, 2591698.446, 95
Trd, 2591698.713, 91
Trd, 2591699.479, 105
Trd, 2591699.613, 105
Trd, 2591699.729, 99
Trd, 2591699.929, 106
Trd, 2591700.746, 91
Trd, 2591701.263, 98
Trd, 2591701.513, 89
Trd, 2591702.879, 105
Trd, 2591703.596, 105
Trd, 2591705.879, 104
Trd, 2591705.996, 106
Trd, 2591706.346, 101
Trd, 2591707.579, 106
Trd, 2591707.629, 87
Trd, 2591708.379, 87
Trd, 2591709.546, 85
Trd, 2591709.729, 84
Trd, 2591709.929, 91
Trd, 2591711.513, 96
Trd, 2591711.613, 87
Trd, 2591712.079, 98
Trd, 2591714.446, 97
Trd, 2591715.063, 97
Trd, 2591715.246, 100
Trd, 2591716.946, 102
Trd, 2591717.713, 106
Trd, 2591718.129, 104
Trd, 2591718.246, 108
Trd, 2591719.546, 107
Trd, 2591719.679, 111
Trd, 2591719.729, 107
Trd, 2591720.363, 107
Trd, 2591721.963, 104
Trd, 2591722.196, 109
Trd, 2591723.129, 97
Trd, 2591724.246, 88
Trd, 2591724.579, 103
Trd, 2591725.313, 100
Trd, 2591725.696, 99
Trd, 2591726.313, 100
Trd, 2591726.979, 87
Trd, 2591727.896, 97
Trd, 2591730.163, 91
Trd, 2591730.396, 89
Trd, 2591730.413, 92
Trd, 2591730.713, 95
Trd, 2591730.729, 88
Trd, 2591731.896, 89
Trd, 2591731.946, 94
Trd, 2591732.979, 102
Trd, 2591733.429, 105
Trd, 2591733.796, 102
Trd, 2591735.329, 107
Trd, 2591735.529, 118
Trd, 2591737.246, 108
Trd, 2591737.663, 109
Trd, 2591738.546, 110
Trd, 2591738.829, 108
Trd, 2591739.596, 112
Trd, 2591741.113, 103
Trd, 2591741.229, 100
Trd, 2591741.779, 115
Trd, 2591741.929, 114
Trd, 2591742.446, 111
Trd, 2591743.363, 94
Trd, 2591744.063, 105
Trd, 2591745.996, 95
Trd, 2591746.196, 91
Trd, 2591746.596, 91
Trd, 2591746.663, 93
Trd, 2591747.279, 93
Trd, 2591747.479, 92
Trd, 2591747.696, 91
Trd, 2591749.229, 93
Trd, 2591749.679, 94
Trd, 2591749.996, 105
Trd, 2591752.029, 96
Trd, 2591752.796, 104
Trd, 2591752.979, 102
Trd, 2591753.029, 105
Trd, 2591753.129, 108
Trd, 2591753.529, 117
Trd, 2591753.546, 101
Trd, 2591755.463, 102
Trd, 2591757.113, 110
Trd, 2591758.013, 110
Trd, 2591758.563, 94
Trd, 2591759.463, 106
Trd, 2591759.513, 91
Trd, 2591761.229, 88
Trd, 2591761.446, 88
Trd, 2591761.596, 98
Trd, 2591762.646, 96
Trd, 2591763.046, 97
Trd, 2591764.296, 95
Trd, 2591764.929, 95
Trd, 2591765.146, 101
Trd, 2591765.429, 93
Trd, 2591766.129, 88
Trd, 2591766.163, 107
Trd, 2591766.213, 108
Trd, 2591767.829, 94
Trd, 2591769.029, 112
Trd, 2591769.446, 96
Trd, 2591770.229, 110
Trd, 2591771.913, 101
Trd, 2591771.946, 102
Trd, 2591771.963, 95
Trd, 2591772.929, 97
Trd, 2591774.479, 96
Trd, 2591775.329, 95
Trd, 2591777.029, 94
Trd, 2591777.163, 95
Trd, 2591777.646, 105
Trd, 2591778.279, 88
Trd, 2591779.296, 108
Trd, 2591780.413, 96
Trd, 2591780.463, 115
Trd, 2591780.829, 87
Trd, 2591781.796, 110
Trd, 2591782.046, 95
Trd, 2591782.179, 110
Trd, 2591782.513, 110
Trd, 2591783.046, 100
Trd, 2591783.163, 96
Trd, 2591783.496, 98
Trd, 2591783.596, 101
Trd, 2591784.096, 96
Trd, 2591786.579, 101
Trd, 2591787.146, 101
Trd, 2591788.513, 106
Trd, 2591789.096, 96
Trd, 2591789.946, 104
Trd, 2591790.646, 95
Trd, 2591791.813, 100
Trd, 2591792.496, 95
Trd, 2591792.663, 97
Trd, 2591793.496, 96
Trd, 2591793.796, 95
Trd, 2591794.146, 96
Trd, 2591795.129, 102
Trd, 2591795.379, 105
Trd, 2591796.113, 102
Trd, 2591796.196, 94
Trd, 2591797.013, 105
Trd, 2591799.213, 101
Trd, 2591801.329, 110
Trd, 2591801.579, 97
Trd, 2591802.529, 95
Trd, 2591802.713, 107
Trd, 2591803.446, 106
Trd, 2591803.479, 93
Trd, 2591803.879, 100
Trd, 2591805.629, 99
Trd, 2591805.713, 97
Trd, 2591806.179, 98
Trd, 2591807.163, 95
Trd, 2591807.413, 97
Trd, 2591807.529, 94
Trd, 2591808.379, 92
Trd, 2591808.463, 91
Trd, 2591810.063, 93
Trd, 2591810.829, 93
Trd, 2591811.979, 91
Trd, 2591812.596, 92
Trd, 2591813.429, 92
Trd, 2591814.529, 103
Trd, 2591814.663, 91
Trd, 2591815.663, 101
Trd, 2591816.029, 91
Trd, 2591817.163, 89
Trd, 2591817.879, 104
Trd, 2591818.113, 87
Trd, 2591818.946, 86
Trd, 2591819.129, 87
Trd, 2591820.129, 104
Trd, 2591821.096, 105
Trd, 2591822.063, 110
Trd, 2591822.646, 111
Trd, 2591823.996, 108
Trd, 2591824.263, 110
Trd, 2591824.279, 109
Trd, 2591824.996, 110
Trd, 2591825.463, 109
Trd, 2591826.246, 108
Trd, 2591826.679, 91
Trd, 2591827.246, 100
Trd, 2591827.496, 111
Trd, 2591827.729, 86
Trd, 2591829.946, 95
Trd, 2591829.996, 96
Trd, 2591831.763, 98
Trd, 2591832.146, 98
Trd, 2591832.879, 99
Trd, 2591832.913, 103
Trd, 2591834.029, 105
Trd, 2591834.213, 89
Trd, 2591834.279, 108
Trd, 2591835.646, 95
Trd, 2591835.796, 93
Trd, 2591837.279, 111
Trd, 2591838.496, 97
Trd, 2591838.913, 98
Trd, 2591839.396, 101
Trd, 2591839.963, 95
Trd, 2591840.763, 93
Trd, 2591841.013, 112
Trd, 2591841.046, 91
Trd, 2591841.496, 116
Trd, 2591841.929, 115
Trd, 2591843.046, 113
Trd, 2591843.213, 112
Trd, 2591843.646, 115
Trd, 2591844.429, 101
Trd, 2591845.946, 101
Trd, 2591846.879, 98
Trd, 2591847.079, 97
Trd, 2591847.146, 98
Trd, 2591848.863, 102
Trd, 2591849.946, 97
Trd, 2591850.546, 96
Trd, 2591850.596, 105
Trd, 2591851.196, 108
Trd, 2591851.529, 94
Trd, 2591852.346, 93
Trd, 2591852.496, 93
Trd, 2591854.113, 95
Trd, 2591855.529, 106
Trd, 2591856.113, 105
Trd, 2591857.279, 107
Trd, 2591857.296, 91
Trd, 2591858.229, 107
Trd, 2591859.746, 98
Trd, 2591859.813, 97
Trd, 2591859.979, 87
Trd, 2591860.079, 86
Trd, 2591860.996, 98
Trd, 2591861.346, 100
Trd, 2591862.063, 91
Trd, 2591862.263, 85
Trd, 2591862.913, 108
Trd, 2591863.479, 111
Trd, 2591865.396, 97
Trd, 2591866.729, 95
Trd, 2591867.563, 95
Trd, 2591867.613, 92
Trd, 2591867.696, 98
Trd, 2591869.029, 91
Trd, 2591869.663, 86
Trd, 2591869.679, 84
Trd, 2591869.863, 95
Trd, 2591870.229, 83
Trd, 2591870.879, 101
Trd, 2591871.196, 104
Trd, 2591874.229, 100
Trd, 2591874.446, 97
Trd, 2591874.546, 102
Trd, 2591874.846, 100
Trd, 2591875.296, 100
Trd, 2591875.429, 104
Trd, 2591875.829, 99
Trd, 2591876.146, 84
Trd, 2591877.163, 105
Trd, 2591877.463, 108
Trd, 2591877.963, 82
Trd, 2591878.329, 111
Trd, 2591880.996, 101
Trd, 2591881.046, 110
Trd, 2591881.646, 91
Trd, 2591881.929, 87
Trd, 2591881.963, 108
Trd, 2591885.079, 102
Trd, 2591885.146, 103
Trd, 2591886.513, 97
Trd, 2591886.813, 98
Trd, 2591886.846, 97
Trd, 2591887.246, 96
Trd, 2591888.079, 95
Trd, 2591888.513, 91
Trd, 2591889.596, 93
Trd, 2591889.679, 94
Trd, 2591889.979, 87
Trd, 2591890.846, 105
Trd, 2591891.596, 90
Trd, 2591893.779, 89
Trd, 2591893.963, 88
Trd, 2591894.046, 108
Trd, 2591894.379, 87
Trd, 2591895.696, 87
Trd, 2591895.713, 105
Trd, 2591899.113, 99
Trd, 2591899.179, 100
Trd, 2591899.229, 101
Trd, 2591900.213, 99
Trd, 2591900.313, 110
Trd, 2591900.513, 112
Trd, 2591900.913, 99
Trd, 2591900.929, 98
Trd, 2591903.046, 100
Trd, 2591903.463, 112
Trd, 2591904.729, 110
Trd, 2591905.529, 97
Trd, 2591906.029, 98
Trd, 2591906.579, 116
Trd, 2591906.929, 116
Trd, 2591907.029, 125
Trd, 2591907.246, 92
Trd, 2591909.779, 104
Trd, 2591910.829, 96
Trd, 2591911.296, 97
Trd, 2591911.479, 104
Trd, 2591912.413, 95
Trd, 2591913.096, 100
Trd, 2591913.313, 101
Trd, 2591914.946, 104
Trd, 2591915.429, 103
Trd, 2591915.546, 91
Trd, 2591916.396, 111
Trd, 2591917.729, 91
Trd, 2591918.213, 102
Trd, 2591919.363, 105
Trd, 2591919.963, 103
Trd, 2591921.279, 104
Trd, 2591921.963, 101
Trd, 2591922.163, 103
Trd, 2591922.863, 102
Trd, 2591923.229, 103
Trd, 2591923.546, 91
Trd, 2591923.746, 104
Trd, 2591924.213, 84
Trd, 2591924.396, 105
Trd, 2591925.279, 90
Trd, 2591926.263, 111
Trd, 2591926.529, 107
Trd, 2591927.263, 112
Trd, 2591928.913, 89
Trd, 2591929.979, 96
Trd, 2591930.246, 93
Trd, 2591930.829, 88
Trd, 2591931.363, 87
Trd, 2591931.829, 88
Trd, 2591932.746, 92
Trd, 2591932.763, 89
Trd, 2591932.929, 97
Trd, 2591933.113, 98
Trd, 2591933.513, 84
Trd, 2591933.896, 83
Trd, 2591934.263, 99
Trd, 2591934.613, 81
Trd, 2591935.596, 101
Trd, 2591936.363, 102
Trd, 2591937.229, 105
Trd, 2591937.429, 108
Trd, 2591938.429, 112
Trd, 2591940.346, 107
Trd, 2591940.413, 108
Trd, 2591940.529, 107
Trd, 2591940.913, 111
Trd, 2591941.929, 106
Trd, 2591941.946, 104
Trd, 2591941.979, 87
Trd, 2591942.996, 111
Trd, 2591943.429, 85
Trd, 2591944.246, 84
Trd, 2591944.396, 101
Trd, 2591945.463, 82
Trd, 2591945.796, 87
Trd, 2591948.279, 99
Trd, 2591948.479, 93
Trd, 2591948.546, 100
Trd, 2591949.296, 100
Trd, 2591949.613, 99
Trd, 2591950.596, 108
Trd, 2591951.396, 97
Trd, 2591951.463, 101
Trd, 2591952.779, 111
Trd, 2591952.796, 100
Trd, 2591953.229, 91
Trd, 2591954.013, 101
Trd, 2591954.696, 102
Trd, 2591954.829, 110
Trd, 2591955.363, 100
Trd, 2591956.729, 87
Trd, 2591958.213, 100
Trd, 2591958.713, 100
Trd, 2591958.846, 100
Trd, 2591958.879, 99
Trd, 2591959.229, 102
Trd, 2591959.413, 87
Trd, 2591959.496, 103
Trd, 2591960.829, 88
Trd, 2591960.929, 86
Trd, 2591961.296, 104
Trd, 2591963.913, 105
Trd, 2591964.129, 105
Trd, 2591965.096, 115
Trd, 2591965.529, 104
Trd, 2591966.329, 98
Trd, 2591967.829, 105
Trd, 2591969.146, 104
Trd, 2591969.263, 105
Trd, 2591969.813, 105
Trd, 2591970.429, 108
Trd, 2591970.579, 101
Trd, 2591971.696, 108
Trd, 2591971.896, 112
Trd, 2591972.696, 122
Trd, 2591973.829, 119
Trd, 2591973.896, 92
Trd, 2591974.013, 123
Trd, 2591974.263, 98
Trd, 2591975.179, 95
Trd, 2591975.413, 95
Trd, 2591977.029, 116
Trd, 2591977.446, 115
Trd, 2591977.463, 105
Trd, 2591978.779, 114
Trd, 2591979.563, 114
Trd, 2591980.146, 112
Trd, 2591980.446, 106
Trd, 2591981.313, 101
Trd, 2591982.113, 102
Trd, 2591982.279, 87
Trd, 2591983.779, 86
Trd, 2591984.696, 94
Trd, 2591985.113, 93
Trd, 2591986.696, 89
Trd, 2591986.729, 86
Trd, 2591987.196, 92
Trd, 2591989.113, 92
Trd, 2591989.196, 92
Trd, 2591989.246, 91
Trd, 2591989.479, 94
Trd, 2591991.529, 89
Trd, 2591992.763, 88
Trd, 2591993.396, 91
Trd, 2591993.413, 92
Trd, 2591993.829, 102
Trd, 2591994.896, 104
Trd, 2591995.213, 101
Trd, 2591995.896, 88
Trd, 2591996.479, 86
Trd, 2591997.129, 100
Trd, 2591997.579, 84
Trd, 2591998.913, 80
