Trd, 2590662.329, 101
Trd, 2590662.563, 100
Trd, 2590663.246, 100
Trd, 2590663.496, 108
Trd, 2590663.729, 100
Trd, 2590663.846, 112
Trd, 2590665.946, 102
Trd, 2590666.163, 111
Trd, 2590667.029, 99
Trd, 2590668.979, 101
Trd, 2590669.346, 99
Trd, 2590669.463, 98
Trd, 2590670.063, 91
Trd, 2590670.163, 100
Trd, 2590672.129, 93
Trd, 2590672.296, 93
Trd, 2590672.396, 93
Trd, 2590672.779, 93
Trd, 2590673.613, 94
Trd, 2590674.496, 108
Trd, 2590674.813, 105
Trd, 2590675.196, 73
Trd, 2590676.729, 104
Trd, 2590678.479, 100
Trd, 2590679.813, 103
Trd, 2590679.963, 103
Trd, 2590680.113, 102
Trd, 2590680.413, 102
Trd, 2590681.046, 101
Trd, 2590681.363, 94
Trd, 2590681.429, 101
Trd, 2590685.263, 91
Trd, 2590685.396, 90
Trd, 2590685.629, 91
Trd, 2590686.046, 96
Trd, 2590686.413, 98
Trd, 2590686.963, 108
Trd, 2590687.563, 92
Trd, 2590688.213, 93
Trd, 2590688.463, 92
Trd, 2590688.846, 104
Trd, 2590688.996, 105
Trd, 2590689.579, 105
Trd, 2590690.046, 102
Trd, 2590690.296, 98
Trd, 2590691.563, 92
Trd, 2590692.013, 105
Trd, 2590692.596, 107
Trd, 2590693.696, 93
Trd, 2590694.629, 100
Trd, 2590694.779, 101
Trd, 2590696.446, 105
Trd, 2590697.779, 99
Trd, 2590698.263, 103
Trd, 2590698.446, 104
Trd, 2590699.946, 108
Trd, 2590700.079, 104
Trd, 2590700.146, 109
Trd, 2590701.996, 108
Trd, 2590702.413, 108
Trd, 2590703.146, 108
Trd, 2590704.096, 107
Trd, 2590705.229, 98
Trd, 2590705.513, 94
Trd, 2590705.796, 102
Trd, 2590706.046, 103
Trd, 2590707.229, 99
Trd, 2590709.029, 96
Trd, 2590709.513, 97
Trd, 2590709.796, 97
Trd, 2590709.813, 98
Trd, 2590710.513, 96
Trd, 2590711.113, 96
Trd, 2590711.496, 96
Trd, 2590711.529, 97
Trd, 2590714.113, 99
Trd, 2590714.546, 98
Trd, 2590714.963, 98
Trd, 2590716.346, 103
Trd, 2590716.763, 108
Trd, 2590716.879, 102
Trd, 2590719.179, 97
Trd, 2590719.796, 105
Trd, 2590720.046, 99
Trd, 2590720.846, 104
Trd, 2590721.013, 100
Trd, 2590721.813, 99
Trd, 2590722.513, 100
Trd, 2590722.579, 94
Trd, 2590722.663, 91
Trd, 2590723.863, 91
Trd, 2590724.629, 87
Trd, 2590724.946, 83
Trd, 2590726.079, 83
Trd, 2590726.246, 84
Trd, 2590726.429, 85
Trd, 2590726.513, 87
Trd, 2590727.896, 89
Trd, 2590728.879, 92
Trd, 2590729.246, 94
Trd, 2590729.446, 92
Trd, 2590731.329, 100
Trd, 2590731.529, 98
Trd, 2590734.313, 105
Trd, 2590734.629, 105
Trd, 2590734.679, 105
Trd, 2590735.113, 105
Trd, 2590735.713, 108
Trd, 2590735.796, 113
Trd, 2590735.929, 107
Trd, 2590736.879, 117
Trd, 2590737.463, 109
Trd, 2590737.696, 101
Trd, 2590737.896, 98
Trd, 2590739.079, 110
Trd, 2590740.413, 94
Trd, 2590742.029, 101
Trd, 2590742.546, 101
Trd, 2590742.979, 102
Trd, 2590743.279, 101
Trd, 2590743.963, 103
Trd, 2590744.746, 105
Trd, 2590744.779, 106
Trd, 2590744.896, 108
Trd, 2590745.096, 94
Trd, 2590745.129, 90
Trd, 2590747.929, 109
Trd, 2590747.996, 111
Trd, 2590749.479, 102
Trd, 2590749.763, 103
Trd, 2590750.863, 101
Trd, 2590752.546, 109
Trd, 2590753.629, 109
Trd, 2590753.963, 108
Trd, 2590754.179, 106
Trd, 2590754.313, 109
Trd, 2590755.496, 103
Trd, 2590755.929, 108
Trd, 2590756.263, 102
Trd, 2590756.879, 108
Trd, 2590758.113, 104
Trd, 2590758.313, 102
Trd, 2590758.379, 99
Trd, 2590759.046, 102
Trd, 2590759.196, 98
Trd, 2590760.463, 101
Trd, 2590761.313, 99
Trd, 2590761.329, 101
Trd, 2590763.179, 115
Trd, 2590763.546, 115
Trd, 2590764.096, 115
Trd, 2590764.263, 115
Trd, 2590765.963, 115
Trd, 2590766.513, 108
Trd, 2590766.979, 98
Trd, 2590768.163, 113
Trd, 2590768.546, 114
Trd, 2590769.729, 111
Trd, 2590769.979, 110
Trd, 2590771.196, 106
Trd, 2590771.246, 104
Trd, 2590771.296, 94
Trd, 2590771.429, 106
Trd, 2590771.529, 91
Trd, 2590772.763, 105
Trd, 2590772.979, 104
Trd, 2590774.279, 96
Trd, 2590774.613, 94
Trd, 2590775.629, 93
Trd, 2590776.713, 87
Trd, 2590777.013, 90
Trd, 2590777.163, 89
Trd, 2590777.446, 90
Trd, 2590777.646, 96
Trd, 2590778.363, 98
Trd, 2590779.479, 96
Trd, 2590780.763, 98
Trd, 2590780.929, 97
Trd, 2590781.563, 99
Trd, 2590781.896, 107
Trd, 2590782.246, 103
Trd, 2590783.396, 104
Trd, 2590783.979, 103
Trd, 2590784.029, 96
Trd, 2590784.113, 94
Trd, 2590785.079, 102
Trd, 2590786.529, 105
Trd, 2590786.546, 107
Trd, 2590786.646, 93
Trd, 2590788.879, 108
Trd, 2590790.946, 107
Trd, 2590791.829, 106
Trd, 2590792.046, 104
Trd, 2590792.313, 105
Trd, 2590792.929, 112
Trd, 2590793.579, 88
Trd, 2590794.129, 86
Trd, 2590794.613, 87
Trd, 2590795.279, 116
Trd, 2590795.879, 116
Trd, 2590797.163, 116
Trd, 2590797.613, 118
Trd, 2590797.829, 123
Trd, 2590798.396, 115
Trd, 2590799.496, 115
Trd, 2590800.113, 114
Trd, 2590800.729, 108
Trd, 2590801.063, 113
Trd, 2590803.429, 110
Trd, 2590803.763, 112
Trd, 2590803.996, 111
Trd, 2590804.063, 108
Trd, 2590804.796, 103
Trd, 2590804.929, 107
Trd, 2590806.013, 95
Trd, 2590806.596, 97
Trd, 2590809.529, 90
Trd, 2590809.646, 91
Trd, 2590809.813, 89
Trd, 2590809.996, 90
Trd, 2590810.096, 88
Trd, 2590810.629, 91
Trd, 2590811.296, 91
Trd, 2590811.913, 92
Trd, 2590813.196, 97
Trd, 2590813.446, 98
Trd, 2590813.779, 101
Trd, 2590815.013, 105
Trd, 2590815.346, 106
Trd, 2590816.129, 108
Trd, 2590816.413, 113
Trd, 2590817.029, 112
Trd, 2590817.563, 111
Trd, 2590818.013, 109
Trd, 2590818.346, 101
Trd, 2590819.163, 94
Trd, 2590820.079, 103
Trd, 2590820.313, 102
Trd, 2590821.863, 102
Trd, 2590822.313, 83
Trd, 2590822.679, 99
Trd, 2590824.413, 93
Trd, 2590824.713, 95
Trd, 2590825.263, 95
Trd, 2590825.413, 96
Trd, 2590826.496, 100
Trd, 2590827.279, 101
Trd, 2590827.913, 98
Trd, 2590828.213, 98
Trd, 2590828.363, 108
Trd, 2590828.929, 108
Trd, 2590829.079, 91
Trd, 2590830.179, 93
Trd, 2590831.296, 93
Trd, 2590831.446, 94
Trd, 2590831.513, 92
Trd, 2590832.179, 93
Trd, 2590832.329, 93
Trd, 2590832.446, 94
Trd, 2590833.079, 110
Trd, 2590833.446, 83
Trd, 2590836.913, 97
Trd, 2590837.029, 96
Trd, 2590837.063, 102
Trd, 2590837.696, 94
Trd, 2590838.529, 92
Trd, 2590839.746, 93
Trd, 2590840.729, 94
Trd, 2590841.113, 98
Trd, 2590841.146, 101
Trd, 2590841.329, 108
Trd, 2590843.279, 108
Trd, 2590844.013, 105
Trd, 2590844.229, 104
Trd, 2590844.879, 105
Trd, 2590846.346, 104
Trd, 2590846.696, 105
Trd, 2590846.713, 104
Trd, 2590848.029, 106
Trd, 2590849.129, 103
Trd, 2590849.263, 98
Trd, 2590850.296, 104
Trd, 2590850.429, 95
Trd, 2590851.196, 106
Trd, 2590851.329, 107
Trd, 2590852.496, 104
Trd, 2590852.679, 107
Trd, 2590853.129, 107
Trd, 2590853.979, 106
Trd, 2590854.763, 105
Trd, 2590854.879, 107
Trd, 2590856.029, 108
Trd, 2590856.679, 107
Trd, 2590856.863, 106
Trd, 2590857.329, 107
Trd, 2590857.629, 104
Trd, 2590859.163, 101
Trd, 2590859.363, 101
Trd, 2590860.046, 98
Trd, 2590860.063, 94
Trd, 2590860.196, 99
Trd, 2590861.346, 108
Trd, 2590862.579, 91
Trd, 2590863.963, 95
Trd, 2590864.613, 107
Trd, 2590865.463, 108
Trd, 2590865.629, 108
Trd, 2590866.696, 111
Trd, 2590866.863, 97
Trd, 2590868.663, 102
Trd, 2590869.296, 103
Trd, 2590869.463, 102
Trd, 2590869.863, 103
Trd, 2590870.279, 97
Trd, 2590870.646, 100
Trd, 2590871.579, 96
Trd, 2590872.946, 101
Trd, 2590873.163, 102
Trd, 2590873.629, 101
Trd, 2590874.413, 94
Trd, 2590875.179, 99
Trd, 2590875.429, 93
Trd, 2590875.646, 90
Trd, 2590876.696, 97
Trd, 2590877.546, 95
Trd, 2590877.829, 98
Trd, 2590878.579, 101
Trd, 2590879.996, 102
Trd, 2590880.046, 110
Trd, 2590880.663, 107
Trd, 2590881.979, 107
Trd, 2590882.063, 108
Trd, 2590882.379, 107
Trd, 2590882.496, 105
Trd, 2590883.379, 105
Trd, 2590884.146, 104
Trd, 2590884.646, 98
Trd, 2590884.979, 96
Trd, 2590886.229, 104
Trd, 2590886.779, 94
Trd, 2590887.579, 100
Trd, 2590889.646, 95
Trd, 2590889.746, 96
Trd, 2590889.913, 94
Trd, 2590890.013, 93
Trd, 2590890.879, 95
Trd, 2590892.446, 97
Trd, 2590893.346, 102
Trd, 2590894.679, 99
Trd, 2590894.979, 98
Trd, 2590895.879, 91
Trd, 2590896.663, 96
Trd, 2590898.563, 93
Trd, 2590899.529, 96
Trd, 2590899.663, 83
Trd, 2590900.179, 86
Trd, 2590900.396, 94
Trd, 2590900.529, 98
Trd, 2590902.063, 100
Trd, 2590903.163, 100
Trd, 2590903.379, 101
Trd, 2590903.396, 100
Trd, 2590905.029, 106
Trd, 2590905.329, 105
Trd, 2590905.429, 106
Trd, 2590905.696, 108
Trd, 2590906.713, 113
Trd, 2590907.579, 93
Trd, 2590908.846, 109
Trd, 2590909.246, 109
Trd, 2590909.563, 109
Trd, 2590909.746, 109
Trd, 2590910.463, 108
Trd, 2590910.579, 111
Trd, 2590912.146, 115
Trd, 2590912.729, 114
Trd, 2590912.946, 112
Trd, 2590914.463, 116
Trd, 2590916.979, 116
Trd, 2590917.429, 116
Trd, 2590918.079, 115
Trd, 2590918.363, 117
Trd, 2590919.446, 113
Trd, 2590919.629, 108
Trd, 2590919.829, 106
Trd, 2590920.229, 112
Trd, 2590921.263, 112
Trd, 2590921.963, 110
Trd, 2590922.763, 111
Trd, 2590923.263, 111
Trd, 2590924.929, 105
Trd, 2590925.346, 104
Trd, 2590925.746, 101
Trd, 2590926.196, 101
Trd, 2590926.363, 100
Trd, 2590926.579, 116
Trd, 2590926.796, 105
Trd, 2590927.179, 98
Trd, 2590927.213, 94
Trd, 2590929.163, 115
Trd, 2590929.213, 114
Trd, 2590930.496, 114
Trd, 2590930.846, 112
Trd, 2590932.513, 98
Trd, 2590934.396, 105
Trd, 2590935.146, 103
Trd, 2590935.429, 100
Trd, 2590935.563, 106
Trd, 2590935.729, 100
Trd, 2590937.646, 101
Trd, 2590937.829, 100
Trd, 2590938.063, 99
Trd, 2590938.363, 98
Trd, 2590939.163, 95
Trd, 2590940.013, 99
Trd, 2590940.396, 100
Trd, 2590941.546, 102
Trd, 2590941.913, 104
Trd, 2590941.963, 98
Trd, 2590942.196, 97
Trd, 2590943.096, 100
Trd, 2590943.996, 99
Trd, 2590944.463, 99
Trd, 2590945.763, 96
Trd, 2590946.546, 103
Trd, 2590947.213, 94
Trd, 2590948.513, 106
Trd, 2590948.763, 107
Trd, 2590949.929, 107
Trd, 2590950.079, 106
Trd, 2590950.463, 105
Trd, 2590951.029, 98
Trd, 2590951.779, 105
Trd, 2590954.096, 91
Trd, 2590954.729, 92
Trd, 2590955.329, 92
Trd, 2590955.613, 91
Trd, 2590955.896, 91
Trd, 2590956.796, 89
Trd, 2590957.929, 84
Trd, 2590958.013, 81
Trd, 2590958.063, 94
Trd, 2590958.563, 94
Trd, 2590958.596, 98
Trd, 2590959.763, 100
Trd, 2590961.913, 99
Trd, 2590962.396, 102
Trd, 2590963.013, 100
Trd, 2590963.613, 102
Trd, 2590964.096, 101
Trd, 2590964.579, 102
Trd, 2590964.829, 101
Trd, 2590965.479, 101
Trd, 2590966.479, 96
Trd, 2590966.596, 98
Trd, 2590966.663, 98
Trd, 2590967.929, 97
Trd, 2590968.429, 95
Trd, 2590969.979, 98
Trd, 2590970.046, 92
Trd, 2590970.413, 93
Trd, 2590970.463, 90
Trd, 2590971.296, 87
Trd, 2590972.746, 104
Trd, 2590973.046, 106
Trd, 2590974.379, 101
Trd, 2590974.596, 88
Trd, 2590976.963, 87
Trd, 2590977.229, 88
Trd, 2590978.413, 93
Trd, 2590978.813, 91
Trd, 2590979.746, 103
Trd, 2590979.846, 105
Trd, 2590981.296, 106
Trd, 2590981.429, 107
Trd, 2590981.796, 105
Trd, 2590982.096, 104
Trd, 2590982.163, 108
Trd, 2590982.263, 113
Trd, 2590985.496, 110
Trd, 2590985.813, 107
Trd, 2590986.979, 106
Trd, 2590987.446, 106
Trd, 2590988.213, 105
Trd, 2590988.263, 106
Trd, 2590988.879, 105
Trd, 2590989.296, 106
Trd, 2590989.379, 99
Trd, 2590990.979, 101
Trd, 2590991.296, 103
Trd, 2590991.429, 104
Trd, 2590993.263, 106
Trd, 2590994.079, 106
Trd, 2590994.613, 106
Trd, 2590995.146, 98
Trd, 2590995.229, 110
Trd, 2590995.329, 94
Trd, 2590995.846, 110
Trd, 2590996.096, 118
Trd, 2590996.913, 109
Trd, 2590997.379, 108
Trd, 2590997.579, 109
Trd, 2590997.796, 110
Trd, 2590997.813, 107
Trd, 2590997.913, 105
Trd, 2590999.046, 98
Trd, 2591001.629, 98
Trd, 2591002.179, 102
Trd, 2591002.796, 100
Trd, 2591003.446, 99
Trd, 2591004.746, 96
Trd, 2591006.396, 97
Trd, 2591006.863, 98
Trd, 2591007.979, 97
Trd, 2591008.946, 107
Trd, 2591009.013, 105
Trd, 2591009.463, 105
Trd, 2591010.029, 105
Trd, 2591010.313, 104
Trd, 2591010.396, 105
Trd, 2591011.813, 102
Trd, 2591013.246, 103
Trd, 2591013.896, 102
Trd, 2591014.363, 103
Trd, 2591015.763, 105
Trd, 2591016.596, 107
Trd, 2591016.879, 108
Trd, 2591017.063, 107
Trd, 2591018.229, 111
Trd, 2591018.713, 98
Trd, 2591018.996, 110
Trd, 2591019.546, 99
Trd, 2591019.679, 111
Trd, 2591019.879, 109
Trd, 2591020.146, 94
Trd, 2591021.229, 113
Trd, 2591022.729, 90
Trd, 2591023.596, 93
Trd, 2591023.763, 84
Trd, 2591024.229, 92
Trd, 2591024.696, 92
Trd, 2591025.113, 85
Trd, 2591025.196, 98
Trd, 2591027.263, 94
Trd, 2591027.779, 106
Trd, 2591028.163, 106
Trd, 2591029.129, 108
Trd, 2591030.029, 104
Trd, 2591030.963, 108
Trd, 2591031.179, 107
Trd, 2591032.013, 107
Trd, 2591032.179, 108
Trd, 2591033.179, 96
Trd, 2591035.229, 104
Trd, 2591035.279, 94
Trd, 2591035.913, 93
Trd, 2591036.879, 99
Trd, 2591037.629, 94
Trd, 2591038.379, 93
Trd, 2591039.863, 97
Trd, 2591040.013, 99
Trd, 2591040.579, 99
Trd, 2591040.596, 101
Trd, 2591041.646, 108
Trd, 2591042.013, 110
Trd, 2591042.263, 108
Trd, 2591043.196, 108
Trd, 2591043.279, 109
Trd, 2591045.113, 106
Trd, 2591045.996, 106
Trd, 2591047.046, 101
Trd, 2591047.429, 97
Trd, 2591047.713, 97
Trd, 2591047.896, 97
Trd, 2591048.063, 94
Trd, 2591048.163, 97
Trd, 2591048.596, 94
Trd, 2591049.179, 97
Trd, 2591049.629, 115
Trd, 2591050.013, 114
Trd, 2591051.429, 108
Trd, 2591052.363, 119
Trd, 2591052.829, 119
Trd, 2591052.996, 118
Trd, 2591054.579, 113
Trd, 2591054.813, 112
Trd, 2591055.829, 108
Trd, 2591055.979, 109
Trd, 2591056.129, 111
Trd, 2591056.163, 107
Trd, 2591057.063, 106
Trd, 2591058.246, 106
Trd, 2591059.179, 104
Trd, 2591060.196, 100
Trd, 2591060.246, 95
Trd, 2591060.879, 96
Trd, 2591061.229, 103
Trd, 2591061.296, 104
Trd, 2591064.029, 107
Trd, 2591064.446, 108
Trd, 2591064.529, 106
Trd, 2591064.929, 109
Trd, 2591065.596, 108
Trd, 2591065.829, 108
Trd, 2591066.379, 109
Trd, 2591066.579, 109
Trd, 2591067.479, 104
Trd, 2591068.063, 95
Trd, 2591068.763, 118
Trd, 2591069.963, 101
Trd, 2591070.646, 99
Trd, 2591070.979, 98
Trd, 2591072.129, 97
Trd, 2591072.713, 102
Trd, 2591073.729, 96
Trd, 2591074.379, 95
Trd, 2591075.213, 96
Trd, 2591075.463, 94
Trd, 2591075.913, 97
Trd, 2591076.563, 98
Trd, 2591077.213, 93
Trd, 2591077.329, 101
Trd, 2591079.196, 97
Trd, 2591079.629, 98
Trd, 2591081.013, 107
Trd, 2591082.129, 106
Trd, 2591082.196, 105
Trd, 2591082.513, 104
Trd, 2591085.413, 101
Trd, 2591085.779, 106
Trd, 2591086.463, 101
Trd, 2591087.246, 100
Trd, 2591087.496, 100
Trd, 2591087.846, 94
Trd, 2591088.679, 100
Trd, 2591089.713, 97
Trd, 2591089.763, 96
Trd, 2591090.329, 96
Trd, 2591090.546, 97
Trd, 2591091.146, 95
Trd, 2591091.229, 98
Trd, 2591091.429, 107
Trd, 2591091.629, 108
Trd, 2591093.046, 107
Trd, 2591093.363, 106
Trd, 2591093.379, 108
Trd, 2591094.646, 108
Trd, 2591094.696, 105
Trd, 2591095.596, 110
Trd, 2591095.613, 111
Trd, 2591095.979, 118
Trd, 2591097.096, 115
Trd, 2591098.013, 98
Trd, 2591101.063, 109
Trd, 2591101.196, 110
Trd, 2591101.546, 110
Trd, 2591102.979, 116
Trd, 2591103.146, 98
Trd, 2591103.313, 97
Trd, 2591104.329, 113
Trd, 2591104.679, 107
Trd, 2591105.229, 107
Trd, 2591105.446, 110
Trd, 2591105.829, 102
Trd, 2591109.329, 104
Trd, 2591110.013, 91
Trd, 2591110.113, 91
Trd, 2591110.246, 104
Trd, 2591111.663, 98
Trd, 2591112.446, 95
Trd, 2591113.146, 94
Trd, 2591113.463, 94
Trd, 2591114.029, 97
Trd, 2591114.046, 94
Trd, 2591114.813, 97
Trd, 2591115.846, 98
Trd, 2591117.479, 99
Trd, 2591117.946, 95
Trd, 2591119.229, 95
Trd, 2591119.496, 99
Trd, 2591120.229, 98
Trd, 2591120.796, 99
Trd, 2591121.046, 99
Trd, 2591121.496, 101
Trd, 2591122.196, 99
Trd, 2591122.313, 108
Trd, 2591122.396, 113
Trd, 2591124.113, 100
Trd, 2591124.746, 98
Trd, 2591125.329, 105
Trd, 2591125.846, 94
Trd, 2591126.196, 91
Trd, 2591127.646, 89
Trd, 2591128.963, 90
Trd, 2591129.179, 86
Trd, 2591129.463, 89
Trd, 2591130.013, 88
Trd, 2591130.529, 94
Trd, 2591131.329, 98
Trd, 2591131.429, 94
Trd, 2591132.046, 96
Trd, 2591132.879, 98
Trd, 2591133.813, 101
Trd, 2591134.629, 103
Trd, 2591135.679, 108
Trd, 2591137.146, 112
Trd, 2591137.596, 111
Trd, 2591137.829, 109
Trd, 2591138.996, 108
Trd, 2591139.463, 105
Trd, 2591139.596, 109
Trd, 2591140.179, 110
Trd, 2591140.829, 116
Trd, 2591141.446, 109
Trd, 2591142.713, 101
Trd, 2591144.679, 108
Trd, 2591145.213, 112
Trd, 2591145.896, 112
Trd, 2591146.313, 105
Trd, 2591146.429, 104
Trd, 2591146.446, 112
Trd, 2591148.013, 107
Trd, 2591148.213, 106
Trd, 2591149.263, 107
Trd, 2591150.013, 108
Trd, 2591150.996, 106
Trd, 2591151.313, 105
Trd, 2591151.829, 104
Trd, 2591152.463, 102
Trd, 2591152.863, 101
Trd, 2591152.963, 102
Trd, 2591153.146, 101
Trd, 2591154.246, 99
Trd, 2591154.513, 94
Trd, 2591155.229, 99
Trd, 2591155.929, 100
Trd, 2591156.563, 107
Trd, 2591157.013, 98
Trd, 2591157.446, 107
Trd, 2591158.513, 101
Trd, 2591159.029, 103
Trd, 2591159.929, 103
Trd, 2591161.063, 96
Trd, 2591161.129, 101
Trd, 2591161.446, 94
Trd, 2591162.063, 101
Trd, 2591162.713, 93
Trd, 2591162.863, 89
Trd, 2591165.046, 93
Trd, 2591165.379, 93
Trd, 2591165.579, 94
Trd, 2591166.413, 97
Trd, 2591167.713, 97
Trd, 2591167.979, 97
Trd, 2591169.363, 97
Trd, 2591169.446, 98
Trd, 2591169.613, 101
Trd, 2591169.896, 108
Trd, 2591171.046, 101
Trd, 2591171.146, 111
Trd, 2591171.563, 100
Trd, 2591172.113, 94
Trd, 2591173.246, 104
Trd, 2591173.979, 92
Trd, 2591174.263, 90
Trd, 2591175.196, 98
Trd, 2591175.663, 97
Trd, 2591177.163, 95
Trd, 2591177.513, 93
Trd, 2591178.046, 91
Trd, 2591179.229, 84
Trd, 2591179.313, 77
Trd, 2591181.196, 88
Trd, 2591181.363, 89
Trd, 2591182.313, 94
Trd, 2591182.579, 98
Trd, 2591182.646, 91
Trd, 2591182.763, 101
Trd, 2591182.796, 90
Trd, 2591186.096, 103
Trd, 2591186.246, 104
Trd, 2591186.579, 102
Trd, 2591186.863, 95
Trd, 2591187.346, 94
Trd, 2591187.746, 91
Trd, 2591189.579, 95
Trd, 2591189.996, 95
Trd, 2591190.196, 96
Trd, 2591191.196, 96
Trd, 2591191.763, 98
Trd, 2591194.496, 108
Trd, 2591194.746, 106
Trd, 2591194.763, 110
Trd, 2591196.229, 114
Trd, 2591196.246, 106
Trd, 2591197.079, 113
Trd, 2591197.963, 112
Trd, 2591198.879, 110
Trd, 2591199.129, 109
Trd, 2591199.779, 109
Trd, 2591200.146, 110
Trd, 2591201.179, 110
Trd, 2591201.296, 110
Trd, 2591201.613, 108
Trd, 2591201.846, 104
Trd, 2591202.529, 110
Trd, 2591203.913, 107
Trd, 2591205.396, 103
Trd, 2591205.446, 104
Trd, 2591205.846, 103
Trd, 2591206.146, 98
Trd, 2591206.429, 94
Trd, 2591207.063, 102
Trd, 2591207.646, 102
Trd, 2591207.663, 94
Trd, 2591209.946, 100
Trd, 2591210.379, 99
Trd, 2591211.046, 99
Trd, 2591211.363, 98
Trd, 2591211.463, 97
Trd, 2591212.229, 84
Trd, 2591212.346, 100
Trd, 2591213.029, 97
Trd, 2591214.146, 90
Trd, 2591215.279, 84
Trd, 2591215.446, 87
Trd, 2591218.396, 99
Trd, 2591218.463, 100
Trd, 2591218.796, 99
Trd, 2591218.896, 101
Trd, 2591219.263, 98
Trd, 2591219.563, 97
Trd, 2591220.579, 103
Trd, 2591221.629, 107
Trd, 2591222.013, 108
Trd, 2591222.579, 109
Trd, 2591222.663, 110
Trd, 2591223.513, 118
Trd, 2591223.563, 120
Trd, 2591224.279, 109
Trd, 2591224.313, 120
Trd, 2591227.063, 116
Trd, 2591227.363, 117
Trd, 2591227.563, 118
Trd, 2591227.746, 116
Trd, 2591228.263, 109
Trd, 2591228.696, 108
Trd, 2591229.163, 112
Trd, 2591229.429, 105
Trd, 2591230.129, 98
Trd, 2591231.429, 101
Trd, 2591231.663, 95
Trd, 2591232.929, 98
Trd, 2591233.346, 98
Trd, 2591234.396, 98
Trd, 2591235.263, 96
Trd, 2591235.713, 91
Trd, 2591236.763, 98
Trd, 2591237.079, 100
Trd, 2591237.446, 88
Trd, 2591239.446, 93
Trd, 2591239.946, 93
Trd, 2591240.263, 93
Trd, 2591240.779, 92
Trd, 2591241.013, 93
Trd, 2591241.313, 94
Trd, 2591242.429, 100
Trd, 2591244.296, 99
Trd, 2591244.396, 98
Trd, 2591244.896, 96
Trd, 2591245.446, 98
Trd, 2591246.163, 96
Trd, 2591246.863, 96
Trd, 2591247.179, 98
Trd, 2591247.313, 101
Trd, 2591247.413, 89
Trd, 2591247.796, 92
Trd, 2591249.263, 110
Trd, 2591251.879, 96
Trd, 2591252.379, 100
Trd, 2591252.879, 100
Trd, 2591253.829, 102
Trd, 2591255.046, 100
Trd, 2591256.079, 100
Trd, 2591256.296, 100
Trd, 2591256.863, 99
Trd, 2591257.263, 101
Trd, 2591257.329, 101
Trd, 2591258.796, 115
Trd, 2591259.096, 114
Trd, 2591259.179, 108
Trd, 2591259.879, 117
Trd, 2591259.896, 104
Trd, 2591260.429, 103
Trd, 2591261.929, 112
Trd, 2591262.413, 98
Trd, 2591264.329, 98
Trd, 2591264.679, 97
Trd, 2591265.213, 94
Trd, 2591265.229, 101
Trd, 2591266.329, 95
Trd, 2591267.079, 99
Trd, 2591267.263, 98
Trd, 2591268.096, 96
Trd, 2591268.663, 96
Trd, 2591269.096, 97
Trd, 2591269.413, 101
Trd, 2591269.529, 101
Trd, 2591272.613, 102
Trd, 2591274.213, 97
Trd, 2591274.763, 96
Trd, 2591274.813, 95
Trd, 2591275.146, 98
Trd, 2591275.529, 92
Trd, 2591277.079, 98
Trd, 2591277.329, 100
Trd, 2591277.496, 95
Trd, 2591278.046, 101
Trd, 2591278.896, 106
Trd, 2591279.113, 92
Trd, 2591279.496, 92
Trd, 2591280.913, 96
Trd, 2591281.279, 98
Trd, 2591281.779, 99
Trd, 2591282.246, 100
Trd, 2591282.596, 101
Trd, 2591283.063, 100
Trd, 2591285.296, 108
Trd, 2591286.013, 107
Trd, 2591286.629, 108
Trd, 2591286.846, 106
Trd, 2591288.229, 104
Trd, 2591288.479, 117
Trd, 2591288.713, 125
Trd, 2591290.863, 106
Trd, 2591291.129, 105
Trd, 2591291.546, 112
Trd, 2591291.813, 111
Trd, 2591293.113, 108
Trd, 2591294.296, 107
Trd, 2591294.613, 105
Trd, 2591295.196, 106
Trd, 2591295.379, 108
Trd, 2591295.463, 98
Trd, 2591296.213, 94
Trd, 2591297.679, 93
Trd, 2591297.829, 99
Trd, 2591299.446, 97
Trd, 2591299.746, 97
Trd, 2591299.913, 96
Trd, 2591300.079, 95
Trd, 2591300.513, 96
Trd, 2591300.763, 96
Trd, 2591301.096, 92
Trd, 2591302.379, 100
Trd, 2591302.863, 101
Trd, 2591303.763, 99
Trd, 2591304.046, 98
Trd, 2591304.079, 91
Trd, 2591304.179, 112
Trd, 2591306.613, 111
Trd, 2591306.879, 110
Trd, 2591307.346, 110
Trd, 2591307.729, 112
Trd, 2591308.263, 117
Trd, 2591308.646, 118
Trd, 2591309.179, 122
Trd, 2591309.929, 118
Trd, 2591311.729, 119
Trd, 2591313.229, 118
Trd, 2591313.546, 117
Trd, 2591314.113, 106
Trd, 2591317.613, 106
Trd, 2591317.929, 106
Trd, 2591318.713, 105
Trd, 2591319.013, 104
Trd, 2591319.879, 103
Trd, 2591319.896, 102
Trd, 2591320.313, 105
Trd, 2591320.846, 105
Trd, 2591321.113, 98
Trd, 2591321.496, 96
Trd, 2591321.813, 103
Trd, 2591322.796, 96
Trd, 2591323.179, 100
Trd, 2591323.513, 95
Trd, 2591324.463, 94
Trd, 2591324.763, 95
Trd, 2591324.779, 92
Trd, 2591325.146, 98
Trd, 2591326.229, 95
Trd, 2591326.996, 98
Trd, 2591327.079, 101
Trd, 2591327.929, 95
Trd, 2591328.079, 105
Trd, 2591328.846, 105
Trd, 2591329.779, 98
Trd, 2591330.413, 96
Trd, 2591330.979, 97
Trd, 2591333.163, 96
Trd, 2591333.596, 99
Trd, 2591333.613, 97
Trd, 2591334.213, 96
Trd, 2591334.663, 95
Trd, 2591335.113, 96
Trd, 2591336.296, 96
Trd, 2591336.663, 96
Trd, 2591337.413, 95
Trd, 2591337.496, 98
Trd, 2591340.013, 104
Trd, 2591340.813, 96
Trd, 2591340.846, 105
Trd, 2591343.429, 100
Trd, 2591345.263, 95
Trd, 2591345.896, 95
Trd, 2591345.929, 94
Trd, 2591346.646, 97
Trd, 2591346.779, 100
Trd, 2591347.179, 101
Trd, 2591347.346, 108
Trd, 2591347.446, 112
Trd, 2591349.096, 95
Trd, 2591350.246, 111
Trd, 2591350.463, 110
Trd, 2591351.313, 98
Trd, 2591352.013, 108
Trd, 2591352.646, 106
Trd, 2591352.679, 105
Trd, 2591352.863, 94
Trd, 2591353.446, 105
Trd, 2591355.613, 108
Trd, 2591357.313, 107
Trd, 2591358.779, 106
Trd, 2591359.063, 106
Trd, 2591359.263, 107
Trd, 2591360.063, 108
Trd, 2591361.146, 108
Trd, 2591361.346, 106
Trd, 2591361.413, 105
Trd, 2591362.429, 103
Trd, 2591362.596, 104
Trd, 2591363.296, 103
Trd, 2591364.863, 99
Trd, 2591364.879, 101
Trd, 2591366.063, 100
Trd, 2591366.846, 100
Trd, 2591368.463, 100
Trd, 2591369.029, 95
Trd, 2591369.213, 100
Trd, 2591369.263, 100
Trd, 2591369.896, 95
Trd, 2591370.813, 114
Trd, 2591371.163, 98
Trd, 2591371.179, 113
Trd, 2591372.163, 97
Trd, 2591373.129, 109
Trd, 2591374.229, 107
Trd, 2591374.879, 106
Trd, 2591375.513, 106
Trd, 2591375.929, 107
Trd, 2591376.446, 108
Trd, 2591376.546, 105
Trd, 2591377.846, 94
Trd, 2591378.346, 114
Trd, 2591378.629, 91
Trd, 2591380.663, 103
Trd, 2591380.679, 97
Trd, 2591380.946, 104
Trd, 2591381.813, 105
Trd, 2591383.296, 106
Trd, 2591383.563, 105
Trd, 2591383.746, 105
Trd, 2591384.213, 107
Trd, 2591385.096, 107
Trd, 2591385.763, 107
Trd, 2591386.213, 98
Trd, 2591386.246, 94
Trd, 2591388.363, 92
Trd, 2591389.496, 95
Trd, 2591390.346, 94
Trd, 2591390.579, 95
Trd, 2591391.213, 94
Trd, 2591391.596, 91
Trd, 2591391.779, 95
Trd, 2591391.896, 92
Trd, 2591392.063, 100
Trd, 2591392.413, 100
Trd, 2591394.463, 101
Trd, 2591395.129, 102
Trd, 2591395.296, 103
Trd, 2591395.813, 107
Trd, 2591396.496, 103
Trd, 2591396.713, 108
Trd, 2591397.046, 103
Trd, 2591398.246, 111
Trd, 2591398.429, 100
Trd, 2591398.579, 112
Trd, 2591399.479, 113
Trd, 2591399.513, 108
Trd, 2591399.563, 98
Trd, 2591402.346, 105
Trd, 2591403.029, 94
Trd, 2591403.863, 94
Trd, 2591404.113, 94
Trd, 2591404.613, 92
Trd, 2591404.863, 94
Trd, 2591405.613, 108
Trd, 2591407.113, 94
Trd, 2591407.579, 94
Trd, 2591407.629, 94
Trd, 2591408.596, 102
Trd, 2591408.613, 103
Trd, 2591409.879, 98
Trd, 2591409.929, 122
Trd, 2591409.963, 97
Trd, 2591412.779, 107
Trd, 2591412.863, 108
Trd, 2591412.996, 107
Trd, 2591413.029, 108
Trd, 2591415.679, 104
Trd, 2591416.596, 98
Trd, 2591416.629, 92
Trd, 2591417.563, 99
Trd, 2591418.246, 94
Trd, 2591418.913, 91
Trd, 2591419.046, 95
Trd, 2591419.096, 96
Trd, 2591419.296, 85
Trd, 2591419.996, 84
Trd, 2591421.213, 96
Trd, 2591421.379, 98
Trd, 2591422.713, 100
Trd, 2591423.129, 97
Trd, 2591425.029, 98
Trd, 2591425.396, 101
Trd, 2591425.763, 97
Trd, 2591426.679, 103
Trd, 2591426.879, 107
Trd, 2591427.963, 105
Trd, 2591427.996, 105
Trd, 2591428.146, 104
Trd, 2591428.779, 100
Trd, 2591429.113, 95
Trd, 2591429.163, 101
Trd, 2591430.579, 97
Trd, 2591431.213, 96
Trd, 2591431.229, 97
Trd, 2591431.546, 98
Trd, 2591431.579, 92
Trd, 2591432.796, 108
Trd, 2591433.129, 113
Trd, 2591434.896, 91
Trd, 2591436.146, 91
Trd, 2591436.279, 91
Trd, 2591436.429, 91
Trd, 2591436.479, 92
Trd, 2591436.896, 90
Trd, 2591436.946, 84
Trd, 2591438.679, 112
Trd, 2591439.079, 89
Trd, 2591439.146, 112
Trd, 2591441.496, 106
Trd, 2591442.696, 105
Trd, 2591443.313, 104
Trd, 2591443.329, 105
Trd, 2591444.196, 96
Trd, 2591444.313, 105
Trd, 2591444.446, 108
Trd, 2591444.496, 94
Trd, 2591445.063, 104
Trd, 2591445.429, 93
Trd, 2591447.096, 111
Trd, 2591448.213, 106
Trd, 2591450.346, 97
Trd, 2591450.713, 98
Trd, 2591450.996, 98
Trd, 2591451.196, 97
Trd, 2591451.246, 96
Trd, 2591452.513, 96
Trd, 2591453.529, 99
Trd, 2591454.113, 97
Trd, 2591454.263, 98
Trd, 2591456.413, 111
Trd, 2591456.713, 103
Trd, 2591456.863, 114
Trd, 2591457.029, 113
Trd, 2591458.646, 108
Trd, 2591458.829, 109
Trd, 2591459.163, 109
Trd, 2591459.246, 104
Trd, 2591460.813, 105
Trd, 2591461.596, 104
Trd, 2591461.646, 94
Trd, 2591461.929, 105
Trd, 2591462.296, 94
Trd, 2591462.413, 93
Trd, 2591465.313, 92
Trd, 2591465.346, 91
Trd, 2591465.363, 84
Trd, 2591468.179, 92
Trd, 2591468.363, 92
Trd, 2591468.513, 92
Trd, 2591468.613, 92
Trd, 2591468.629, 94
Trd, 2591468.829, 95
Trd, 2591470.479, 93
Trd, 2591471.263, 94
Trd, 2591471.963, 98
Trd, 2591472.146, 94
Trd, 2591472.646, 98
Trd, 2591473.096, 91
Trd, 2591473.429, 101
Trd, 2591475.313, 95
Trd, 2591476.413, 108
Trd, 2591476.929, 108
Trd, 2591477.146, 108
Trd, 2591477.313, 108
Trd, 2591477.596, 108
Trd, 2591477.729, 106
Trd, 2591477.896, 112
Trd, 2591477.946, 105
Trd, 2591478.179, 117
Trd, 2591480.263, 117
Trd, 2591480.346, 90
Trd, 2591481.379, 90
Trd, 2591481.713, 89
Trd, 2591481.863, 114
Trd, 2591482.479, 85
Trd, 2591483.313, 115
Trd, 2591484.013, 116
Trd, 2591484.646, 109
Trd, 2591485.846, 112
Trd, 2591486.046, 113
Trd, 2591487.196, 113
Trd, 2591487.529, 112
Trd, 2591487.846, 112
Trd, 2591489.963, 112
Trd, 2591490.463, 112
Trd, 2591491.779, 108
Trd, 2591491.913, 105
Trd, 2591492.396, 102
Trd, 2591492.896, 98
Trd, 2591493.196, 100
Trd, 2591493.846, 97
Trd, 2591494.446, 94
Trd, 2591494.779, 94
Trd, 2591496.646, 89
Trd, 2591496.729, 90
Trd, 2591497.429, 90
Trd, 2591497.713, 89
Trd, 2591499.229, 100
Trd, 2591499.879, 100
Trd, 2591500.346, 99
Trd, 2591500.379, 101
Trd, 2591500.429, 108
Trd, 2591500.963, 100
Trd, 2591502.046, 100
Trd, 2591502.229, 98
Trd, 2591502.479, 95
Trd, 2591502.546, 108
Trd, 2591504.646, 103
Trd, 2591505.029, 103
Trd, 2591506.146, 101
Trd, 2591506.713, 116
Trd, 2591507.729, 112
Trd, 2591507.913, 112
Trd, 2591508.429, 111
Trd, 2591508.529, 94
Trd, 2591509.996, 93
Trd, 2591510.113, 91
Trd, 2591511.579, 86
Trd, 2591513.096, 96
Trd, 2591514.463, 93
Trd, 2591514.579, 91
Trd, 2591515.013, 94
Trd, 2591515.429, 93
Trd, 2591515.446, 94
Trd, 2591515.479, 108
Trd, 2591516.496, 114
Trd, 2591518.229, 106
Trd, 2591519.696, 110
Trd, 2591519.996, 109
Trd, 2591520.079, 106
Trd, 2591520.896, 105
Trd, 2591521.146, 105
Trd, 2591522.246, 105
Trd, 2591522.796, 105
Trd, 2591523.279, 106
Trd, 2591524.329, 108
Trd, 2591524.746, 107
Trd, 2591525.813, 111
Trd, 2591526.746, 113
Trd, 2591527.029, 110
Trd, 2591527.446, 111
Trd, 2591528.029, 111
Trd, 2591528.296, 110
Trd, 2591528.729, 111
Trd, 2591528.796, 104
Trd, 2591529.363, 98
Trd, 2591529.429, 113
Trd, 2591531.313, 97
Trd, 2591531.996, 96
Trd, 2591532.746, 103
Trd, 2591533.763, 96
Trd, 2591533.946, 101
Trd, 2591534.463, 102
Trd, 2591534.963, 97
Trd, 2591536.046, 106
Trd, 2591536.729, 98
Trd, 2591539.729, 108
Trd, 2591539.779, 106
Trd, 2591539.863, 105
Trd, 2591540.379, 101
Trd, 2591540.879, 110
Trd, 2591541.129, 94
Trd, 2591541.646, 108
Trd, 2591542.946, 94
Trd, 2591543.896, 92
Trd, 2591544.129, 95
Trd, 2591544.446, 97
Trd, 2591544.979, 98
Trd, 2591545.979, 98
Trd, 2591546.796, 101
Trd, 2591546.879, 102
Trd, 2591547.113, 108
Trd, 2591548.846, 110
Trd, 2591549.563, 108
Trd, 2591550.563, 109
Trd, 2591550.996, 109
Trd, 2591551.179, 107
Trd, 2591552.029, 104
Trd, 2591553.263, 98
Trd, 2591553.879, 101
Trd, 2591554.163, 92
Trd, 2591554.646, 96
Trd, 2591555.579, 93
Trd, 2591555.913, 93
Trd, 2591556.329, 92
Trd, 2591556.963, 91
Trd, 2591558.096, 85
Trd, 2591559.163, 89
Trd, 2591559.713, 91
Trd, 2591560.029, 93
Trd, 2591560.596, 94
Trd, 2591561.446, 99
Trd, 2591562.029, 105
Trd, 2591562.496, 105
Trd, 2591563.329, 103
Trd, 2591563.829, 103
Trd, 2591564.446, 102
Trd, 2591565.096, 88
Trd, 2591565.529, 89
Trd, 2591566.079, 99
Trd, 2591567.213, 98
Trd, 2591567.379, 97
Trd, 2591568.396, 107
Trd, 2591568.546, 108
Trd, 2591569.413, 106
Trd, 2591570.729, 109
Trd, 2591570.879, 110
Trd, 2591571.146, 102
Trd, 2591572.179, 104
Trd, 2591573.463, 100
Trd, 2591573.946, 99
Trd, 2591574.396, 94
Trd, 2591574.429, 91
Trd, 2591574.996, 98
Trd, 2591575.546, 93
Trd, 2591576.279, 94
Trd, 2591577.029, 93
Trd, 2591577.613, 84
Trd, 2591577.913, 86
Trd, 2591579.213, 86
Trd, 2591579.579, 87
Trd, 2591580.763, 87
Trd, 2591581.763, 94
Trd, 2591583.063, 96
Trd, 2591583.079, 95
Trd, 2591583.846, 94
Trd, 2591585.379, 95
Trd, 2591586.596, 94
Trd, 2591586.746, 95
Trd, 2591587.096, 96
Trd, 2591588.363, 96
Trd, 2591588.879, 98
Trd, 2591589.129, 98
Trd, 2591589.796, 99
Trd, 2591589.813, 101
Trd, 2591590.363, 106
Trd, 2591590.646, 106
Trd, 2591590.913, 108
Trd, 2591591.179, 98
Trd, 2591592.446, 95
Trd, 2591592.763, 99
Trd, 2591592.829, 101
Trd, 2591594.563, 98
Trd, 2591594.896, 97
Trd, 2591595.796, 97
Trd, 2591597.079, 93
Trd, 2591599.163, 100
Trd, 2591599.346, 97
Trd, 2591599.946, 95
Trd, 2591600.663, 97
Trd, 2591601.046, 97
Trd, 2591601.396, 94
Trd, 2591601.929, 95
Trd, 2591603.079, 96
Trd, 2591603.196, 97
Trd, 2591604.863, 100
Trd, 2591605.379, 99
Trd, 2591605.479, 95
Trd, 2591605.963, 101
Trd, 2591607.413, 99
Trd, 2591607.763, 100
Trd, 2591607.829, 105
Trd, 2591608.763, 102
Trd, 2591609.396, 100
Trd, 2591610.729, 105
Trd, 2591611.279, 106
Trd, 2591612.679, 105
Trd, 2591612.863, 106
Trd, 2591613.296, 104
Trd, 2591613.929, 107
Trd, 2591614.563, 108
Trd, 2591615.113, 108
Trd, 2591615.763, 108
Trd, 2591616.413, 108
Trd, 2591616.646, 103
Trd, 2591617.546, 98
Trd, 2591618.546, 94
Trd, 2591619.413, 101
Trd, 2591620.546, 96
Trd, 2591620.629, 98
Trd, 2591621.446, 112
Trd, 2591621.979, 112
Trd, 2591622.313, 112
Trd, 2591622.463, 113
Trd, 2591622.929, 110
Trd, 2591623.363, 104
Trd, 2591624.196, 98
Trd, 2591624.346, 90
Trd, 2591624.496, 111
Trd, 2591624.829, 91
Trd, 2591625.896, 103
Trd, 2591627.029, 98
Trd, 2591627.113, 98
Trd, 2591627.129, 97
Trd, 2591627.746, 98
Trd, 2591627.796, 95
Trd, 2591628.379, 97
Trd, 2591628.879, 98
Trd, 2591631.146, 93
Trd, 2591632.746, 96
Trd, 2591633.263, 96
Trd, 2591633.746, 101
Trd, 2591634.229, 94
Trd, 2591634.996, 103
Trd, 2591635.729, 112
Trd, 2591636.029, 109
Trd, 2591637.179, 96
Trd, 2591637.263, 108
Trd, 2591638.763, 105
Trd, 2591639.196, 98
Trd, 2591640.179, 100
Trd, 2591640.546, 101
Trd, 2591641.196, 98
Trd, 2591642.429, 98
Trd, 2591642.763, 99
Trd, 2591643.013, 94
Trd, 2591643.146, 108
Trd, 2591643.496, 114
Trd, 2591643.513, 91
Trd, 2591645.879, 97
Trd, 2591646.846, 88
Trd, 2591647.246, 94
Trd, 2591648.263, 93
Trd, 2591648.679, 95
Trd, 2591649.229, 95
Trd, 2591649.263, 98
Trd, 2591650.279, 94
Trd, 2591651.413, 97
Trd, 2591651.529, 93
Trd, 2591651.863, 91
Trd, 2591652.563, 90
Trd, 2591653.879, 91
Trd, 2591654.813, 91
Trd, 2591655.063, 92
Trd, 2591655.479, 98
Trd, 2591656.363, 101
Trd, 2591658.063, 107
Trd, 2591658.429, 107
Trd, 2591658.663, 105
Trd, 2591659.479, 100
Trd, 2591659.563, 98
Trd, 2591660.079, 100
Trd, 2591660.163, 100
Trd, 2591660.679, 100
Trd, 2591660.746, 100
Trd, 2591661.096, 101
Trd, 2591662.263, 101
Trd, 2591662.413, 100
Trd, 2591663.463, 95
Trd, 2591664.179, 113
Trd, 2591664.513, 117
Trd, 2591666.796, 111
Trd, 2591667.179, 109
Trd, 2591667.446, 110
Trd, 2591667.513, 108
Trd, 2591667.713, 105
Trd, 2591667.763, 94
Trd, 2591668.113, 111
Trd, 2591668.696, 91
Trd, 2591669.963, 107
Trd, 2591671.246, 95
Trd, 2591672.029, 100
Trd, 2591672.746, 100
Trd, 2591673.246, 100
Trd, 2591674.129, 99
Trd, 2591674.313, 100
Trd, 2591674.779, 100
Trd, 2591675.296, 98
Trd, 2591675.313, 91
Trd, 2591675.813, 101
Trd, 2591677.013, 84
Trd, 2591678.379, 93
Trd, 2591678.529, 93
Trd, 2591680.346, 95
Trd, 2591681.163, 94
Trd, 2591681.596, 94
Trd, 2591682.296, 93
Trd, 2591682.579, 92
Trd, 2591682.896, 98
Trd, 2591682.929, 101
Trd, 2591683.379, 108
Trd, 2591684.163, 106
Trd, 2591684.479, 112
Trd, 2591684.663, 106
Trd, 2591685.329, 117
Trd, 2591686.996, 117
Trd, 2591687.696, 118
Trd, 2591688.329, 115
Trd, 2591688.596, 126
Trd, 2591688.996, 106
Trd, 2591689.229, 105
Trd, 2591690.746, 112
Trd, 2591691.779, 112
Trd, 2591693.579, 101
Trd, 2591694.746, 101
Trd, 2591694.796, 98
Trd, 2591695.379, 96
Trd, 2591695.613, 97
Trd, 2591695.996, 98
Trd, 2591696.529, 94
Trd, 2591696.846, 95
Trd, 2591697.796, 98
Trd, 2591698.663, 96
Trd, 2591700.096, 97
Trd, 2591701.796, 99
Trd, 2591702.796, 101
Trd, 2591702.813, 99
Trd, 2591702.946, 107
Trd, 2591704.013, 107
Trd, 2591704.729, 103
Trd, 2591705.596, 103
Trd, 2591705.763, 111
Trd, 2591706.029, 112
Trd, 2591706.163, 109
Trd, 2591708.179, 102
Trd, 2591708.346, 102
Trd, 2591708.596, 101
Trd, 2591710.329, 114
Trd, 2591710.913, 114
Trd, 2591712.179, 115
Trd, 2591713.246, 106
Trd, 2591713.296, 105
Trd, 2591713.446, 94
Trd, 2591713.846, 88
Trd, 2591714.113, 98
Trd, 2591717.046, 96
Trd, 2591717.063, 95
Trd, 2591717.213, 91
Trd, 2591719.063, 93
Trd, 2591719.396, 94
Trd, 2591719.896, 94
Trd, 2591720.463, 97
Trd, 2591720.763, 95
Trd, 2591721.163, 96
Trd, 2591721.346, 97
Trd, 2591721.696, 97
Trd, 2591722.063, 98
Trd, 2591722.246, 97
Trd, 2591722.296, 100
Trd, 2591724.246, 100
Trd, 2591724.479, 100
Trd, 2591724.863, 106
Trd, 2591725.213, 101
Trd, 2591725.579, 107
Trd, 2591725.613, 108
Trd, 2591725.629, 105
Trd, 2591726.363, 107
Trd, 2591729.379, 105
Trd, 2591729.746, 102
Trd, 2591731.129, 99
Trd, 2591732.613, 100
Trd, 2591732.646, 99
Trd, 2591733.329, 98
Trd, 2591734.063, 99
Trd, 2591734.313, 99
Trd, 2591734.546, 98
Trd, 2591734.696, 100
Trd, 2591735.346, 94
Trd, 2591735.596, 91
Trd, 2591735.863, 105
Trd, 2591736.563, 88
Trd, 2591737.613, 89
Trd, 2591737.663, 92
Trd, 2591738.113, 90
Trd, 2591738.346, 91
Trd, 2591738.563, 88
Trd, 2591738.963, 88
Trd, 2591740.496, 106
Trd, 2591743.146, 97
Trd, 2591743.646, 97
Trd, 2591743.779, 102
Trd, 2591743.863, 96
Trd, 2591745.963, 98
Trd, 2591746.479, 99
Trd, 2591746.596, 98
Trd, 2591746.946, 98
Trd, 2591747.313, 108
Trd, 2591748.296, 111
Trd, 2591748.663, 94
Trd, 2591750.113, 112
Trd, 2591750.546, 84
Trd, 2591751.963, 97
Trd, 2591753.696, 103
Trd, 2591753.813, 100
Trd, 2591754.246, 101
Trd, 2591754.479, 99
Trd, 2591754.829, 98
Trd, 2591755.729, 97
Trd, 2591755.763, 99
Trd, 2591757.879, 100
Trd, 2591758.513, 100
Trd, 2591758.913, 101
Trd, 2591759.913, 112
Trd, 2591759.996, 113
Trd, 2591761.313, 100
Trd, 2591761.879, 98
Trd, 2591762.313, 95
Trd, 2591762.679, 94
Trd, 2591762.896, 96
Trd, 2591762.963, 98
Trd, 2591763.479, 91
Trd, 2591766.329, 89
Trd, 2591766.546, 88
Trd, 2591767.513, 87
Trd, 2591767.963, 84
Trd, 2591768.296, 85
Trd, 2591768.513, 89
Trd, 2591769.646, 84
Trd, 2591770.479, 86
Trd, 2591770.513, 96
Trd, 2591770.779, 99
Trd, 2591770.829, 101
Trd, 2591772.396, 111
Trd, 2591773.963, 100
Trd, 2591774.813, 105
Trd, 2591774.929, 100
Trd, 2591775.313, 105
Trd, 2591775.379, 107
Trd, 2591775.813, 103
Trd, 2591777.479, 109
Trd, 2591777.696, 109
Trd, 2591779.579, 116
Trd, 2591779.779, 113
Trd, 2591780.046, 118
Trd, 2591781.329, 108
Trd, 2591782.046, 98
Trd, 2591782.829, 94
Trd, 2591783.179, 110
Trd, 2591783.279, 92
Trd, 2591783.829, 107
Trd, 2591786.313, 101
Trd, 2591786.546, 101
Trd, 2591787.363, 100
Trd, 2591787.613, 92
Trd, 2591788.879, 97
Trd, 2591788.946, 98
Trd, 2591789.279, 97
Trd, 2591789.929, 92
Trd, 2591790.763, 96
Trd, 2591790.779, 90
Trd, 2591790.863, 97
Trd, 2591791.246, 103
Trd, 2591791.513, 106
Trd, 2591791.563, 92
Trd, 2591792.096, 105
Trd, 2591793.896, 91
Trd, 2591794.429, 104
Trd, 2591794.763, 86
Trd, 2591795.113, 105
Trd, 2591795.379, 107
Trd, 2591796.963, 88
Trd, 2591797.529, 88
Trd, 2591797.846, 105
Trd, 2591799.679, 97
Trd, 2591799.779, 96
Trd, 2591800.313, 100
Trd, 2591801.679, 97
Trd, 2591801.963, 95
Trd, 2591803.179, 97
Trd, 2591803.196, 96
Trd, 2591803.913, 97
Trd, 2591804.046, 98
Trd, 2591804.163, 101
Trd, 2591804.663, 95
Trd, 2591805.479, 98
Trd, 2591806.279, 100
Trd, 2591807.046, 103
Trd, 2591807.479, 91
Trd, 2591807.763, 90
Trd, 2591808.879, 86
Trd, 2591810.146, 103
Trd, 2591810.529, 90
Trd, 2591811.413, 97
Trd, 2591811.713, 98
Trd, 2591813.396, 97
Trd, 2591813.463, 99
Trd, 2591814.046, 97
Trd, 2591814.479, 97
Trd, 2591814.579, 98
Trd, 2591815.729, 99
Trd, 2591816.229, 100
Trd, 2591816.529, 101
Trd, 2591818.096, 107
Trd, 2591818.296, 103
Trd, 2591819.513, 106
Trd, 2591819.913, 105
Trd, 2591820.813, 107
Trd, 2591821.646, 107
Trd, 2591822.596, 94
Trd, 2591822.963, 92
Trd, 2591823.163, 106
Trd, 2591823.196, 90
Trd, 2591824.796, 88
Trd, 2591825.279, 105
Trd, 2591826.129, 105
Trd, 2591826.563, 107
Trd, 2591828.263, 102
Trd, 2591828.513, 102
Trd, 2591828.646, 103
Trd, 2591828.796, 102
Trd, 2591830.063, 108
Trd, 2591831.096, 108
Trd, 2591831.163, 109
Trd, 2591832.713, 99
Trd, 2591832.896, 98
Trd, 2591833.563, 96
Trd, 2591834.363, 95
Trd, 2591834.413, 106
Trd, 2591835.596, 97
Trd, 2591835.763, 105
Trd, 2591836.479, 94
Trd, 2591837.013, 91
Trd, 2591837.163, 91
Trd, 2591839.196, 104
Trd, 2591840.396, 104
Trd, 2591840.579, 105
Trd, 2591840.796, 104
Trd, 2591840.896, 108
Trd, 2591841.079, 103
Trd, 2591843.196, 108
Trd, 2591844.546, 111
Trd, 2591845.913, 109
Trd, 2591846.563, 105
Trd, 2591847.463, 98
Trd, 2591848.479, 101
Trd, 2591849.113, 101
Trd, 2591849.479, 99
Trd, 2591850.846, 104
Trd, 2591851.229, 114
Trd, 2591851.763, 114
Trd, 2591851.829, 114
Trd, 2591852.179, 114
Trd, 2591852.246, 116
Trd, 2591852.746, 114
Trd, 2591853.779, 112
Trd, 2591854.063, 106
Trd, 2591855.179, 108
Trd, 2591855.646, 105
Trd, 2591856.029, 104
Trd, 2591856.346, 105
Trd, 2591857.213, 105
Trd, 2591857.396, 99
Trd, 2591859.163, 98
Trd, 2591860.363, 95
Trd, 2591861.229, 96
Trd, 2591861.846, 95
Trd, 2591862.246, 92
Trd, 2591862.846, 95
Trd, 2591863.529, 94
Trd, 2591863.896, 95
Trd, 2591864.046, 94
Trd, 2591864.079, 108
Trd, 2591865.829, 96
Trd, 2591866.946, 103
Trd, 2591867.896, 99
Trd, 2591868.529, 100
Trd, 2591868.563, 93
Trd, 2591869.063, 96
Trd, 2591869.846, 94
Trd, 2591870.063, 97
Trd, 2591870.396, 94
Trd, 2591871.046, 94
Trd, 2591871.179, 94
Trd, 2591872.946, 96
Trd, 2591873.713, 98
Trd, 2591874.496, 101
Trd, 2591874.696, 101
Trd, 2591874.846, 101
Trd, 2591875.446, 108
Trd, 2591875.796, 118
Trd, 2591876.163, 114
Trd, 2591877.463, 114
Trd, 2591877.696, 112
Trd, 2591878.063, 110
Trd, 2591878.096, 111
Trd, 2591879.163, 106
Trd, 2591879.213, 105
Trd, 2591880.979, 97
Trd, 2591882.163, 103
Trd, 2591882.479, 97
Trd, 2591882.779, 95
Trd, 2591884.096, 98
Trd, 2591884.479, 100
Trd, 2591886.329, 97
Trd, 2591886.496, 94
Trd, 2591887.729, 98
Trd, 2591888.196, 98
Trd, 2591888.563, 99
Trd, 2591888.663, 98
Trd, 2591888.929, 101
Trd, 2591891.029, 108
Trd, 2591892.279, 106
Trd, 2591892.679, 105
Trd, 2591893.246, 104
Trd, 2591893.629, 106
Trd, 2591893.646, 107
Trd, 2591893.663, 108
Trd, 2591893.796, 98
Trd, 2591895.213, 109
Trd, 2591895.296, 95
Trd, 2591896.096, 94
Trd, 2591896.579, 97
Trd, 2591897.379, 98
Trd, 2591897.779, 101
Trd, 2591898.246, 100
Trd, 2591899.229, 100
Trd, 2591900.146, 95
Trd, 2591900.196, 94
Trd, 2591900.529, 91
Trd, 2591900.829, 93
Trd, 2591902.429, 93
Trd, 2591903.313, 94
Trd, 2591903.713, 93
Trd, 2591903.829, 98
Trd, 2591905.046, 101
Trd, 2591905.479, 113
Trd, 2591905.579, 97
Trd, 2591907.946, 104
Trd, 2591908.179, 103
Trd, 2591908.229, 101
Trd, 2591908.896, 98
Trd, 2591909.546, 96
Trd, 2591910.463, 94
Trd, 2591910.763, 94
Trd, 2591910.963, 95
Trd, 2591911.396, 96
Trd, 2591911.579, 98
Trd, 2591911.663, 90
Trd, 2591912.863, 107
Trd, 2591913.879, 106
Trd, 2591915.729, 107
Trd, 2591916.779, 111
Trd, 2591918.163, 113
Trd, 2591919.446, 106
Trd, 2591921.013, 108
Trd, 2591921.313, 109
Trd, 2591921.879, 107
Trd, 2591921.896, 108
Trd, 2591921.996, 105
Trd, 2591923.013, 98
Trd, 2591923.296, 96
Trd, 2591923.613, 105
Trd, 2591924.629, 104
Trd, 2591924.796, 98
Trd, 2591925.229, 101
Trd, 2591925.363, 102
Trd, 2591925.763, 101
Trd, 2591926.013, 99
Trd, 2591927.563, 98
Trd, 2591928.163, 99
Trd, 2591928.279, 101
Trd, 2591928.563, 94
Trd, 2591928.596, 106
Trd, 2591929.129, 93
Trd, 2591930.329, 105
Trd, 2591932.746, 94
Trd, 2591933.146, 100
Trd, 2591934.229, 100
Trd, 2591934.563, 98
Trd, 2591935.396, 94
Trd, 2591936.363, 96
Trd, 2591937.579, 95
Trd, 2591938.313, 95
Trd, 2591938.763, 94
Trd, 2591938.779, 93
Trd, 2591939.396, 92
Trd, 2591940.663, 94
Trd, 2591941.813, 94
Trd, 2591943.513, 91
Trd, 2591943.529, 94
Trd, 2591943.563, 90
Trd, 2591943.629, 98
Trd, 2591944.029, 101
Trd, 2591944.529, 108
Trd, 2591946.813, 111
Trd, 2591947.496, 103
Trd, 2591948.213, 104
Trd, 2591949.263, 106
Trd, 2591949.379, 106
Trd, 2591949.479, 105
Trd, 2591949.613, 106
Trd, 2591950.013, 104
Trd, 2591950.796, 106
Trd, 2591951.229, 107
Trd, 2591951.246, 98
Trd, 2591953.546, 105
Trd, 2591954.063, 105
Trd, 2591955.146, 103
Trd, 2591955.529, 103
Trd, 2591955.629, 103
Trd, 2591957.546, 101
Trd, 2591957.763, 102
Trd, 2591957.929, 108
Trd, 2591958.079, 101
Trd, 2591959.163, 102
Trd, 2591959.729, 98
Trd, 2591960.546, 106
Trd, 2591961.763, 98
Trd, 2591962.596, 108
Trd, 2591963.913, 112
Trd, 2591964.079, 105
Trd, 2591964.896, 109
Trd, 2591965.329, 107
Trd, 2591965.963, 108
Trd, 2591966.446, 107
Trd, 2591967.046, 107
Trd, 2591967.196, 106
Trd, 2591968.846, 97
Trd, 2591970.296, 98
Trd, 2591970.696, 98
Trd, 2591970.746, 99
Trd, 2591971.246, 100
Trd, 2591971.279, 101
Trd, 2591971.379, 97
Trd, 2591972.979, 105
Trd, 2591973.246, 99
Trd, 2591973.763, 103
Trd, 2591974.679, 98
Trd, 2591975.663, 98
Trd, 2591976.129, 98
Trd, 2591976.813, 103
Trd, 2591977.529, 99
Trd, 2591978.729, 103
Trd, 2591979.179, 102
Trd, 2591979.963, 101
Trd, 2591981.013, 103
Trd, 2591981.463, 94
Trd, 2591983.913, 97
Trd, 2591984.013, 95
Trd, 2591984.346, 93
Trd, 2591984.413, 91
Trd, 2591984.863, 98
Trd, 2591985.846, 88
Trd, 2591986.546, 99
Trd, 2591986.879, 101
Trd, 2591988.113, 105
Trd, 2591988.346, 105
Trd, 2591988.746, 105
Trd, 2591989.613, 108
Trd, 2591990.096, 111
Trd, 2591991.496, 110
Trd, 2591991.729, 109
Trd, 2591992.629, 111
Trd, 2591992.713, 109
Trd, 2591993.029, 108
Trd, 2591994.029, 99
Trd, 2591994.313, 105
Trd, 2591995.563, 101
Trd, 2591995.596, 98
Trd, 2591996.513, 99
Trd, 2591997.246, 98
Trd, 2591997.529, 97
Trd, 2591998.413, 95
Trd, 2591999.796, 96
