Trd, 2590677.179, 92
Trd, 2590678.563, 91
Trd, 2590679.863, 114
Trd, 2590680.196, 91
Trd, 2590680.679, 102
Trd, 2590680.846, 94
Trd, 2590680.896, 115
Trd, 2590681.096, 110
Trd, 2590681.163, 116
Trd, 2590681.546, 116
Trd, 2590681.646, 90
Trd, 2590681.979, 118
Trd, 2590682.629, 86
Trd, 2590682.846, 109
Trd, 2590684.079, 102
Trd, 2590685.479, 95
Trd, 2590686.113, 94
Trd, 2590686.263, 91
Trd, 2590687.796, 104
Trd, 2590689.546, 102
Trd, 2590689.946, 96
Trd, 2590691.246, 102
Trd, 2590691.813, 112
Trd, 2590692.246, 107
Trd, 2590693.013, 105
Trd, 2590693.229, 93
Trd, 2590694.129, 93
Trd, 2590694.896, 104
Trd, 2590695.213, 110
Trd, 2590696.196, 116
Trd, 2590696.663, 118
Trd, 2590696.679, 99
Trd, 2590697.213, 122
Trd, 2590697.463, 98
Trd, 2590697.629, 108
Trd, 2590698.313, 95
Trd, 2590700.696, 123
Trd, 2590700.913, 92
Trd, 2590701.929, 90
Trd, 2590702.079, 103
Trd, 2590702.713, 86
Trd, 2590702.896, 93
Trd, 2590703.363, 85
Trd, 2590703.513, 95
Trd, 2590704.596, 111
Trd, 2590704.663, 115
Trd, 2590705.529, 106
Trd, 2590706.113, 124
Trd, 2590706.379, 124
Trd, 2590707.713, 93
Trd, 2590709.029, 103
Trd, 2590709.579, 114
Trd, 2590709.779, 88
Trd, 2590710.079, 84
Trd, 2590711.129, 87
Trd, 2590711.579, 87
Trd, 2590712.446, 104
Trd, 2590714.913, 97
Trd, 2590716.813, 94
Trd, 2590716.846, 94
Trd, 2590717.646, 90
Trd, 2590717.879, 105
Trd, 2590717.946, 90
Trd, 2590718.329, 116
Trd, 2590718.446, 101
Trd, 2590718.646, 87
Trd, 2590719.363, 84
Trd, 2590719.446, 112
Trd, 2590719.696, 115
Trd, 2590720.129, 105
Trd, 2590720.313, 119
Trd, 2590720.346, 121
Trd, 2590721.263, 127
Trd, 2590721.829, 97
Trd, 2590721.863, 96
Trd, 2590723.229, 107
Trd, 2590723.679, 101
Trd, 2590724.296, 116
Trd, 2590724.696, 99
Trd, 2590726.096, 110
Trd, 2590726.963, 92
Trd, 2590727.663, 105
Trd, 2590727.863, 94
Trd, 2590728.496, 90
Trd, 2590728.713, 88
Trd, 2590729.396, 117
Trd, 2590730.163, 118
Trd, 2590730.446, 96
Trd, 2590731.563, 104
Trd, 2590732.163, 107
Trd, 2590733.363, 102
Trd, 2590734.179, 95
Trd, 2590735.479, 115
Trd, 2590735.579, 119
Trd, 2590736.646, 85
Trd, 2590737.413, 93
Trd, 2590737.646, 108
Trd, 2590737.996, 109
Trd, 2590738.113, 113
Trd, 2590738.363, 94
Trd, 2590740.029, 88
Trd, 2590740.463, 96
Trd, 2590740.879, 91
Trd, 2590741.079, 105
Trd, 2590741.129, 116
Trd, 2590742.829, 98
Trd, 2590742.879, 83
Trd, 2590743.096, 118
Trd, 2590743.563, 124
Trd, 2590745.296, 118
Trd, 2590745.463, 97
Trd, 2590746.613, 101
Trd, 2590746.646, 94
Trd, 2590747.679, 107
Trd, 2590748.046, 94
Trd, 2590749.113, 101
Trd, 2590749.479, 84
Trd, 2590749.979, 107
Trd, 2590750.296, 92
Trd, 2590751.163, 105
Trd, 2590751.179, 90
Trd, 2590751.413, 126
Trd, 2590751.713, 91
Trd, 2590753.663, 94
Trd, 2590753.713, 89
Trd, 2590753.763, 113
Trd, 2590754.629, 116
Trd, 2590755.929, 101
Trd, 2590757.646, 101
Trd, 2590758.579, 95
Trd, 2590758.929, 92
Trd, 2590759.096, 90
Trd, 2590759.346, 96
Trd, 2590759.979, 108
Trd, 2590760.163, 120
Trd, 2590761.296, 89
Trd, 2590761.413, 92
Trd, 2590761.479, 89
Trd, 2590761.513, 86
Trd, 2590762.146, 92
Trd, 2590762.446, 82
Trd, 2590762.846, 110
Trd, 2590763.863, 112
Trd, 2590764.429, 106
Trd, 2590764.663, 84
Trd, 2590765.229, 118
Trd, 2590767.679, 107
Trd, 2590768.046, 112
Trd, 2590768.713, 95
Trd, 2590769.246, 117
Trd, 2590770.029, 93
Trd, 2590770.313, 115
Trd, 2590771.146, 115
Trd, 2590771.596, 120
Trd, 2590772.629, 104
Trd, 2590773.213, 100
Trd, 2590773.696, 100
Trd, 2590773.779, 94
Trd, 2590773.813, 86
Trd, 2590774.113, 88
Trd, 2590775.713, 88
Trd, 2590776.446, 115
Trd, 2590778.079, 98
Trd, 2590778.113, 94
Trd, 2590778.563, 117
Trd, 2590779.096, 98
Trd, 2590779.896, 91
Trd, 2590780.163, 115
Trd, 2590780.463, 118
Trd, 2590780.813, 124
Trd, 2590782.679, 99
Trd, 2590784.029, 100
Trd, 2590784.296, 106
Trd, 2590784.363, 95
Trd, 2590784.846, 91
Trd, 2590786.246, 94
Trd, 2590786.329, 92
Trd, 2590787.296, 105
Trd, 2590788.713, 109
Trd, 2590788.729, 107
Trd, 2590789.096, 101
Trd, 2590789.629, 117
Trd, 2590789.746, 89
Trd, 2590789.929, 87
Trd, 2590790.496, 123
Trd, 2590790.929, 98
Trd, 2590791.729, 121
Trd, 2590793.146, 99
Trd, 2590794.313, 102
Trd, 2590794.463, 101
Trd, 2590794.979, 80
Trd, 2590795.296, 109
Trd, 2590797.279, 88
Trd, 2590797.596, 110
Trd, 2590797.763, 119
Trd, 2590798.029, 105
Trd, 2590799.096, 118
Trd, 2590799.546, 94
Trd, 2590799.596, 118
Trd, 2590800.146, 92
Trd, 2590800.846, 112
Trd, 2590801.779, 94
Trd, 2590801.863, 95
Trd, 2590802.413, 89
Trd, 2590802.479, 90
Trd, 2590802.713, 105
Trd, 2590802.879, 84
Trd, 2590805.113, 115
Trd, 2590805.496, 82
Trd, 2590806.713, 99
Trd, 2590806.796, 100
Trd, 2590806.879, 101
Trd, 2590807.463, 97
Trd, 2590807.513, 124
Trd, 2590808.313, 99
Trd, 2590811.179, 102
Trd, 2590811.396, 97
Trd, 2590812.446, 104
Trd, 2590813.346, 110
Trd, 2590814.663, 91
Trd, 2590815.729, 89
Trd, 2590816.779, 90
Trd, 2590817.779, 102
Trd, 2590818.496, 99
Trd, 2590818.829, 111
Trd, 2590818.979, 114
Trd, 2590819.079, 95
Trd, 2590819.963, 87
Trd, 2590820.496, 88
Trd, 2590820.529, 103
Trd, 2590820.663, 116
Trd, 2590820.929, 121
Trd, 2590821.679, 94
Trd, 2590821.929, 82
Trd, 2590823.746, 96
Trd, 2590823.779, 105
Trd, 2590823.813, 128
Trd, 2590824.713, 107
Trd, 2590825.996, 86
Trd, 2590826.396, 90
Trd, 2590827.963, 105
Trd, 2590828.113, 89
Trd, 2590828.746, 120
Trd, 2590829.646, 101
Trd, 2590830.046, 115
Trd, 2590830.196, 96
Trd, 2590830.646, 104
Trd, 2590832.913, 103
Trd, 2590834.379, 80
Trd, 2590835.013, 81
Trd, 2590835.029, 70
Trd, 2590836.096, 101
Trd, 2590836.263, 111
Trd, 2590836.929, 114
Trd, 2590836.996, 101
Trd, 2590838.263, 104
Trd, 2590838.413, 120
Trd, 2590838.579, 122
Trd, 2590838.846, 117
Trd, 2590839.529, 100
Trd, 2590839.763, 97
Trd, 2590839.846, 107
Trd, 2590840.529, 118
Trd, 2590840.863, 120
Trd, 2590842.929, 94
Trd, 2590843.146, 88
Trd, 2590843.363, 97
Trd, 2590844.096, 88
Trd, 2590844.829, 97
Trd, 2590845.763, 98
Trd, 2590846.229, 97
Trd, 2590847.329, 108
Trd, 2590847.429, 101
Trd, 2590848.679, 107
Trd, 2590848.729, 110
Trd, 2590849.813, 122
Trd, 2590850.163, 94
Trd, 2590850.479, 122
Trd, 2590850.979, 126
Trd, 2590851.846, 94
Trd, 2590852.279, 91
Trd, 2590852.696, 86
Trd, 2590853.779, 116
Trd, 2590854.129, 123
Trd, 2590854.229, 125
Trd, 2590854.763, 126
Trd, 2590855.163, 115
Trd, 2590856.613, 96
Trd, 2590857.046, 94
Trd, 2590857.096, 91
Trd, 2590857.179, 88
Trd, 2590857.729, 111
Trd, 2590859.713, 93
Trd, 2590860.696, 87
Trd, 2590860.729, 86
Trd, 2590861.979, 111
Trd, 2590863.063, 111
Trd, 2590863.113, 125
Trd, 2590863.329, 129
Trd, 2590863.346, 131
Trd, 2590863.963, 81
Trd, 2590864.263, 81
Trd, 2590865.479, 110
Trd, 2590867.379, 100
Trd, 2590868.096, 97
Trd, 2590868.513, 94
Trd, 2590868.663, 95
Trd, 2590870.679, 91
Trd, 2590871.696, 103
Trd, 2590871.896, 98
Trd, 2590871.963, 94
Trd, 2590872.246, 110
Trd, 2590872.263, 90
Trd, 2590872.379, 90
Trd, 2590872.963, 94
Trd, 2590874.246, 106
Trd, 2590876.229, 101
Trd, 2590876.296, 93
Trd, 2590876.813, 115
Trd, 2590876.846, 117
Trd, 2590878.013, 115
Trd, 2590878.929, 118
Trd, 2590879.363, 101
Trd, 2590879.429, 97
Trd, 2590880.713, 86
Trd, 2590880.929, 109
Trd, 2590882.479, 111
Trd, 2590882.663, 99
Trd, 2590883.263, 95
Trd, 2590883.729, 108
Trd, 2590884.763, 100
Trd, 2590885.079, 97
Trd, 2590885.246, 89
Trd, 2590886.363, 109
Trd, 2590887.279, 113
Trd, 2590887.463, 119
Trd, 2590888.246, 87
Trd, 2590888.263, 116
Trd, 2590888.679, 122
Trd, 2590888.796, 82
Trd, 2590889.279, 124
Trd, 2590891.046, 92
Trd, 2590891.429, 91
Trd, 2590892.513, 115
Trd, 2590892.746, 117
Trd, 2590892.913, 116
Trd, 2590893.213, 104
Trd, 2590893.546, 90
Trd, 2590893.613, 120
Trd, 2590895.929, 124
Trd, 2590896.196, 92
Trd, 2590896.946, 92
Trd, 2590896.979, 105
Trd, 2590897.413, 129
Trd, 2590897.513, 132
Trd, 2590898.113, 93
Trd, 2590899.096, 128
Trd, 2590900.313, 104
Trd, 2590901.063, 104
Trd, 2590901.279, 89
Trd, 2590902.196, 96
Trd, 2590903.246, 90
Trd, 2590904.679, 85
Trd, 2590904.713, 95
Trd, 2590906.313, 90
Trd, 2590908.096, 87
Trd, 2590908.196, 86
Trd, 2590908.779, 95
Trd, 2590909.046, 107
Trd, 2590910.013, 111
Trd, 2590910.863, 95
Trd, 2590911.463, 114
Trd, 2590911.529, 105
Trd, 2590912.246, 112
Trd, 2590912.329, 100
Trd, 2590913.329, 107
Trd, 2590913.413, 89
Trd, 2590914.079, 102
Trd, 2590915.346, 119
Trd, 2590915.379, 114
Trd, 2590915.963, 95
Trd, 2590916.313, 87
Trd, 2590916.463, 85
Trd, 2590918.246, 106
Trd, 2590918.513, 121
Trd, 2590920.046, 94
Trd, 2590920.213, 90
Trd, 2590921.029, 91
Trd, 2590921.063, 93
Trd, 2590921.446, 106
Trd, 2590921.563, 116
Trd, 2590922.146, 110
Trd, 2590922.713, 94
Trd, 2590922.779, 84
Trd, 2590923.113, 118
Trd, 2590923.596, 98
Trd, 2590924.746, 106
Trd, 2590925.879, 117
Trd, 2590926.879, 102
Trd, 2590927.113, 96
Trd, 2590927.546, 117
Trd, 2590927.946, 93
Trd, 2590928.579, 113
Trd, 2590928.779, 101
Trd, 2590929.529, 118
Trd, 2590931.196, 106
Trd, 2590932.896, 117
Trd, 2590933.579, 118
Trd, 2590933.629, 104
Trd, 2590933.829, 99
Trd, 2590933.879, 89
Trd, 2590933.913, 119
Trd, 2590934.846, 119
Trd, 2590935.946, 119
Trd, 2590936.013, 93
Trd, 2590936.363, 86
Trd, 2590936.546, 97
Trd, 2590938.246, 125
Trd, 2590939.663, 107
Trd, 2590940.263, 107
Trd, 2590940.796, 121
Trd, 2590940.846, 105
Trd, 2590940.863, 95
Trd, 2590941.079, 91
Trd, 2590941.613, 87
Trd, 2590942.029, 119
Trd, 2590942.229, 110
Trd, 2590942.596, 100
Trd, 2590943.346, 75
Trd, 2590943.879, 95
Trd, 2590944.713, 89
Trd, 2590945.613, 96
Trd, 2590946.346, 98
Trd, 2590946.879, 105
Trd, 2590947.196, 98
Trd, 2590947.996, 91
Trd, 2590950.029, 118
Trd, 2590950.179, 116
Trd, 2590950.763, 101
Trd, 2590951.813, 117
Trd, 2590953.246, 93
Trd, 2590954.196, 113
Trd, 2590955.096, 93
Trd, 2590955.229, 119
Trd, 2590955.563, 128
Trd, 2590956.063, 91
Trd, 2590956.713, 114
Trd, 2590956.913, 102
Trd, 2590957.179, 99
Trd, 2590957.363, 112
Trd, 2590957.763, 113
Trd, 2590958.746, 93
Trd, 2590960.179, 109
Trd, 2590960.546, 99
Trd, 2590960.646, 98
Trd, 2590960.746, 97
Trd, 2590961.913, 91
Trd, 2590962.129, 106
Trd, 2590962.313, 120
Trd, 2590963.046, 86
Trd, 2590964.629, 122
Trd, 2590966.129, 91
Trd, 2590967.263, 100
Trd, 2590967.596, 114
Trd, 2590968.113, 128
Trd, 2590968.196, 117
Trd, 2590968.746, 132
Trd, 2590969.079, 135
Trd, 2590970.079, 132
Trd, 2590970.629, 130
Trd, 2590970.829, 115
Trd, 2590971.129, 132
Trd, 2590971.546, 134
Trd, 2590972.296, 128
Trd, 2590973.296, 134
Trd, 2590973.796, 118
Trd, 2590974.496, 116
Trd, 2590975.463, 115
Trd, 2590976.329, 99
Trd, 2590976.579, 97
Trd, 2590977.463, 91
Trd, 2590977.563, 108
Trd, 2590978.413, 102
Trd, 2590979.129, 89
Trd, 2590981.729, 110
Trd, 2590981.779, 112
Trd, 2590981.863, 95
Trd, 2590982.329, 90
Trd, 2590982.746, 112
Trd, 2590983.996, 80
Trd, 2590984.013, 79
Trd, 2590984.979, 88
Trd, 2590985.229, 83
Trd, 2590985.779, 118
Trd, 2590986.896, 83
Trd, 2590987.396, 90
Trd, 2590987.713, 104
Trd, 2590988.363, 105
Trd, 2590989.246, 93
Trd, 2590989.379, 94
Trd, 2590990.279, 99
Trd, 2590991.346, 93
Trd, 2590991.746, 123
Trd, 2590991.996, 122
Trd, 2590992.663, 94
Trd, 2590993.046, 124
Trd, 2590994.346, 115
Trd, 2590994.463, 103
Trd, 2590996.313, 110
Trd, 2590996.396, 104
Trd, 2590996.463, 98
Trd, 2590997.279, 94
Trd, 2590997.463, 95
Trd, 2590997.479, 91
Trd, 2590998.229, 122
Trd, 2591000.063, 119
Trd, 2591000.563, 98
Trd, 2591000.846, 124
Trd, 2591000.996, 98
Trd, 2591003.063, 105
Trd, 2591003.079, 119
Trd, 2591003.329, 94
Trd, 2591004.563, 104
Trd, 2591005.796, 97
Trd, 2591006.296, 87
Trd, 2591007.846, 115
Trd, 2591008.446, 101
Trd, 2591008.496, 94
Trd, 2591008.679, 112
Trd, 2591009.229, 111
Trd, 2591009.463, 99
Trd, 2591009.929, 91
Trd, 2591010.413, 106
Trd, 2591011.079, 119
Trd, 2591011.613, 109
Trd, 2591011.829, 113
Trd, 2591012.879, 107
Trd, 2591014.146, 97
Trd, 2591015.346, 109
Trd, 2591017.213, 108
Trd, 2591017.713, 97
Trd, 2591018.963, 105
Trd, 2591019.179, 126
Trd, 2591019.229, 128
Trd, 2591019.429, 125
Trd, 2591019.596, 101
Trd, 2591019.746, 103
Trd, 2591019.796, 94
Trd, 2591020.696, 111
Trd, 2591020.779, 93
Trd, 2591021.246, 118
Trd, 2591021.896, 95
Trd, 2591022.663, 91
Trd, 2591023.479, 87
Trd, 2591023.946, 86
Trd, 2591024.846, 79
Trd, 2591025.913, 92
Trd, 2591025.996, 84
Trd, 2591027.296, 97
Trd, 2591027.946, 106
Trd, 2591028.779, 113
Trd, 2591028.829, 112
Trd, 2591030.146, 112
Trd, 2591030.613, 116
Trd, 2591032.596, 103
Trd, 2591033.329, 105
Trd, 2591033.363, 99
Trd, 2591034.379, 98
Trd, 2591034.879, 104
Trd, 2591034.946, 105
Trd, 2591036.063, 106
Trd, 2591037.563, 108
Trd, 2591039.229, 101
Trd, 2591039.429, 111
Trd, 2591039.813, 116
Trd, 2591040.096, 114
Trd, 2591041.163, 104
Trd, 2591041.463, 95
Trd, 2591041.829, 112
Trd, 2591042.846, 112
Trd, 2591043.379, 118
Trd, 2591043.446, 102
Trd, 2591044.163, 118
Trd, 2591044.279, 96
Trd, 2591046.646, 93
Trd, 2591047.063, 92
Trd, 2591047.263, 91
Trd, 2591047.446, 98
Trd, 2591048.179, 98
Trd, 2591048.396, 105
Trd, 2591049.596, 102
Trd, 2591050.046, 112
Trd, 2591050.196, 101
Trd, 2591050.863, 107
Trd, 2591051.063, 96
Trd, 2591051.713, 103
Trd, 2591051.996, 111
Trd, 2591053.163, 112
Trd, 2591053.729, 97
Trd, 2591055.713, 102
Trd, 2591055.996, 80
Trd, 2591056.346, 78
Trd, 2591057.113, 100
Trd, 2591057.429, 95
Trd, 2591057.529, 97
Trd, 2591058.746, 92
Trd, 2591058.779, 94
Trd, 2591058.829, 90
Trd, 2591060.413, 112
Trd, 2591060.646, 114
Trd, 2591061.596, 90
Trd, 2591061.613, 119
Trd, 2591062.796, 102
Trd, 2591063.313, 108
Trd, 2591064.146, 120
Trd, 2591064.396, 125
Trd, 2591064.629, 102
Trd, 2591064.729, 99
Trd, 2591064.829, 96
Trd, 2591065.663, 98
Trd, 2591066.296, 87
Trd, 2591067.413, 120
Trd, 2591069.329, 96
Trd, 2591069.729, 119
Trd, 2591070.763, 93
Trd, 2591071.496, 105
Trd, 2591071.546, 91
Trd, 2591072.996, 121
Trd, 2591073.079, 122
Trd, 2591073.463, 101
Trd, 2591073.479, 86
Trd, 2591073.813, 84
Trd, 2591074.596, 99
Trd, 2591076.129, 93
Trd, 2591077.279, 116
Trd, 2591077.813, 107
Trd, 2591078.096, 91
Trd, 2591078.113, 113
Trd, 2591079.179, 126
Trd, 2591079.896, 113
Trd, 2591080.129, 101
Trd, 2591082.279, 107
Trd, 2591082.463, 96
Trd, 2591082.563, 94
Trd, 2591083.779, 116
Trd, 2591085.413, 91
Trd, 2591086.879, 118
Trd, 2591087.896, 110
Trd, 2591087.963, 119
Trd, 2591088.029, 88
Trd, 2591088.579, 107
Trd, 2591088.663, 118
Trd, 2591089.629, 124
Trd, 2591090.213, 97
Trd, 2591090.263, 116
Trd, 2591090.446, 102
Trd, 2591090.879, 109
Trd, 2591091.513, 96
Trd, 2591092.563, 110
Trd, 2591092.996, 109
Trd, 2591093.796, 90
Trd, 2591093.846, 106
Trd, 2591094.879, 113
Trd, 2591095.046, 89
Trd, 2591095.096, 101
Trd, 2591095.479, 112
Trd, 2591096.879, 117
Trd, 2591098.696, 95
Trd, 2591099.096, 93
Trd, 2591099.363, 103
Trd, 2591099.396, 93
Trd, 2591100.579, 107
Trd, 2591102.396, 90
Trd, 2591103.663, 101
Trd, 2591103.729, 116
Trd, 2591104.613, 98
Trd, 2591106.146, 109
Trd, 2591106.779, 97
Trd, 2591108.513, 91
Trd, 2591108.713, 113
Trd, 2591109.046, 117
Trd, 2591109.429, 92
Trd, 2591109.446, 120
Trd, 2591110.113, 90
Trd, 2591110.363, 100
Trd, 2591111.079, 105
Trd, 2591111.363, 106
Trd, 2591111.396, 124
Trd, 2591113.446, 103
Trd, 2591114.563, 107
Trd, 2591115.363, 92
Trd, 2591115.813, 87
Trd, 2591116.446, 84
Trd, 2591116.679, 87
Trd, 2591117.063, 92
Trd, 2591118.363, 103
Trd, 2591118.396, 104
Trd, 2591118.779, 91
Trd, 2591118.979, 107
Trd, 2591119.029, 113
Trd, 2591119.846, 121
Trd, 2591120.596, 115
Trd, 2591120.896, 98
Trd, 2591121.113, 95
Trd, 2591121.996, 91
Trd, 2591122.213, 84
Trd, 2591122.646, 116
Trd, 2591123.413, 115
Trd, 2591124.513, 94
Trd, 2591124.746, 91
Trd, 2591125.479, 119
Trd, 2591125.696, 84
Trd, 2591126.579, 105
Trd, 2591127.396, 102
Trd, 2591127.529, 112
Trd, 2591129.529, 93
Trd, 2591130.096, 110
Trd, 2591130.296, 102
Trd, 2591130.613, 112
Trd, 2591130.663, 90
Trd, 2591130.979, 93
Trd, 2591132.863, 84
Trd, 2591133.679, 89
Trd, 2591133.829, 94
Trd, 2591134.729, 100
Trd, 2591135.096, 101
Trd, 2591135.113, 97
Trd, 2591137.496, 103
Trd, 2591137.829, 99
Trd, 2591137.863, 105
Trd, 2591138.463, 95
Trd, 2591139.229, 94
Trd, 2591139.713, 87
Trd, 2591140.029, 105
Trd, 2591140.296, 84
Trd, 2591140.329, 106
Trd, 2591140.846, 92
Trd, 2591143.079, 115
Trd, 2591143.763, 91
Trd, 2591143.779, 90
Trd, 2591144.096, 118
Trd, 2591144.679, 119
Trd, 2591145.713, 118
Trd, 2591146.113, 103
Trd, 2591146.696, 91
Trd, 2591147.063, 88
Trd, 2591147.679, 91
Trd, 2591147.979, 121
Trd, 2591148.513, 82
Trd, 2591149.163, 117
Trd, 2591150.629, 101
Trd, 2591151.379, 94
Trd, 2591151.596, 105
Trd, 2591151.629, 79
Trd, 2591152.046, 74
Trd, 2591153.129, 96
Trd, 2591153.663, 103
Trd, 2591153.796, 119
Trd, 2591154.146, 119
Trd, 2591154.179, 88
Trd, 2591156.779, 101
Trd, 2591157.213, 106
Trd, 2591158.613, 95
Trd, 2591158.646, 93
Trd, 2591159.279, 114
Trd, 2591160.013, 93
Trd, 2591161.596, 112
Trd, 2591162.063, 117
Trd, 2591162.163, 101
Trd, 2591162.846, 91
Trd, 2591163.179, 86
Trd, 2591164.846, 86
Trd, 2591165.546, 106
Trd, 2591165.563, 107
Trd, 2591165.713, 110
Trd, 2591165.763, 94
Trd, 2591166.879, 117
Trd, 2591167.346, 121
Trd, 2591168.229, 115
Trd, 2591168.646, 113
Trd, 2591169.129, 99
Trd, 2591170.563, 113
Trd, 2591171.263, 110
Trd, 2591172.113, 114
Trd, 2591172.329, 103
Trd, 2591175.313, 112
Trd, 2591175.563, 100
Trd, 2591176.813, 103
Trd, 2591177.213, 105
Trd, 2591177.379, 102
Trd, 2591177.429, 107
Trd, 2591178.729, 103
Trd, 2591178.963, 112
Trd, 2591179.413, 96
Trd, 2591179.479, 121
Trd, 2591179.729, 121
Trd, 2591179.829, 122
Trd, 2591180.229, 93
Trd, 2591180.613, 90
Trd, 2591181.463, 111
Trd, 2591181.763, 92
Trd, 2591182.479, 113
Trd, 2591182.846, 119
Trd, 2591183.863, 132
Trd, 2591184.279, 104
Trd, 2591184.513, 101
Trd, 2591184.713, 98
Trd, 2591185.079, 96
Trd, 2591185.413, 132
Trd, 2591185.629, 94
Trd, 2591186.529, 96
Trd, 2591188.313, 91
Trd, 2591188.346, 89
Trd, 2591190.546, 121
Trd, 2591190.596, 85
Trd, 2591190.829, 102
Trd, 2591191.163, 123
Trd, 2591193.663, 121
Trd, 2591193.763, 121
Trd, 2591194.129, 99
Trd, 2591195.296, 98
Trd, 2591196.346, 97
Trd, 2591196.663, 86
Trd, 2591197.029, 87
Trd, 2591198.246, 93
Trd, 2591198.279, 94
Trd, 2591198.329, 84
Trd, 2591199.379, 118
Trd, 2591199.679, 96
Trd, 2591199.763, 89
Trd, 2591200.146, 106
Trd, 2591200.513, 90
Trd, 2591200.579, 107
Trd, 2591202.496, 97
Trd, 2591202.779, 96
Trd, 2591203.663, 108
Trd, 2591204.613, 110
Trd, 2591204.646, 114
Trd, 2591205.829, 101
Trd, 2591207.029, 105
Trd, 2591207.879, 109
Trd, 2591208.146, 98
Trd, 2591208.429, 96
Trd, 2591208.896, 105
Trd, 2591209.129, 91
Trd, 2591209.346, 87
Trd, 2591209.979, 95
Trd, 2591210.263, 100
Trd, 2591210.896, 96
Trd, 2591211.446, 120
Trd, 2591211.546, 123
Trd, 2591211.863, 117
Trd, 2591212.413, 100
Trd, 2591213.296, 113
Trd, 2591214.129, 132
Trd, 2591214.263, 108
Trd, 2591215.163, 105
Trd, 2591215.629, 99
Trd, 2591217.163, 105
Trd, 2591217.513, 104
Trd, 2591218.896, 104
Trd, 2591219.663, 99
Trd, 2591219.929, 97
Trd, 2591220.246, 108
Trd, 2591220.446, 110
Trd, 2591221.146, 94
Trd, 2591221.746, 89
Trd, 2591221.913, 118
Trd, 2591223.363, 90
Trd, 2591224.079, 90
Trd, 2591224.529, 97
Trd, 2591226.246, 96
Trd, 2591226.613, 90
Trd, 2591226.729, 87
Trd, 2591226.846, 97
Trd, 2591226.863, 86
Trd, 2591227.163, 105
Trd, 2591227.696, 103
Trd, 2591227.746, 102
Trd, 2591228.313, 70
Trd, 2591228.496, 99
Trd, 2591229.813, 106
Trd, 2591230.663, 120
Trd, 2591231.496, 113
Trd, 2591232.413, 118
Trd, 2591232.679, 122
Trd, 2591233.363, 123
Trd, 2591233.446, 96
Trd, 2591233.713, 87
Trd, 2591233.929, 86
Trd, 2591235.679, 91
Trd, 2591236.929, 94
Trd, 2591237.029, 110
Trd, 2591237.146, 113
Trd, 2591237.646, 89
Trd, 2591238.363, 109
Trd, 2591239.263, 103
Trd, 2591240.179, 100
Trd, 2591240.779, 90
Trd, 2591241.579, 89
Trd, 2591242.096, 90
Trd, 2591242.446, 96
Trd, 2591242.496, 84
Trd, 2591242.763, 97
Trd, 2591242.929, 81
Trd, 2591244.563, 104
Trd, 2591245.229, 112
Trd, 2591248.796, 103
Trd, 2591249.013, 116
Trd, 2591250.063, 98
Trd, 2591250.196, 91
Trd, 2591250.279, 98
Trd, 2591250.863, 96
Trd, 2591251.629, 92
Trd, 2591251.763, 118
Trd, 2591251.863, 119
Trd, 2591253.579, 113
Trd, 2591254.079, 125
Trd, 2591255.529, 96
Trd, 2591256.429, 92
Trd, 2591257.913, 94
Trd, 2591258.313, 115
Trd, 2591258.746, 98
Trd, 2591258.879, 120
Trd, 2591258.946, 89
Trd, 2591259.079, 120
Trd, 2591260.296, 111
Trd, 2591261.196, 115
Trd, 2591261.963, 94
Trd, 2591262.329, 103
Trd, 2591262.363, 89
Trd, 2591263.446, 87
Trd, 2591263.579, 84
Trd, 2591263.763, 102
Trd, 2591264.046, 94
Trd, 2591264.346, 95
Trd, 2591264.929, 106
Trd, 2591265.296, 121
Trd, 2591266.913, 94
Trd, 2591267.046, 126
Trd, 2591268.246, 111
Trd, 2591268.329, 110
Trd, 2591268.663, 113
Trd, 2591270.213, 105
Trd, 2591270.796, 86
Trd, 2591272.329, 90
Trd, 2591273.246, 90
Trd, 2591273.263, 85
Trd, 2591273.913, 82
Trd, 2591274.213, 81
Trd, 2591274.563, 82
Trd, 2591275.163, 108
Trd, 2591275.596, 84
Trd, 2591277.679, 97
Trd, 2591279.429, 106
Trd, 2591279.663, 100
Trd, 2591279.846, 110
Trd, 2591279.913, 98
Trd, 2591279.979, 95
Trd, 2591280.796, 113
Trd, 2591281.429, 98
Trd, 2591281.713, 99
Trd, 2591282.129, 121
Trd, 2591282.396, 125
Trd, 2591282.779, 93
Trd, 2591283.713, 102
Trd, 2591284.446, 122
Trd, 2591285.279, 96
Trd, 2591285.596, 114
Trd, 2591286.629, 89
Trd, 2591287.829, 126
Trd, 2591288.813, 100
Trd, 2591288.896, 106
Trd, 2591288.946, 94
Trd, 2591289.496, 95
Trd, 2591290.129, 86
Trd, 2591291.246, 110
Trd, 2591291.996, 96
Trd, 2591293.129, 104
Trd, 2591293.413, 112
Trd, 2591294.263, 102
Trd, 2591294.846, 95
Trd, 2591296.079, 92
Trd, 2591296.163, 91
Trd, 2591296.779, 98
Trd, 2591296.863, 95
Trd, 2591297.896, 101
Trd, 2591297.996, 98
Trd, 2591299.329, 83
Trd, 2591299.896, 102
Trd, 2591301.313, 105
Trd, 2591301.596, 92
Trd, 2591301.663, 112
Trd, 2591303.396, 90
Trd, 2591303.579, 108
Trd, 2591304.363, 91
Trd, 2591304.463, 105
Trd, 2591305.363, 84
Trd, 2591306.346, 86
Trd, 2591306.996, 80
Trd, 2591307.163, 112
Trd, 2591307.196, 112
Trd, 2591308.029, 119
Trd, 2591308.479, 94
Trd, 2591309.479, 103
Trd, 2591310.013, 91
Trd, 2591310.129, 87
Trd, 2591311.346, 98
Trd, 2591313.013, 98
Trd, 2591313.713, 92
Trd, 2591314.113, 93
Trd, 2591314.446, 113
Trd, 2591316.413, 99
Trd, 2591316.529, 98
Trd, 2591317.129, 90
Trd, 2591317.596, 104
Trd, 2591317.613, 89
Trd, 2591317.696, 106
Trd, 2591318.279, 107
Trd, 2591319.113, 93
Trd, 2591319.796, 116
Trd, 2591320.096, 79
Trd, 2591321.163, 103
Trd, 2591322.563, 113
Trd, 2591322.763, 113
Trd, 2591322.896, 93
Trd, 2591323.013, 92
Trd, 2591323.146, 115
Trd, 2591323.246, 119
Trd, 2591324.879, 114
Trd, 2591325.279, 96
Trd, 2591325.963, 96
Trd, 2591326.146, 98
Trd, 2591326.713, 114
Trd, 2591326.829, 90
Trd, 2591326.896, 98
Trd, 2591328.863, 112
Trd, 2591330.629, 94
Trd, 2591331.646, 91
Trd, 2591332.213, 104
Trd, 2591334.379, 109
Trd, 2591334.996, 106
Trd, 2591336.496, 109
Trd, 2591336.663, 103
Trd, 2591336.813, 111
Trd, 2591337.629, 96
Trd, 2591337.863, 116
Trd, 2591338.679, 100
Trd, 2591338.946, 104
Trd, 2591339.513, 94
Trd, 2591339.563, 91
Trd, 2591339.763, 112
Trd, 2591340.046, 87
Trd, 2591340.729, 84
Trd, 2591342.013, 119
Trd, 2591344.179, 104
Trd, 2591344.196, 113
Trd, 2591344.596, 102
Trd, 2591347.246, 115
Trd, 2591347.396, 120
Trd, 2591347.863, 102
Trd, 2591348.963, 106
Trd, 2591348.996, 101
Trd, 2591349.446, 91
Trd, 2591349.479, 118
Trd, 2591349.763, 93
Trd, 2591350.163, 114
Trd, 2591350.513, 97
Trd, 2591351.929, 101
Trd, 2591352.196, 94
Trd, 2591352.646, 92
Trd, 2591353.846, 107
Trd, 2591354.479, 86
Trd, 2591355.446, 105
Trd, 2591355.896, 95
Trd, 2591356.229, 95
Trd, 2591356.679, 98
Trd, 2591356.929, 86
Trd, 2591357.663, 104
Trd, 2591359.013, 87
Trd, 2591359.313, 94
Trd, 2591359.579, 77
Trd, 2591359.763, 81
Trd, 2591362.763, 112
Trd, 2591363.563, 112
Trd, 2591363.863, 117
Trd, 2591364.263, 91
Trd, 2591364.529, 93
Trd, 2591365.846, 94
Trd, 2591366.863, 87
Trd, 2591367.729, 104
Trd, 2591368.646, 89
Trd, 2591368.763, 110
Trd, 2591369.279, 105
Trd, 2591370.463, 96
Trd, 2591370.746, 110
Trd, 2591370.896, 110
Trd, 2591371.763, 102
Trd, 2591371.879, 103
Trd, 2591372.179, 110
Trd, 2591372.296, 101
Trd, 2591372.346, 97
Trd, 2591372.763, 89
Trd, 2591373.146, 90
Trd, 2591373.629, 85
Trd, 2591373.796, 102
Trd, 2591375.746, 106
Trd, 2591376.513, 83
Trd, 2591377.213, 92
Trd, 2591377.229, 111
Trd, 2591377.346, 80
Trd, 2591380.013, 101
Trd, 2591380.063, 106
Trd, 2591380.129, 111
Trd, 2591380.713, 99
Trd, 2591380.813, 115
Trd, 2591382.429, 94
Trd, 2591382.529, 91
Trd, 2591384.596, 110
Trd, 2591384.979, 106
Trd, 2591385.229, 102
Trd, 2591387.963, 108
Trd, 2591388.113, 96
Trd, 2591388.579, 103
Trd, 2591389.063, 91
Trd, 2591389.146, 94
Trd, 2591389.179, 115
Trd, 2591389.729, 116
Trd, 2591390.863, 87
Trd, 2591391.663, 118
Trd, 2591392.129, 123
Trd, 2591393.746, 107
Trd, 2591393.929, 119
Trd, 2591394.063, 94
Trd, 2591394.179, 90
Trd, 2591394.296, 118
Trd, 2591394.496, 89
Trd, 2591395.146, 118
Trd, 2591395.746, 106
Trd, 2591396.846, 94
Trd, 2591396.946, 108
Trd, 2591397.013, 87
Trd, 2591398.429, 84
Trd, 2591399.763, 94
Trd, 2591401.029, 85
Trd, 2591401.213, 83
Trd, 2591401.296, 118
Trd, 2591401.346, 118
Trd, 2591403.113, 93
Trd, 2591403.613, 90
Trd, 2591405.663, 90
Trd, 2591406.046, 104
Trd, 2591406.263, 97
Trd, 2591406.396, 105
Trd, 2591406.763, 101
Trd, 2591407.463, 85
Trd, 2591407.979, 88
Trd, 2591408.779, 104
Trd, 2591408.846, 108
Trd, 2591409.196, 84
Trd, 2591409.963, 88
Trd, 2591412.363, 97
Trd, 2591412.379, 105
Trd, 2591412.396, 105
Trd, 2591412.413, 94
Trd, 2591412.596, 113
Trd, 2591413.113, 93
Trd, 2591413.329, 114
Trd, 2591414.296, 114
Trd, 2591414.613, 94
Trd, 2591417.746, 101
Trd, 2591418.279, 105
Trd, 2591418.563, 95
Trd, 2591419.496, 93
Trd, 2591419.663, 91
Trd, 2591420.013, 112
Trd, 2591420.129, 98
Trd, 2591420.513, 89
Trd, 2591420.913, 83
Trd, 2591421.279, 117
Trd, 2591422.479, 90
Trd, 2591422.846, 118
Trd, 2591425.296, 118
Trd, 2591425.729, 123
Trd, 2591425.763, 82
Trd, 2591428.129, 111
Trd, 2591428.263, 125
Trd, 2591428.346, 105
Trd, 2591428.879, 95
Trd, 2591429.013, 90
Trd, 2591429.246, 126
Trd, 2591430.096, 95
Trd, 2591430.979, 94
Trd, 2591431.629, 91
Trd, 2591431.829, 105
Trd, 2591432.029, 118
Trd, 2591432.496, 91
Trd, 2591432.613, 120
Trd, 2591432.946, 111
Trd, 2591433.196, 102
Trd, 2591434.096, 85
Trd, 2591435.063, 114
Trd, 2591435.413, 122
Trd, 2591435.463, 93
Trd, 2591435.713, 88
Trd, 2591437.013, 124
Trd, 2591437.529, 127
Trd, 2591437.963, 97
Trd, 2591438.779, 97
Trd, 2591438.996, 91
Trd, 2591439.646, 83
Trd, 2591440.463, 87
Trd, 2591440.963, 105
Trd, 2591441.829, 101
Trd, 2591443.013, 108
Trd, 2591443.179, 90
Trd, 2591443.629, 105
Trd, 2591444.229, 118
Trd, 2591444.513, 97
Trd, 2591444.646, 94
Trd, 2591445.079, 93
Trd, 2591445.646, 90
Trd, 2591446.079, 121
Trd, 2591447.246, 87
Trd, 2591447.396, 120
Trd, 2591447.963, 108
Trd, 2591448.996, 103
Trd, 2591449.896, 110
Trd, 2591451.596, 90
Trd, 2591452.263, 122
Trd, 2591453.046, 101
Trd, 2591453.263, 98
Trd, 2591453.429, 93
Trd, 2591453.713, 113
Trd, 2591453.796, 115
Trd, 2591453.896, 90
Trd, 2591454.613, 119
Trd, 2591456.463, 110
Trd, 2591456.729, 101
Trd, 2591458.279, 108
Trd, 2591458.613, 93
Trd, 2591458.813, 96
Trd, 2591459.629, 91
Trd, 2591460.329, 99
Trd, 2591461.596, 85
Trd, 2591461.779, 86
Trd, 2591462.263, 107
Trd, 2591463.879, 112
Trd, 2591464.029, 109
Trd, 2591464.229, 108
Trd, 2591464.663, 101
Trd, 2591466.163, 91
Trd, 2591466.213, 117
Trd, 2591466.363, 84
Trd, 2591466.379, 82
Trd, 2591467.546, 102
Trd, 2591468.129, 120
Trd, 2591468.963, 122
Trd, 2591470.563, 123
Trd, 2591470.696, 122
Trd, 2591471.463, 124
Trd, 2591472.079, 113
Trd, 2591472.213, 98
Trd, 2591473.313, 94
Trd, 2591473.346, 93
Trd, 2591473.613, 105
Trd, 2591473.763, 108
Trd, 2591474.463, 96
Trd, 2591474.913, 91
Trd, 2591475.596, 95
Trd, 2591477.163, 88
Trd, 2591478.563, 106
Trd, 2591478.596, 84
Trd, 2591478.746, 79
Trd, 2591480.096, 112
Trd, 2591480.229, 129
Trd, 2591480.763, 111
Trd, 2591480.929, 101
Trd, 2591482.063, 111
Trd, 2591482.779, 96
Trd, 2591486.313, 107
Trd, 2591487.713, 104
Trd, 2591488.313, 98
Trd, 2591488.496, 113
Trd, 2591489.479, 108
Trd, 2591489.529, 103
Trd, 2591489.579, 93
Trd, 2591489.696, 111
Trd, 2591489.729, 92
Trd, 2591489.863, 118
Trd, 2591490.979, 95
Trd, 2591491.196, 109
Trd, 2591491.863, 93
Trd, 2591492.646, 110
Trd, 2591492.963, 115
Trd, 2591494.479, 93
Trd, 2591495.379, 91
Trd, 2591495.846, 122
Trd, 2591496.329, 128
Trd, 2591497.696, 124
Trd, 2591497.779, 140
Trd, 2591498.013, 94
Trd, 2591498.346, 93
Trd, 2591499.179, 102
Trd, 2591499.996, 100
Trd, 2591500.513, 100
Trd, 2591501.313, 102
Trd, 2591501.563, 90
Trd, 2591502.646, 99
Trd, 2591503.113, 88
Trd, 2591504.163, 93
Trd, 2591504.913, 86
Trd, 2591505.463, 87
Trd, 2591505.713, 96
Trd, 2591506.229, 94
Trd, 2591506.363, 87
Trd, 2591506.429, 119
Trd, 2591507.296, 122
Trd, 2591507.846, 97
Trd, 2591507.929, 124
Trd, 2591508.446, 93
Trd, 2591508.729, 105
Trd, 2591509.279, 90
Trd, 2591511.613, 105
Trd, 2591512.229, 100
Trd, 2591513.729, 106
Trd, 2591513.779, 115
Trd, 2591513.863, 100
Trd, 2591515.113, 96
Trd, 2591516.029, 89
Trd, 2591516.079, 86
Trd, 2591516.813, 120
Trd, 2591517.113, 106
Trd, 2591517.996, 105
Trd, 2591518.246, 106
Trd, 2591518.546, 107
Trd, 2591521.796, 109
Trd, 2591521.979, 99
Trd, 2591522.313, 112
Trd, 2591522.329, 115
Trd, 2591522.963, 88
Trd, 2591523.113, 114
Trd, 2591523.379, 91
Trd, 2591523.396, 117
Trd, 2591523.413, 130
Trd, 2591523.813, 119
Trd, 2591523.996, 96
Trd, 2591525.963, 108
Trd, 2591527.246, 92
Trd, 2591527.396, 113
Trd, 2591530.079, 92
Trd, 2591530.396, 103
Trd, 2591531.429, 88
Trd, 2591531.663, 106
Trd, 2591532.563, 109
Trd, 2591533.029, 97
Trd, 2591533.229, 113
Trd, 2591533.363, 120
Trd, 2591533.663, 110
Trd, 2591533.879, 125
Trd, 2591534.213, 126
Trd, 2591534.279, 93
Trd, 2591534.879, 87
Trd, 2591536.629, 120
Trd, 2591537.479, 104
Trd, 2591538.146, 98
Trd, 2591540.013, 122
Trd, 2591540.679, 103
Trd, 2591541.079, 99
Trd, 2591541.413, 98
Trd, 2591541.513, 94
Trd, 2591542.129, 94
Trd, 2591542.413, 87
Trd, 2591544.096, 90
Trd, 2591544.646, 108
Trd, 2591545.346, 110
Trd, 2591546.479, 89
Trd, 2591547.779, 94
Trd, 2591548.129, 87
Trd, 2591548.429, 90
Trd, 2591548.646, 114
Trd, 2591552.113, 112
Trd, 2591552.629, 113
Trd, 2591552.646, 118
Trd, 2591553.396, 102
Trd, 2591554.179, 100
Trd, 2591554.746, 102
Trd, 2591555.413, 121
Trd, 2591556.413, 115
Trd, 2591557.113, 125
Trd, 2591558.563, 119
Trd, 2591559.113, 107
Trd, 2591560.363, 90
Trd, 2591560.613, 93
Trd, 2591561.179, 97
Trd, 2591561.696, 102
Trd, 2591561.729, 98
Trd, 2591562.863, 101
Trd, 2591563.646, 107
Trd, 2591564.746, 101
Trd, 2591564.779, 116
Trd, 2591567.613, 91
Trd, 2591567.713, 81
Trd, 2591568.246, 88
Trd, 2591568.329, 100
Trd, 2591568.346, 78
Trd, 2591568.479, 100
Trd, 2591569.346, 100
Trd, 2591570.413, 92
Trd, 2591570.579, 105
Trd, 2591571.479, 89
Trd, 2591571.563, 105
Trd, 2591572.863, 114
Trd, 2591573.779, 105
Trd, 2591574.313, 103
Trd, 2591576.379, 105
Trd, 2591576.713, 83
Trd, 2591576.996, 87
Trd, 2591577.863, 91
Trd, 2591577.879, 126
Trd, 2591579.563, 95
Trd, 2591579.696, 119
Trd, 2591579.779, 99
Trd, 2591580.096, 120
Trd, 2591581.113, 93
Trd, 2591581.146, 121
Trd, 2591581.629, 89
Trd, 2591581.896, 95
Trd, 2591582.079, 113
Trd, 2591582.546, 86
Trd, 2591583.163, 82
Trd, 2591583.329, 122
Trd, 2591583.346, 75
Trd, 2591583.613, 89
Trd, 2591583.929, 129
Trd, 2591584.963, 90
Trd, 2591585.846, 118
Trd, 2591586.446, 105
Trd, 2591586.963, 93
Trd, 2591588.529, 94
Trd, 2591590.663, 99
Trd, 2591591.113, 103
Trd, 2591592.213, 117
Trd, 2591593.363, 93
Trd, 2591594.146, 115
Trd, 2591594.329, 118
Trd, 2591594.446, 101
Trd, 2591594.579, 110
Trd, 2591595.613, 96
Trd, 2591596.213, 91
Trd, 2591596.296, 106
Trd, 2591598.146, 91
Trd, 2591598.196, 121
Trd, 2591598.229, 89
Trd, 2591598.513, 97
Trd, 2591599.179, 125
Trd, 2591599.246, 85
Trd, 2591599.629, 90
Trd, 2591600.629, 98
Trd, 2591601.663, 122
Trd, 2591601.696, 122
Trd, 2591603.163, 107
Trd, 2591603.629, 116
Trd, 2591603.846, 118
Trd, 2591604.446, 94
Trd, 2591604.479, 91
Trd, 2591605.663, 113
Trd, 2591606.646, 95
Trd, 2591607.229, 108
Trd, 2591607.613, 93
Trd, 2591608.279, 90
Trd, 2591608.329, 111
Trd, 2591610.863, 102
Trd, 2591611.346, 97
Trd, 2591611.529, 94
Trd, 2591611.613, 92
Trd, 2591612.246, 87
Trd, 2591612.629, 111
Trd, 2591612.996, 99
Trd, 2591613.996, 90
Trd, 2591614.246, 120
Trd, 2591614.296, 109
Trd, 2591615.479, 104
Trd, 2591615.879, 115
Trd, 2591616.396, 98
Trd, 2591617.313, 92
Trd, 2591618.163, 91
Trd, 2591618.863, 95
Trd, 2591619.696, 87
Trd, 2591620.963, 81
Trd, 2591621.079, 111
Trd, 2591621.613, 91
Trd, 2591621.663, 116
Trd, 2591622.013, 107
Trd, 2591623.163, 86
Trd, 2591624.013, 91
Trd, 2591624.696, 113
Trd, 2591624.829, 118
Trd, 2591627.013, 85
Trd, 2591627.779, 110
Trd, 2591628.679, 112
Trd, 2591629.596, 123
Trd, 2591630.746, 104
Trd, 2591630.979, 92
Trd, 2591632.113, 89
Trd, 2591632.213, 106
Trd, 2591632.263, 88
Trd, 2591632.446, 114
Trd, 2591632.946, 108
Trd, 2591633.079, 119
Trd, 2591633.463, 101
Trd, 2591634.579, 92
Trd, 2591636.646, 90
Trd, 2591636.729, 106
Trd, 2591636.913, 85
Trd, 2591638.496, 111
Trd, 2591639.029, 96
Trd, 2591639.113, 93
Trd, 2591639.646, 91
Trd, 2591639.929, 100
Trd, 2591640.929, 105
Trd, 2591640.996, 90
Trd, 2591641.129, 106
Trd, 2591642.013, 113
Trd, 2591643.079, 112
Trd, 2591644.113, 118
Trd, 2591644.779, 110
Trd, 2591645.063, 108
Trd, 2591645.579, 91
Trd, 2591645.613, 120
Trd, 2591647.129, 83
Trd, 2591647.446, 104
Trd, 2591647.629, 83
Trd, 2591648.113, 81
Trd, 2591648.529, 100
Trd, 2591648.596, 114
Trd, 2591650.129, 114
Trd, 2591650.329, 118
Trd, 2591650.346, 120
Trd, 2591651.113, 127
Trd, 2591652.196, 98
Trd, 2591653.196, 93
Trd, 2591654.096, 90
Trd, 2591655.113, 98
Trd, 2591656.079, 98
Trd, 2591656.496, 94
Trd, 2591656.829, 84
Trd, 2591656.913, 98
Trd, 2591656.929, 105
Trd, 2591657.346, 113
Trd, 2591658.079, 86
Trd, 2591658.813, 109
Trd, 2591659.479, 119
Trd, 2591659.779, 111
Trd, 2591660.663, 122
Trd, 2591661.429, 82
Trd, 2591661.929, 114
Trd, 2591661.963, 92
Trd, 2591663.363, 95
Trd, 2591663.913, 111
Trd, 2591664.363, 91
Trd, 2591665.113, 109
Trd, 2591665.313, 113
Trd, 2591666.296, 114
Trd, 2591666.513, 108
Trd, 2591666.663, 115
Trd, 2591666.713, 125
Trd, 2591666.863, 105
Trd, 2591667.146, 129
Trd, 2591667.729, 88
Trd, 2591668.429, 92
Trd, 2591669.629, 96
Trd, 2591669.696, 111
Trd, 2591670.246, 93
Trd, 2591670.463, 138
Trd, 2591671.463, 88
Trd, 2591672.313, 96
Trd, 2591672.363, 88
Trd, 2591673.096, 89
Trd, 2591674.996, 102
Trd, 2591675.946, 107
Trd, 2591676.479, 112
Trd, 2591677.246, 115
Trd, 2591678.546, 83
Trd, 2591679.979, 95
Trd, 2591680.063, 98
Trd, 2591680.779, 90
Trd, 2591680.846, 86
Trd, 2591681.163, 105
Trd, 2591681.396, 113
Trd, 2591681.646, 95
Trd, 2591682.779, 105
Trd, 2591683.446, 93
Trd, 2591685.296, 97
Trd, 2591685.779, 92
Trd, 2591686.146, 107
Trd, 2591686.463, 113
Trd, 2591687.629, 111
Trd, 2591687.996, 106
Trd, 2591688.246, 100
Trd, 2591689.429, 118
Trd, 2591689.629, 104
Trd, 2591690.346, 91
Trd, 2591690.396, 108
Trd, 2591690.479, 110
Trd, 2591691.779, 103
Trd, 2591691.913, 104
Trd, 2591692.079, 91
Trd, 2591692.779, 90
Trd, 2591692.863, 107
Trd, 2591693.596, 113
Trd, 2591693.829, 94
Trd, 2591694.046, 93
Trd, 2591695.396, 109
Trd, 2591695.429, 87
Trd, 2591696.079, 111
Trd, 2591696.496, 86
Trd, 2591696.763, 83
Trd, 2591697.363, 99
Trd, 2591698.546, 112
Trd, 2591699.096, 119
Trd, 2591699.313, 123
Trd, 2591699.879, 131
Trd, 2591700.596, 114
Trd, 2591700.879, 91
Trd, 2591701.329, 90
Trd, 2591701.396, 88
Trd, 2591701.796, 93
Trd, 2591703.963, 124
Trd, 2591705.946, 91
Trd, 2591707.079, 91
Trd, 2591707.113, 84
Trd, 2591708.029, 92
Trd, 2591708.779, 112
Trd, 2591708.796, 119
Trd, 2591709.613, 96
Trd, 2591709.946, 97
Trd, 2591710.113, 139
Trd, 2591711.429, 92
Trd, 2591712.396, 112
Trd, 2591713.079, 108
Trd, 2591713.179, 112
Trd, 2591713.913, 99
Trd, 2591714.329, 109
Trd, 2591714.496, 112
Trd, 2591714.579, 108
Trd, 2591715.313, 103
Trd, 2591715.346, 91
Trd, 2591715.446, 88
Trd, 2591716.613, 113
Trd, 2591716.879, 117
Trd, 2591717.529, 106
Trd, 2591719.029, 94
Trd, 2591719.663, 103
Trd, 2591720.346, 94
Trd, 2591721.063, 98
Trd, 2591721.546, 94
Trd, 2591722.296, 97
Trd, 2591722.446, 91
Trd, 2591723.529, 113
Trd, 2591724.146, 110
Trd, 2591724.479, 114
Trd, 2591724.663, 90
Trd, 2591724.846, 122
Trd, 2591725.096, 89
Trd, 2591725.496, 87
Trd, 2591725.513, 123
Trd, 2591726.213, 78
Trd, 2591727.046, 88
Trd, 2591728.596, 123
Trd, 2591728.696, 86
Trd, 2591732.979, 110
Trd, 2591733.346, 101
Trd, 2591733.729, 96
Trd, 2591734.163, 98
Trd, 2591734.246, 94
Trd, 2591734.363, 88
Trd, 2591734.879, 84
Trd, 2591736.046, 93
Trd, 2591736.563, 95
Trd, 2591736.863, 96
Trd, 2591737.496, 102
Trd, 2591737.579, 94
Trd, 2591737.863, 88
Trd, 2591738.596, 102
Trd, 2591739.146, 113
Trd, 2591740.663, 89
Trd, 2591741.996, 113
Trd, 2591742.746, 94
Trd, 2591742.779, 119
Trd, 2591743.579, 100
Trd, 2591743.796, 107
Trd, 2591744.879, 95
Trd, 2591745.229, 88
Trd, 2591747.046, 83
Trd, 2591747.113, 82
Trd, 2591748.563, 108
Trd, 2591748.629, 86
Trd, 2591749.129, 111
Trd, 2591750.113, 88
Trd, 2591751.263, 118
Trd, 2591751.613, 104
Trd, 2591752.246, 122
Trd, 2591752.796, 105
Trd, 2591753.313, 101
Trd, 2591753.463, 127
Trd, 2591754.979, 105
Trd, 2591755.413, 99
Trd, 2591755.613, 94
Trd, 2591755.663, 119
Trd, 2591755.813, 91
Trd, 2591756.196, 103
Trd, 2591757.796, 101
Trd, 2591757.996, 93
Trd, 2591758.013, 124
Trd, 2591760.813, 103
Trd, 2591761.096, 104
Trd, 2591761.846, 111
Trd, 2591762.329, 100
Trd, 2591763.096, 98
Trd, 2591763.379, 111
Trd, 2591763.963, 90
Trd, 2591764.979, 107
Trd, 2591766.113, 94
Trd, 2591766.879, 90
Trd, 2591767.129, 118
Trd, 2591767.529, 90
Trd, 2591767.596, 117
Trd, 2591768.396, 106
Trd, 2591768.479, 124
Trd, 2591768.563, 94
Trd, 2591769.746, 90
Trd, 2591769.763, 132
Trd, 2591770.629, 90
Trd, 2591771.229, 86
Trd, 2591771.646, 83
Trd, 2591773.596, 108
Trd, 2591773.796, 108
Trd, 2591774.763, 104
Trd, 2591776.529, 106
Trd, 2591776.813, 113
Trd, 2591777.329, 94
Trd, 2591778.863, 91
Trd, 2591779.329, 95
Trd, 2591780.079, 111
Trd, 2591780.163, 89
Trd, 2591780.246, 87
Trd, 2591781.479, 105
Trd, 2591781.979, 106
Trd, 2591782.596, 99
Trd, 2591782.796, 107
Trd, 2591783.429, 113
Trd, 2591783.496, 95
Trd, 2591783.696, 113
Trd, 2591783.729, 89
Trd, 2591784.279, 98
Trd, 2591784.663, 111
Trd, 2591785.129, 110
Trd, 2591786.646, 80
Trd, 2591788.463, 100
Trd, 2591789.146, 118
Trd, 2591789.663, 97
Trd, 2591789.963, 117
Trd, 2591791.663, 107
Trd, 2591791.946, 108
Trd, 2591793.029, 97
Trd, 2591793.113, 95
Trd, 2591793.846, 99
Trd, 2591793.879, 93
Trd, 2591794.079, 111
Trd, 2591794.379, 118
Trd, 2591794.479, 94
Trd, 2591795.363, 103
Trd, 2591795.579, 94
Trd, 2591795.813, 106
Trd, 2591796.113, 92
Trd, 2591796.946, 93
Trd, 2591797.579, 106
Trd, 2591797.629, 112
Trd, 2591799.096, 91
Trd, 2591799.546, 94
Trd, 2591800.029, 82
Trd, 2591800.813, 79
Trd, 2591802.263, 111
Trd, 2591802.896, 123
Trd, 2591803.346, 105
Trd, 2591804.429, 95
Trd, 2591804.729, 92
Trd, 2591804.963, 91
Trd, 2591805.829, 114
Trd, 2591806.729, 94
Trd, 2591808.263, 109
Trd, 2591809.746, 113
Trd, 2591810.013, 116
Trd, 2591810.163, 103
Trd, 2591811.146, 111
Trd, 2591811.279, 116
Trd, 2591811.413, 120
Trd, 2591811.546, 92
Trd, 2591812.013, 90
Trd, 2591812.329, 100
Trd, 2591813.546, 103
Trd, 2591813.813, 88
Trd, 2591814.246, 86
Trd, 2591815.229, 106
Trd, 2591815.646, 84
Trd, 2591816.446, 86
Trd, 2591816.913, 80
Trd, 2591818.046, 86
Trd, 2591818.496, 107
Trd, 2591819.246, 99
Trd, 2591819.979, 85
Trd, 2591820.629, 100
Trd, 2591822.129, 94
Trd, 2591822.763, 112
Trd, 2591823.529, 113
Trd, 2591823.896, 120
Trd, 2591824.779, 114
Trd, 2591824.879, 112
Trd, 2591825.046, 90
Trd, 2591825.646, 94
Trd, 2591827.479, 107
Trd, 2591828.196, 114
Trd, 2591828.763, 97
Trd, 2591830.563, 97
Trd, 2591830.929, 121
Trd, 2591831.296, 93
Trd, 2591831.396, 119
Trd, 2591831.829, 119
Trd, 2591832.379, 103
Trd, 2591832.463, 94
Trd, 2591832.979, 89
Trd, 2591833.396, 85
Trd, 2591834.563, 119
Trd, 2591834.729, 91
Trd, 2591835.013, 89
Trd, 2591835.613, 83
Trd, 2591836.679, 93
Trd, 2591836.979, 81
Trd, 2591837.496, 82
Trd, 2591837.863, 93
Trd, 2591838.096, 99
Trd, 2591838.279, 88
Trd, 2591839.713, 98
Trd, 2591840.079, 105
Trd, 2591841.413, 114
Trd, 2591841.913, 101
Trd, 2591842.179, 91
Trd, 2591842.879, 123
Trd, 2591843.329, 123
Trd, 2591843.679, 126
Trd, 2591843.729, 123
Trd, 2591843.996, 90
Trd, 2591844.479, 86
Trd, 2591848.163, 101
Trd, 2591848.263, 95
Trd, 2591849.263, 98
Trd, 2591849.879, 90
Trd, 2591849.996, 90
Trd, 2591850.579, 84
Trd, 2591850.663, 112
Trd, 2591850.729, 114
Trd, 2591851.313, 121
Trd, 2591852.729, 117
Trd, 2591853.713, 113
Trd, 2591854.046, 106
Trd, 2591856.129, 113
Trd, 2591856.263, 99
Trd, 2591856.513, 98
Trd, 2591856.546, 111
Trd, 2591856.779, 118
Trd, 2591857.063, 125
Trd, 2591857.946, 102
Trd, 2591858.213, 95
Trd, 2591859.479, 91
Trd, 2591859.979, 112
Trd, 2591860.196, 105
Trd, 2591860.429, 93
Trd, 2591860.846, 114
Trd, 2591862.896, 89
Trd, 2591862.913, 119
Trd, 2591863.463, 102
Trd, 2591863.896, 101
Trd, 2591864.296, 108
Trd, 2591864.913, 93
Trd, 2591865.663, 104
Trd, 2591865.963, 113
Trd, 2591867.429, 98
Trd, 2591867.846, 97
Trd, 2591867.913, 102
Trd, 2591868.063, 94
Trd, 2591871.146, 93
Trd, 2591871.579, 92
Trd, 2591872.029, 90
Trd, 2591872.313, 106
Trd, 2591872.496, 107
Trd, 2591874.313, 108
Trd, 2591874.596, 113
Trd, 2591874.879, 103
Trd, 2591875.429, 91
Trd, 2591876.496, 98
Trd, 2591876.696, 95
Trd, 2591876.996, 90
Trd, 2591877.379, 112
Trd, 2591877.596, 115
Trd, 2591877.979, 85
Trd, 2591878.796, 85
Trd, 2591879.329, 109
Trd, 2591880.079, 107
Trd, 2591880.479, 111
Trd, 2591881.446, 90
Trd, 2591883.046, 98
Trd, 2591883.796, 94
Trd, 2591884.313, 92
Trd, 2591884.513, 90
Trd, 2591884.546, 105
Trd, 2591885.579, 102
Trd, 2591886.696, 105
Trd, 2591886.913, 99
Trd, 2591887.346, 111
Trd, 2591887.879, 104
Trd, 2591890.379, 94
Trd, 2591891.929, 116
Trd, 2591892.129, 94
Trd, 2591892.796, 94
Trd, 2591892.863, 93
Trd, 2591893.896, 91
Trd, 2591895.029, 87
Trd, 2591895.879, 92
Trd, 2591895.913, 85
Trd, 2591896.246, 105
Trd, 2591897.046, 108
Trd, 2591898.913, 98
Trd, 2591899.579, 98
Trd, 2591900.013, 111
Trd, 2591900.213, 94
Trd, 2591901.279, 108
Trd, 2591901.779, 87
Trd, 2591901.896, 113
Trd, 2591902.329, 92
Trd, 2591902.729, 119
Trd, 2591903.046, 100
Trd, 2591903.529, 92
Trd, 2591904.479, 105
Trd, 2591904.963, 92
Trd, 2591906.079, 92
Trd, 2591906.246, 93
Trd, 2591907.396, 97
Trd, 2591908.579, 112
Trd, 2591908.613, 91
Trd, 2591909.746, 122
Trd, 2591910.979, 115
Trd, 2591911.763, 102
Trd, 2591912.113, 97
Trd, 2591913.329, 107
Trd, 2591913.896, 118
Trd, 2591913.996, 117
Trd, 2591914.346, 122
Trd, 2591914.479, 90
Trd, 2591915.996, 119
Trd, 2591916.863, 99
Trd, 2591916.929, 106
Trd, 2591918.146, 108
Trd, 2591918.329, 97
Trd, 2591919.796, 115
Trd, 2591920.179, 96
Trd, 2591920.279, 96
Trd, 2591920.879, 90
Trd, 2591921.213, 91
Trd, 2591921.563, 110
Trd, 2591922.229, 116
Trd, 2591923.246, 116
Trd, 2591923.296, 94
Trd, 2591924.613, 118
Trd, 2591924.963, 115
Trd, 2591925.063, 101
Trd, 2591926.813, 94
Trd, 2591927.896, 101
Trd, 2591928.313, 104
Trd, 2591928.379, 105
Trd, 2591928.513, 96
Trd, 2591929.513, 91
Trd, 2591930.496, 82
Trd, 2591931.613, 81
Trd, 2591932.129, 88
Trd, 2591933.579, 97
Trd, 2591934.329, 105
Trd, 2591935.013, 95
Trd, 2591935.646, 91
Trd, 2591936.863, 98
Trd, 2591937.046, 118
Trd, 2591937.779, 104
Trd, 2591938.163, 89
Trd, 2591938.246, 88
Trd, 2591938.279, 113
Trd, 2591938.996, 108
Trd, 2591939.063, 113
Trd, 2591939.363, 97
Trd, 2591940.163, 87
Trd, 2591941.696, 104
Trd, 2591943.296, 103
Trd, 2591943.379, 99
Trd, 2591943.646, 104
Trd, 2591944.213, 99
Trd, 2591946.246, 91
Trd, 2591946.779, 87
Trd, 2591946.946, 114
Trd, 2591947.179, 120
Trd, 2591948.379, 109
Trd, 2591948.446, 112
Trd, 2591950.396, 105
Trd, 2591951.413, 106
Trd, 2591952.446, 98
Trd, 2591952.546, 102
Trd, 2591952.779, 93
Trd, 2591952.929, 93
Trd, 2591953.096, 103
Trd, 2591953.646, 105
Trd, 2591954.429, 98
Trd, 2591955.813, 101
Trd, 2591955.946, 108
Trd, 2591956.813, 111
Trd, 2591956.946, 110
Trd, 2591957.213, 102
Trd, 2591958.563, 105
Trd, 2591959.029, 113
Trd, 2591959.363, 95
Trd, 2591960.346, 99
Trd, 2591961.096, 103
Trd, 2591961.229, 90
Trd, 2591962.029, 92
Trd, 2591962.113, 106
Trd, 2591962.313, 113
Trd, 2591962.763, 113
Trd, 2591962.879, 101
Trd, 2591964.063, 116
Trd, 2591964.913, 105
Trd, 2591965.313, 90
Trd, 2591966.563, 86
Trd, 2591967.696, 103
Trd, 2591968.096, 105
Trd, 2591968.663, 107
Trd, 2591968.829, 92
Trd, 2591969.163, 91
Trd, 2591969.179, 90
Trd, 2591969.246, 86
Trd, 2591970.079, 110
Trd, 2591970.713, 112
Trd, 2591971.346, 96
Trd, 2591971.946, 122
Trd, 2591972.779, 121
Trd, 2591974.046, 124
Trd, 2591974.396, 105
Trd, 2591975.679, 86
Trd, 2591976.329, 99
Trd, 2591976.429, 82
Trd, 2591976.946, 101
Trd, 2591977.046, 119
Trd, 2591977.513, 109
Trd, 2591977.729, 90
Trd, 2591978.313, 85
Trd, 2591978.813, 80
Trd, 2591978.946, 122
Trd, 2591979.796, 122
Trd, 2591982.296, 101
Trd, 2591982.529, 96
Trd, 2591983.013, 94
Trd, 2591983.813, 94
Trd, 2591984.379, 101
Trd, 2591984.613, 93
Trd, 2591984.663, 109
Trd, 2591985.396, 112
Trd, 2591986.579, 110
Trd, 2591987.496, 90
Trd, 2591988.013, 122
Trd, 2591988.513, 121
Trd, 2591988.846, 91
Trd, 2591989.046, 109
Trd, 2591989.313, 127
Trd, 2591989.746, 86
Trd, 2591990.179, 84
Trd, 2591992.446, 96
Trd, 2591993.396, 116
Trd, 2591994.113, 119
Trd, 2591994.329, 94
Trd, 2591995.846, 103
Trd, 2591996.196, 94
Trd, 2591996.463, 89
Trd, 2591996.646, 87
Trd, 2591997.196, 86
Trd, 2591997.313, 121
Trd, 2591998.196, 90
Trd, 2591998.896, 98
Trd, 2591999.479, 121
Trd, 2591999.529, 111
Trd, 2591999.563, 83
