Trd, 2590641.996, 96
Trd, 2590642.029, 95
Trd, 2590642.413, 96
Trd, 2590643.763, 99
Trd, 2590645.046, 100
Trd, 2590645.813, 101
Trd, 2590645.846, 105
Trd, 2590646.763, 101
Trd, 2590647.463, 101
Trd, 2590648.246, 100
Trd, 2590648.563, 98
Trd, 2590648.813, 94
Trd, 2590650.113, 101
Trd, 2590650.646, 100
Trd, 2590650.979, 109
Trd, 2590651.629, 103
Trd, 2590651.979, 101
Trd, 2590652.363, 104
Trd, 2590652.413, 103
Trd, 2590656.379, 109
Trd, 2590657.729, 106
Trd, 2590657.929, 99
Trd, 2590658.213, 103
Trd, 2590658.613, 102
Trd, 2590658.863, 102
Trd, 2590659.229, 99
Trd, 2590659.263, 98
Trd, 2590659.629, 103
Trd, 2590660.096, 90
Trd, 2590662.646, 100
Trd, 2590663.829, 97
Trd, 2590664.213, 95
Trd, 2590665.379, 99
Trd, 2590665.513, 95
Trd, 2590666.713, 98
Trd, 2590666.829, 98
Trd, 2590667.079, 100
Trd, 2590667.379, 101
Trd, 2590667.729, 105
Trd, 2590668.929, 99
Trd, 2590669.963, 98
Trd, 2590670.329, 97
Trd, 2590670.779, 97
Trd, 2590671.729, 96
Trd, 2590672.113, 95
Trd, 2590673.563, 105
Trd, 2590674.713, 95
Trd, 2590674.729, 94
Trd, 2590675.396, 93
Trd, 2590675.996, 100
Trd, 2590676.429, 91
Trd, 2590679.746, 89
Trd, 2590679.779, 95
Trd, 2590682.413, 97
Trd, 2590682.879, 96
Trd, 2590682.913, 95
Trd, 2590683.679, 98
Trd, 2590684.629, 97
Trd, 2590686.229, 100
Trd, 2590686.913, 98
Trd, 2590687.179, 98
Trd, 2590688.529, 98
Trd, 2590688.579, 101
Trd, 2590688.713, 97
Trd, 2590689.529, 105
Trd, 2590690.329, 98
Trd, 2590691.113, 98
Trd, 2590692.229, 98
Trd, 2590692.346, 97
Trd, 2590693.813, 105
Trd, 2590694.096, 96
Trd, 2590694.463, 106
Trd, 2590694.879, 91
Trd, 2590695.146, 109
Trd, 2590695.246, 88
Trd, 2590695.979, 88
Trd, 2590696.629, 111
Trd, 2590698.713, 95
Trd, 2590700.146, 97
Trd, 2590700.863, 102
Trd, 2590701.463, 104
Trd, 2590702.046, 101
Trd, 2590702.346, 98
Trd, 2590702.429, 104
Trd, 2590704.363, 95
Trd, 2590704.796, 91
Trd, 2590704.896, 90
Trd, 2590704.996, 87
Trd, 2590707.063, 102
Trd, 2590708.063, 92
Trd, 2590708.279, 103
Trd, 2590709.613, 100
Trd, 2590709.746, 100
Trd, 2590710.229, 101
Trd, 2590711.046, 105
Trd, 2590711.879, 107
Trd, 2590712.563, 108
Trd, 2590712.979, 107
Trd, 2590713.546, 96
Trd, 2590714.129, 94
Trd, 2590714.696, 105
Trd, 2590715.063, 88
Trd, 2590716.796, 87
Trd, 2590717.046, 101
Trd, 2590718.446, 101
Trd, 2590719.746, 104
Trd, 2590719.946, 101
Trd, 2590720.946, 100
Trd, 2590723.879, 103
Trd, 2590723.913, 99
Trd, 2590723.963, 108
Trd, 2590725.163, 104
Trd, 2590725.496, 106
Trd, 2590725.863, 104
Trd, 2590726.079, 98
Trd, 2590726.779, 108
Trd, 2590727.029, 94
Trd, 2590727.596, 108
Trd, 2590727.713, 90
Trd, 2590728.763, 91
Trd, 2590732.029, 98
Trd, 2590733.296, 103
Trd, 2590733.796, 101
Trd, 2590734.129, 104
Trd, 2590734.379, 105
Trd, 2590734.863, 109
Trd, 2590735.446, 113
Trd, 2590736.079, 114
Trd, 2590737.013, 114
Trd, 2590737.596, 111
Trd, 2590739.313, 98
Trd, 2590740.029, 94
Trd, 2590740.046, 120
Trd, 2590740.813, 117
Trd, 2590741.096, 103
Trd, 2590741.529, 91
Trd, 2590743.213, 106
Trd, 2590744.096, 95
Trd, 2590744.713, 102
Trd, 2590745.596, 92
Trd, 2590746.313, 105
Trd, 2590747.529, 102
Trd, 2590747.829, 102
Trd, 2590747.863, 101
Trd, 2590748.713, 102
Trd, 2590748.813, 99
Trd, 2590750.046, 111
Trd, 2590750.729, 99
Trd, 2590751.063, 111
Trd, 2590751.213, 99
Trd, 2590751.546, 98
Trd, 2590751.896, 95
Trd, 2590754.713, 106
Trd, 2590755.096, 103
Trd, 2590756.079, 105
Trd, 2590756.696, 107
Trd, 2590757.013, 106
Trd, 2590757.163, 114
Trd, 2590758.163, 115
Trd, 2590758.679, 103
Trd, 2590759.763, 105
Trd, 2590760.763, 94
Trd, 2590762.163, 95
Trd, 2590762.979, 101
Trd, 2590763.246, 94
Trd, 2590764.246, 92
Trd, 2590765.496, 95
Trd, 2590766.346, 95
Trd, 2590766.529, 96
Trd, 2590766.929, 98
Trd, 2590767.613, 98
Trd, 2590767.913, 87
Trd, 2590768.129, 91
Trd, 2590769.179, 99
Trd, 2590769.879, 104
Trd, 2590772.496, 102
Trd, 2590772.779, 100
Trd, 2590773.329, 99
Trd, 2590773.496, 94
Trd, 2590773.763, 92
Trd, 2590773.996, 91
Trd, 2590775.346, 101
Trd, 2590775.963, 89
Trd, 2590776.913, 105
Trd, 2590778.429, 102
Trd, 2590778.613, 104
Trd, 2590778.829, 105
Trd, 2590780.196, 111
Trd, 2590780.396, 110
Trd, 2590780.679, 109
Trd, 2590780.929, 108
Trd, 2590781.996, 111
Trd, 2590783.629, 113
Trd, 2590784.113, 105
Trd, 2590785.713, 113
Trd, 2590787.513, 118
Trd, 2590788.079, 116
Trd, 2590788.296, 123
Trd, 2590788.529, 115
Trd, 2590788.829, 112
Trd, 2590789.796, 98
Trd, 2590790.213, 94
Trd, 2590790.396, 87
Trd, 2590790.596, 85
Trd, 2590792.346, 101
Trd, 2590792.713, 101
Trd, 2590793.163, 95
Trd, 2590793.829, 98
Trd, 2590795.079, 98
Trd, 2590795.196, 98
Trd, 2590797.463, 104
Trd, 2590798.413, 105
Trd, 2590798.613, 103
Trd, 2590798.896, 103
Trd, 2590799.179, 103
Trd, 2590799.413, 104
Trd, 2590799.996, 105
Trd, 2590800.046, 104
Trd, 2590801.329, 102
Trd, 2590801.513, 101
Trd, 2590801.796, 98
Trd, 2590802.046, 94
Trd, 2590803.163, 98
Trd, 2590804.163, 91
Trd, 2590804.613, 88
Trd, 2590806.796, 89
Trd, 2590806.996, 88
Trd, 2590807.113, 90
Trd, 2590807.346, 99
Trd, 2590808.213, 101
Trd, 2590810.246, 107
Trd, 2590810.579, 107
Trd, 2590810.679, 106
Trd, 2590811.646, 102
Trd, 2590813.263, 105
Trd, 2590813.379, 104
Trd, 2590814.296, 106
Trd, 2590815.613, 106
Trd, 2590816.179, 105
Trd, 2590818.929, 95
Trd, 2590819.563, 99
Trd, 2590819.663, 98
Trd, 2590820.879, 98
Trd, 2590821.329, 97
Trd, 2590821.646, 98
Trd, 2590822.396, 96
Trd, 2590823.513, 100
Trd, 2590824.596, 105
Trd, 2590825.079, 108
Trd, 2590826.979, 109
Trd, 2590827.279, 104
Trd, 2590827.296, 102
Trd, 2590829.046, 104
Trd, 2590829.313, 103
Trd, 2590830.213, 101
Trd, 2590830.429, 100
Trd, 2590831.446, 103
Trd, 2590831.896, 100
Trd, 2590832.196, 98
Trd, 2590833.796, 101
Trd, 2590834.379, 105
Trd, 2590836.546, 113
Trd, 2590837.129, 112
Trd, 2590837.246, 112
Trd, 2590838.179, 111
Trd, 2590838.529, 108
Trd, 2590838.963, 109
Trd, 2590839.996, 109
Trd, 2590840.446, 99
Trd, 2590840.896, 112
Trd, 2590841.196, 98
Trd, 2590841.346, 94
Trd, 2590841.479, 125
Trd, 2590842.113, 102
Trd, 2590843.246, 123
Trd, 2590844.713, 123
Trd, 2590845.813, 122
Trd, 2590846.146, 113
Trd, 2590847.346, 118
Trd, 2590847.363, 118
Trd, 2590847.446, 112
Trd, 2590848.746, 108
Trd, 2590849.513, 99
Trd, 2590849.813, 98
Trd, 2590851.396, 109
Trd, 2590851.963, 110
Trd, 2590852.696, 92
Trd, 2590853.213, 92
Trd, 2590854.113, 107
Trd, 2590854.529, 98
Trd, 2590855.713, 103
Trd, 2590856.129, 103
Trd, 2590856.646, 104
Trd, 2590856.946, 105
Trd, 2590857.396, 117
Trd, 2590858.029, 106
Trd, 2590858.196, 105
Trd, 2590859.046, 92
Trd, 2590860.146, 106
Trd, 2590861.146, 104
Trd, 2590861.379, 105
Trd, 2590862.229, 104
Trd, 2590862.779, 94
Trd, 2590863.379, 93
Trd, 2590864.229, 102
Trd, 2590864.696, 92
Trd, 2590865.313, 87
Trd, 2590865.679, 89
Trd, 2590866.196, 85
Trd, 2590866.863, 87
Trd, 2590869.829, 95
Trd, 2590870.096, 98
Trd, 2590870.313, 101
Trd, 2590871.529, 105
Trd, 2590872.096, 111
Trd, 2590873.413, 111
Trd, 2590873.713, 111
Trd, 2590874.296, 105
Trd, 2590874.679, 106
Trd, 2590875.196, 111
Trd, 2590876.213, 98
Trd, 2590876.946, 98
Trd, 2590877.696, 97
Trd, 2590877.796, 95
Trd, 2590877.946, 101
Trd, 2590878.079, 102
Trd, 2590878.313, 102
Trd, 2590880.146, 105
Trd, 2590881.446, 109
Trd, 2590881.846, 106
Trd, 2590882.379, 105
Trd, 2590884.146, 109
Trd, 2590885.629, 111
Trd, 2590885.746, 110
Trd, 2590886.113, 100
Trd, 2590887.179, 98
Trd, 2590887.263, 95
Trd, 2590888.946, 98
Trd, 2590889.296, 99
Trd, 2590889.329, 100
Trd, 2590889.913, 94
Trd, 2590889.929, 102
Trd, 2590890.296, 95
Trd, 2590891.563, 95
Trd, 2590893.779, 104
Trd, 2590894.146, 102
Trd, 2590894.496, 104
Trd, 2590894.813, 104
Trd, 2590895.029, 102
Trd, 2590895.396, 109
Trd, 2590895.679, 94
Trd, 2590895.796, 89
Trd, 2590897.996, 107
Trd, 2590899.263, 105
Trd, 2590900.429, 107
Trd, 2590902.146, 105
Trd, 2590902.729, 111
Trd, 2590902.979, 106
Trd, 2590904.263, 112
Trd, 2590905.379, 112
Trd, 2590905.429, 106
Trd, 2590905.846, 104
Trd, 2590906.446, 98
Trd, 2590907.629, 101
Trd, 2590908.479, 102
Trd, 2590909.563, 102
Trd, 2590909.946, 103
Trd, 2590910.179, 101
Trd, 2590910.329, 105
Trd, 2590910.946, 98
Trd, 2590911.213, 94
Trd, 2590911.446, 109
Trd, 2590913.279, 111
Trd, 2590913.546, 93
Trd, 2590914.363, 110
Trd, 2590914.779, 90
Trd, 2590917.329, 98
Trd, 2590918.163, 98
Trd, 2590918.263, 104
Trd, 2590918.596, 97
Trd, 2590919.513, 94
Trd, 2590919.763, 90
Trd, 2590921.279, 104
Trd, 2590923.079, 105
Trd, 2590923.529, 100
Trd, 2590923.729, 111
Trd, 2590924.829, 101
Trd, 2590926.063, 103
Trd, 2590926.129, 98
Trd, 2590928.413, 104
Trd, 2590928.463, 103
Trd, 2590929.729, 100
Trd, 2590929.963, 100
Trd, 2590930.063, 101
Trd, 2590930.096, 98
Trd, 2590930.863, 99
Trd, 2590930.996, 98
Trd, 2590932.296, 102
Trd, 2590932.979, 101
Trd, 2590933.996, 105
Trd, 2590934.363, 112
Trd, 2590935.496, 107
Trd, 2590935.563, 103
Trd, 2590936.446, 119
Trd, 2590938.813, 103
Trd, 2590939.063, 101
Trd, 2590939.896, 94
Trd, 2590940.529, 91
Trd, 2590941.429, 93
Trd, 2590942.029, 92
Trd, 2590942.563, 98
Trd, 2590943.413, 99
Trd, 2590944.496, 99
Trd, 2590945.629, 100
Trd, 2590945.846, 100
Trd, 2590946.379, 101
Trd, 2590946.463, 100
Trd, 2590947.113, 105
Trd, 2590948.513, 99
Trd, 2590948.679, 98
Trd, 2590950.113, 90
Trd, 2590950.129, 94
Trd, 2590951.063, 88
Trd, 2590951.496, 100
Trd, 2590951.596, 108
Trd, 2590951.879, 99
Trd, 2590954.229, 93
Trd, 2590954.496, 98
Trd, 2590955.029, 101
Trd, 2590955.729, 98
Trd, 2590956.246, 94
Trd, 2590956.963, 105
Trd, 2590958.713, 100
Trd, 2590959.396, 101
Trd, 2590959.929, 101
Trd, 2590960.229, 101
Trd, 2590960.496, 102
Trd, 2590961.429, 105
Trd, 2590961.696, 108
Trd, 2590961.996, 113
Trd, 2590962.713, 105
Trd, 2590963.629, 98
Trd, 2590964.196, 91
Trd, 2590964.546, 88
Trd, 2590964.879, 109
Trd, 2590965.963, 93
Trd, 2590967.196, 103
Trd, 2590967.463, 105
Trd, 2590967.913, 104
Trd, 2590968.446, 106
Trd, 2590971.663, 107
Trd, 2590971.696, 107
Trd, 2590971.713, 106
Trd, 2590972.579, 111
Trd, 2590972.696, 112
Trd, 2590973.313, 98
Trd, 2590973.346, 101
Trd, 2590977.513, 104
Trd, 2590977.763, 103
Trd, 2590978.313, 104
Trd, 2590978.479, 104
Trd, 2590978.513, 103
Trd, 2590979.379, 105
Trd, 2590979.546, 96
Trd, 2590981.696, 102
Trd, 2590982.129, 102
Trd, 2590982.229, 101
Trd, 2590983.263, 102
Trd, 2590983.796, 102
Trd, 2590983.879, 104
Trd, 2590983.913, 101
Trd, 2590985.213, 102
Trd, 2590985.613, 102
Trd, 2590987.429, 103
Trd, 2590990.113, 103
Trd, 2590990.679, 101
Trd, 2590990.796, 105
Trd, 2590991.229, 110
Trd, 2590992.179, 102
Trd, 2590992.713, 102
Trd, 2590993.296, 98
Trd, 2590996.263, 100
Trd, 2590996.529, 99
Trd, 2590996.863, 98
Trd, 2590996.979, 99
Trd, 2590997.113, 104
Trd, 2590997.863, 98
Trd, 2590998.429, 96
Trd, 2590998.513, 101
Trd, 2591000.429, 99
Trd, 2591001.579, 98
Trd, 2591001.613, 97
Trd, 2591002.046, 96
Trd, 2591002.629, 98
Trd, 2591003.196, 100
Trd, 2591004.213, 103
Trd, 2591004.296, 101
Trd, 2591005.313, 105
Trd, 2591005.513, 112
Trd, 2591006.479, 103
Trd, 2591006.646, 114
Trd, 2591007.663, 103
Trd, 2591008.879, 100
Trd, 2591011.379, 100
Trd, 2591011.563, 100
Trd, 2591011.746, 99
Trd, 2591011.863, 102
Trd, 2591013.229, 104
Trd, 2591014.163, 107
Trd, 2591015.379, 108
Trd, 2591015.629, 108
Trd, 2591015.796, 109
Trd, 2591015.813, 108
Trd, 2591017.463, 98
Trd, 2591017.513, 94
Trd, 2591018.513, 90
Trd, 2591019.879, 92
Trd, 2591020.279, 107
Trd, 2591020.613, 92
Trd, 2591020.813, 90
Trd, 2591021.663, 109
Trd, 2591021.913, 113
Trd, 2591022.913, 91
Trd, 2591025.129, 89
Trd, 2591026.196, 104
Trd, 2591028.063, 101
Trd, 2591028.379, 100
Trd, 2591029.163, 101
Trd, 2591029.413, 99
Trd, 2591029.429, 98
Trd, 2591031.229, 101
Trd, 2591032.796, 105
Trd, 2591033.463, 103
Trd, 2591033.946, 100
Trd, 2591034.896, 111
Trd, 2591035.596, 107
Trd, 2591035.929, 108
Trd, 2591036.096, 111
Trd, 2591038.446, 109
Trd, 2591038.563, 112
Trd, 2591039.029, 109
Trd, 2591040.063, 109
Trd, 2591040.213, 109
Trd, 2591040.246, 108
Trd, 2591040.363, 109
Trd, 2591041.046, 99
Trd, 2591041.313, 98
Trd, 2591041.763, 93
Trd, 2591041.946, 91
Trd, 2591042.113, 88
Trd, 2591043.496, 104
Trd, 2591044.146, 91
Trd, 2591045.546, 87
Trd, 2591045.779, 87
Trd, 2591045.963, 85
Trd, 2591046.446, 98
Trd, 2591047.346, 91
Trd, 2591047.846, 97
Trd, 2591049.029, 93
Trd, 2591049.396, 96
Trd, 2591049.879, 96
Trd, 2591050.779, 98
Trd, 2591051.479, 101
Trd, 2591052.729, 99
Trd, 2591052.763, 102
Trd, 2591052.863, 105
Trd, 2591053.396, 101
Trd, 2591054.579, 102
Trd, 2591054.729, 108
Trd, 2591056.163, 106
Trd, 2591056.246, 105
Trd, 2591057.146, 103
Trd, 2591057.246, 98
Trd, 2591059.346, 95
Trd, 2591059.496, 94
Trd, 2591060.896, 94
Trd, 2591060.979, 93
Trd, 2591061.729, 94
Trd, 2591061.829, 95
Trd, 2591062.179, 98
Trd, 2591063.629, 105
Trd, 2591064.013, 106
Trd, 2591064.863, 107
Trd, 2591065.279, 110
Trd, 2591065.913, 115
Trd, 2591067.146, 109
Trd, 2591068.113, 118
Trd, 2591068.213, 108
Trd, 2591069.029, 108
Trd, 2591069.379, 90
Trd, 2591070.596, 92
Trd, 2591071.113, 93
Trd, 2591071.229, 92
Trd, 2591072.879, 122
Trd, 2591072.946, 115
Trd, 2591074.079, 99
Trd, 2591076.996, 96
Trd, 2591077.279, 106
Trd, 2591077.446, 94
Trd, 2591079.663, 96
Trd, 2591080.096, 97
Trd, 2591080.296, 98
Trd, 2591081.013, 96
Trd, 2591082.263, 101
Trd, 2591082.646, 105
Trd, 2591082.963, 101
Trd, 2591083.279, 101
Trd, 2591083.979, 102
Trd, 2591084.013, 101
Trd, 2591084.379, 101
Trd, 2591087.579, 103
Trd, 2591088.029, 105
Trd, 2591089.279, 102
Trd, 2591089.363, 101
Trd, 2591089.846, 99
Trd, 2591090.013, 101
Trd, 2591090.979, 101
Trd, 2591091.263, 98
Trd, 2591091.279, 105
Trd, 2591092.696, 108
Trd, 2591093.413, 112
Trd, 2591094.463, 103
Trd, 2591094.796, 98
Trd, 2591095.679, 95
Trd, 2591095.913, 94
Trd, 2591097.013, 91
Trd, 2591097.229, 108
Trd, 2591098.413, 96
Trd, 2591098.879, 99
Trd, 2591099.779, 99
Trd, 2591100.246, 100
Trd, 2591100.663, 101
Trd, 2591101.946, 100
Trd, 2591102.429, 100
Trd, 2591103.596, 102
Trd, 2591103.796, 101
Trd, 2591103.829, 98
Trd, 2591104.263, 97
Trd, 2591104.763, 103
Trd, 2591105.479, 103
Trd, 2591105.679, 102
Trd, 2591107.329, 103
Trd, 2591107.663, 105
Trd, 2591109.746, 109
Trd, 2591109.913, 108
Trd, 2591110.029, 101
Trd, 2591110.263, 100
Trd, 2591110.946, 108
Trd, 2591111.229, 94
Trd, 2591113.979, 97
Trd, 2591114.046, 95
Trd, 2591115.113, 112
Trd, 2591115.129, 98
Trd, 2591116.796, 102
Trd, 2591116.879, 101
Trd, 2591117.513, 101
Trd, 2591118.096, 103
Trd, 2591118.763, 92
Trd, 2591119.246, 103
Trd, 2591120.246, 99
Trd, 2591121.063, 97
Trd, 2591122.046, 96
Trd, 2591122.596, 95
Trd, 2591122.913, 96
Trd, 2591123.163, 96
Trd, 2591123.679, 97
Trd, 2591123.896, 97
Trd, 2591124.396, 96
Trd, 2591125.563, 98
Trd, 2591125.663, 100
Trd, 2591125.913, 94
Trd, 2591127.129, 101
Trd, 2591129.329, 103
Trd, 2591130.396, 91
Trd, 2591130.646, 90
Trd, 2591132.579, 101
Trd, 2591132.896, 103
Trd, 2591133.146, 94
Trd, 2591133.396, 94
Trd, 2591134.879, 94
Trd, 2591136.446, 98
Trd, 2591136.463, 97
Trd, 2591138.029, 99
Trd, 2591139.029, 99
Trd, 2591139.696, 98
Trd, 2591140.263, 101
Trd, 2591141.746, 99
Trd, 2591141.963, 94
Trd, 2591143.413, 105
Trd, 2591145.196, 105
Trd, 2591146.363, 105
Trd, 2591147.146, 105
Trd, 2591147.446, 104
Trd, 2591147.479, 98
Trd, 2591147.913, 104
Trd, 2591148.146, 101
Trd, 2591150.363, 98
Trd, 2591150.946, 100
Trd, 2591152.013, 98
Trd, 2591153.113, 97
Trd, 2591153.913, 96
Trd, 2591155.996, 95
Trd, 2591157.279, 95
Trd, 2591157.463, 94
Trd, 2591158.629, 97
Trd, 2591159.013, 98
Trd, 2591159.346, 98
Trd, 2591159.413, 97
Trd, 2591159.596, 101
Trd, 2591160.679, 94
Trd, 2591161.129, 94
Trd, 2591161.229, 95
Trd, 2591162.379, 97
Trd, 2591163.463, 100
Trd, 2591164.179, 107
Trd, 2591164.746, 112
Trd, 2591165.079, 103
Trd, 2591166.196, 106
Trd, 2591166.563, 107
Trd, 2591166.646, 106
Trd, 2591167.463, 106
Trd, 2591169.113, 107
Trd, 2591170.479, 114
Trd, 2591170.879, 114
Trd, 2591170.963, 109
Trd, 2591171.029, 98
Trd, 2591171.313, 94
Trd, 2591171.496, 117
Trd, 2591172.896, 94
Trd, 2591173.246, 92
Trd, 2591175.863, 101
Trd, 2591175.946, 100
Trd, 2591176.863, 96
Trd, 2591178.096, 103
Trd, 2591178.529, 96
Trd, 2591178.979, 95
Trd, 2591179.779, 101
Trd, 2591179.896, 105
Trd, 2591180.496, 93
Trd, 2591181.213, 91
Trd, 2591182.046, 93
Trd, 2591185.079, 99
Trd, 2591185.346, 103
Trd, 2591186.079, 101
Trd, 2591187.696, 103
Trd, 2591188.196, 98
Trd, 2591190.313, 98
Trd, 2591190.396, 97
Trd, 2591190.446, 100
Trd, 2591190.579, 94
Trd, 2591191.863, 99
Trd, 2591192.729, 103
Trd, 2591193.079, 104
Trd, 2591193.779, 104
Trd, 2591194.096, 104
Trd, 2591194.346, 103
Trd, 2591194.979, 106
Trd, 2591195.213, 98
Trd, 2591195.496, 106
Trd, 2591195.513, 98
Trd, 2591195.696, 92
Trd, 2591196.513, 93
Trd, 2591196.579, 92
Trd, 2591197.729, 91
Trd, 2591200.346, 109
Trd, 2591201.429, 112
Trd, 2591201.563, 98
Trd, 2591201.763, 98
Trd, 2591201.863, 97
Trd, 2591203.229, 100
Trd, 2591204.896, 101
Trd, 2591205.546, 101
Trd, 2591206.179, 102
Trd, 2591206.296, 102
Trd, 2591206.346, 100
Trd, 2591208.546, 103
Trd, 2591209.013, 104
Trd, 2591209.196, 103
Trd, 2591209.496, 100
Trd, 2591209.846, 104
Trd, 2591209.913, 98
Trd, 2591211.279, 104
Trd, 2591212.279, 94
Trd, 2591212.446, 94
Trd, 2591212.863, 101
Trd, 2591215.096, 101
Trd, 2591215.829, 102
Trd, 2591216.363, 101
Trd, 2591216.696, 100
Trd, 2591216.929, 105
Trd, 2591218.846, 102
Trd, 2591220.363, 104
Trd, 2591220.629, 105
Trd, 2591220.946, 103
Trd, 2591221.046, 100
Trd, 2591221.563, 107
Trd, 2591222.163, 100
Trd, 2591223.513, 104
Trd, 2591224.379, 104
Trd, 2591225.113, 102
Trd, 2591225.913, 99
Trd, 2591226.463, 99
Trd, 2591226.896, 99
Trd, 2591226.913, 98
Trd, 2591229.079, 99
Trd, 2591229.729, 99
Trd, 2591230.213, 101
Trd, 2591230.613, 105
Trd, 2591231.096, 108
Trd, 2591231.629, 98
Trd, 2591233.663, 100
Trd, 2591234.096, 99
Trd, 2591234.413, 100
Trd, 2591234.896, 101
Trd, 2591235.429, 101
Trd, 2591235.579, 98
Trd, 2591235.779, 95
Trd, 2591238.329, 102
Trd, 2591238.396, 94
Trd, 2591238.846, 88
Trd, 2591238.896, 106
Trd, 2591240.429, 107
Trd, 2591241.329, 92
Trd, 2591241.396, 92
Trd, 2591242.279, 106
Trd, 2591242.979, 107
Trd, 2591243.396, 94
Trd, 2591245.179, 107
Trd, 2591245.496, 98
Trd, 2591245.646, 114
Trd, 2591245.913, 102
Trd, 2591247.946, 102
Trd, 2591249.346, 107
Trd, 2591249.513, 105
Trd, 2591249.913, 109
Trd, 2591250.163, 96
Trd, 2591250.313, 94
Trd, 2591251.429, 97
Trd, 2591251.796, 96
Trd, 2591253.496, 94
Trd, 2591255.713, 98
Trd, 2591256.479, 98
Trd, 2591256.946, 98
Trd, 2591256.979, 97
Trd, 2591257.696, 100
Trd, 2591259.496, 101
Trd, 2591259.663, 100
Trd, 2591260.229, 105
Trd, 2591260.629, 112
Trd, 2591260.679, 115
Trd, 2591260.813, 94
Trd, 2591261.129, 91
Trd, 2591261.813, 87
Trd, 2591262.896, 88
Trd, 2591265.129, 89
Trd, 2591265.446, 88
Trd, 2591266.063, 92
Trd, 2591266.629, 93
Trd, 2591269.446, 98
Trd, 2591270.029, 101
Trd, 2591270.079, 97
Trd, 2591271.179, 99
Trd, 2591271.263, 103
Trd, 2591271.913, 103
Trd, 2591272.396, 103
Trd, 2591272.663, 102
Trd, 2591273.063, 102
Trd, 2591273.096, 100
Trd, 2591273.629, 95
Trd, 2591274.396, 104
Trd, 2591276.796, 101
Trd, 2591277.346, 102
Trd, 2591277.546, 103
Trd, 2591278.246, 105
Trd, 2591279.163, 105
Trd, 2591279.463, 104
Trd, 2591279.729, 107
Trd, 2591279.896, 94
Trd, 2591281.963, 106
Trd, 2591284.446, 99
Trd, 2591284.696, 99
Trd, 2591284.763, 94
Trd, 2591285.196, 103
Trd, 2591285.513, 104
Trd, 2591286.146, 108
Trd, 2591287.596, 105
Trd, 2591287.646, 105
Trd, 2591288.979, 106
Trd, 2591290.029, 107
Trd, 2591290.829, 108
Trd, 2591290.929, 106
Trd, 2591291.296, 98
Trd, 2591292.079, 112
Trd, 2591292.879, 100
Trd, 2591293.863, 94
Trd, 2591294.629, 101
Trd, 2591294.746, 102
Trd, 2591295.313, 91
Trd, 2591296.096, 88
Trd, 2591296.329, 84
Trd, 2591297.029, 101
Trd, 2591299.063, 95
Trd, 2591299.663, 99
Trd, 2591299.679, 98
Trd, 2591299.779, 97
Trd, 2591300.463, 95
Trd, 2591301.629, 101
Trd, 2591302.396, 96
Trd, 2591302.663, 95
Trd, 2591303.096, 95
Trd, 2591303.829, 94
Trd, 2591304.046, 105
Trd, 2591304.113, 91
Trd, 2591305.063, 108
Trd, 2591308.396, 106
Trd, 2591309.213, 103
Trd, 2591309.796, 106
Trd, 2591310.163, 110
Trd, 2591310.363, 107
Trd, 2591310.846, 109
Trd, 2591311.229, 108
Trd, 2591312.329, 107
Trd, 2591313.113, 108
Trd, 2591313.313, 111
Trd, 2591313.446, 107
Trd, 2591314.313, 111
Trd, 2591314.513, 98
Trd, 2591315.079, 112
Trd, 2591315.246, 100
Trd, 2591316.213, 94
Trd, 2591317.229, 92
Trd, 2591320.729, 105
Trd, 2591321.196, 105
Trd, 2591321.596, 105
Trd, 2591321.696, 105
Trd, 2591322.246, 105
Trd, 2591322.796, 104
Trd, 2591323.046, 98
Trd, 2591325.546, 93
Trd, 2591325.779, 92
Trd, 2591326.063, 93
Trd, 2591327.279, 96
Trd, 2591327.446, 98
Trd, 2591327.829, 94
Trd, 2591328.096, 94
Trd, 2591329.413, 96
Trd, 2591332.763, 100
Trd, 2591333.313, 101
Trd, 2591334.513, 109
Trd, 2591334.746, 108
Trd, 2591334.946, 109
Trd, 2591335.596, 111
Trd, 2591335.713, 110
Trd, 2591336.779, 108
Trd, 2591337.196, 100
Trd, 2591337.396, 98
Trd, 2591337.579, 93
Trd, 2591338.679, 115
Trd, 2591339.129, 112
Trd, 2591341.063, 95
Trd, 2591341.546, 104
Trd, 2591342.746, 99
Trd, 2591342.996, 105
Trd, 2591344.146, 105
Trd, 2591344.513, 103
Trd, 2591345.429, 100
Trd, 2591345.829, 100
Trd, 2591347.129, 106
Trd, 2591347.296, 103
Trd, 2591347.546, 94
Trd, 2591347.829, 112
Trd, 2591347.929, 97
Trd, 2591350.179, 105
Trd, 2591351.946, 102
Trd, 2591352.279, 100
Trd, 2591352.779, 100
Trd, 2591353.463, 99
Trd, 2591353.796, 98
Trd, 2591354.396, 98
Trd, 2591354.646, 101
Trd, 2591357.746, 97
Trd, 2591358.046, 102
Trd, 2591358.479, 98
Trd, 2591358.713, 105
Trd, 2591359.913, 98
Trd, 2591360.879, 100
Trd, 2591362.213, 102
Trd, 2591362.679, 102
Trd, 2591363.146, 103
Trd, 2591363.679, 98
Trd, 2591365.063, 96
Trd, 2591365.429, 96
Trd, 2591365.996, 97
Trd, 2591366.496, 101
Trd, 2591367.479, 104
Trd, 2591368.063, 104
Trd, 2591368.663, 105
Trd, 2591369.063, 105
Trd, 2591370.696, 108
Trd, 2591371.146, 106
Trd, 2591371.296, 94
Trd, 2591371.729, 91
Trd, 2591372.796, 90
Trd, 2591372.846, 112
Trd, 2591373.246, 113
Trd, 2591374.563, 113
Trd, 2591376.113, 100
Trd, 2591376.763, 91
Trd, 2591377.096, 85
Trd, 2591377.329, 84
Trd, 2591378.196, 121
Trd, 2591378.946, 108
Trd, 2591380.846, 95
Trd, 2591381.596, 102
Trd, 2591381.696, 103
Trd, 2591382.179, 105
Trd, 2591382.229, 111
Trd, 2591384.179, 114
Trd, 2591384.796, 115
Trd, 2591384.896, 114
Trd, 2591385.863, 113
Trd, 2591387.496, 112
Trd, 2591388.696, 122
Trd, 2591388.779, 100
Trd, 2591389.596, 100
Trd, 2591390.296, 105
Trd, 2591390.496, 102
Trd, 2591390.596, 101
Trd, 2591391.829, 98
Trd, 2591392.263, 95
Trd, 2591393.396, 98
Trd, 2591393.896, 101
Trd, 2591394.713, 108
Trd, 2591394.863, 99
Trd, 2591394.979, 97
Trd, 2591395.263, 95
Trd, 2591396.929, 102
Trd, 2591398.979, 104
Trd, 2591399.063, 105
Trd, 2591399.429, 105
Trd, 2591400.163, 107
Trd, 2591401.079, 105
Trd, 2591401.129, 98
Trd, 2591401.479, 94
Trd, 2591402.396, 108
Trd, 2591404.779, 96
Trd, 2591405.046, 101
Trd, 2591405.063, 96
Trd, 2591405.479, 94
Trd, 2591405.879, 88
Trd, 2591408.346, 96
Trd, 2591409.846, 97
Trd, 2591410.146, 98
Trd, 2591410.646, 97
Trd, 2591410.929, 98
Trd, 2591410.946, 95
Trd, 2591411.396, 94
Trd, 2591411.879, 92
Trd, 2591412.513, 99
Trd, 2591412.796, 101
Trd, 2591413.546, 96
Trd, 2591413.713, 97
Trd, 2591414.313, 97
Trd, 2591414.679, 98
Trd, 2591414.946, 98
Trd, 2591416.563, 105
Trd, 2591417.646, 108
Trd, 2591417.729, 107
Trd, 2591417.779, 112
Trd, 2591418.063, 113
Trd, 2591418.246, 107
Trd, 2591418.946, 108
Trd, 2591421.113, 113
Trd, 2591421.346, 112
Trd, 2591421.996, 106
Trd, 2591423.779, 99
Trd, 2591425.429, 101
Trd, 2591426.413, 98
Trd, 2591427.229, 94
Trd, 2591427.629, 94
Trd, 2591427.829, 93
Trd, 2591429.796, 92
Trd, 2591430.546, 94
Trd, 2591430.579, 93
Trd, 2591430.763, 98
Trd, 2591430.813, 101
Trd, 2591432.763, 91
Trd, 2591432.929, 105
Trd, 2591433.163, 86
Trd, 2591434.263, 84
Trd, 2591435.596, 88
Trd, 2591435.929, 100
Trd, 2591436.079, 89
Trd, 2591436.346, 100
Trd, 2591437.079, 99
Trd, 2591438.129, 98
Trd, 2591438.163, 97
Trd, 2591438.179, 101
Trd, 2591439.613, 99
Trd, 2591440.763, 102
Trd, 2591441.513, 105
Trd, 2591443.146, 112
Trd, 2591443.863, 114
Trd, 2591444.113, 115
Trd, 2591444.446, 114
Trd, 2591445.046, 112
Trd, 2591446.163, 94
Trd, 2591447.363, 98
Trd, 2591448.196, 97
Trd, 2591448.329, 96
Trd, 2591448.663, 88
Trd, 2591450.446, 102
Trd, 2591451.046, 102
Trd, 2591451.846, 103
Trd, 2591452.679, 102
Trd, 2591452.996, 101
Trd, 2591453.029, 102
Trd, 2591453.846, 98
Trd, 2591454.029, 105
Trd, 2591455.446, 107
Trd, 2591457.796, 107
Trd, 2591458.096, 109
Trd, 2591458.429, 109
Trd, 2591458.879, 107
Trd, 2591459.113, 109
Trd, 2591459.763, 106
Trd, 2591460.563, 98
Trd, 2591461.763, 94
Trd, 2591462.063, 112
Trd, 2591462.113, 93
Trd, 2591463.813, 96
Trd, 2591464.013, 112
Trd, 2591464.679, 98
Trd, 2591465.313, 97
Trd, 2591467.546, 102
Trd, 2591468.063, 102
Trd, 2591468.163, 102
Trd, 2591468.296, 102
Trd, 2591468.496, 101
Trd, 2591469.046, 99
Trd, 2591469.263, 98
Trd, 2591469.629, 91
Trd, 2591470.396, 92
Trd, 2591472.346, 95
Trd, 2591474.096, 99
Trd, 2591475.563, 99
Trd, 2591475.879, 101
Trd, 2591476.146, 105
Trd, 2591476.263, 108
Trd, 2591477.846, 112
Trd, 2591478.113, 104
Trd, 2591479.013, 106
Trd, 2591479.496, 108
Trd, 2591480.279, 108
Trd, 2591480.413, 107
Trd, 2591480.679, 107
Trd, 2591483.096, 100
Trd, 2591483.563, 94
Trd, 2591484.679, 91
Trd, 2591485.046, 92
Trd, 2591485.846, 91
Trd, 2591486.779, 101
Trd, 2591487.179, 101
Trd, 2591487.729, 102
Trd, 2591488.429, 103
Trd, 2591489.413, 104
Trd, 2591489.613, 105
Trd, 2591490.079, 103
Trd, 2591490.913, 108
Trd, 2591491.946, 111
Trd, 2591493.163, 108
Trd, 2591493.563, 108
Trd, 2591493.763, 108
Trd, 2591495.429, 98
Trd, 2591495.646, 90
Trd, 2591496.229, 103
Trd, 2591497.563, 102
Trd, 2591497.779, 102
Trd, 2591498.846, 94
Trd, 2591499.279, 93
Trd, 2591499.496, 104
Trd, 2591500.013, 93
Trd, 2591500.596, 96
Trd, 2591502.163, 101
Trd, 2591502.979, 101
Trd, 2591503.846, 101
Trd, 2591504.963, 101
Trd, 2591505.146, 98
Trd, 2591507.013, 94
Trd, 2591508.063, 96
Trd, 2591508.396, 103
Trd, 2591509.029, 104
Trd, 2591509.613, 93
Trd, 2591510.813, 98
Trd, 2591510.946, 97
Trd, 2591511.046, 101
Trd, 2591511.763, 102
Trd, 2591512.146, 105
Trd, 2591513.663, 103
Trd, 2591514.396, 102
Trd, 2591514.779, 108
Trd, 2591519.179, 104
Trd, 2591519.213, 103
Trd, 2591520.413, 101
Trd, 2591521.046, 103
Trd, 2591521.079, 109
Trd, 2591521.263, 101
Trd, 2591521.546, 101
Trd, 2591521.613, 99
Trd, 2591521.679, 98
Trd, 2591522.029, 110
Trd, 2591522.996, 102
Trd, 2591524.296, 94
Trd, 2591525.513, 93
Trd, 2591525.663, 93
Trd, 2591525.963, 92
Trd, 2591527.029, 93
Trd, 2591527.346, 98
Trd, 2591527.579, 92
Trd, 2591527.746, 91
Trd, 2591527.813, 105
Trd, 2591529.679, 90
Trd, 2591530.863, 93
Trd, 2591532.413, 97
Trd, 2591533.579, 97
Trd, 2591533.896, 96
Trd, 2591534.129, 94
Trd, 2591534.563, 101
Trd, 2591534.913, 105
Trd, 2591537.646, 105
Trd, 2591538.413, 105
Trd, 2591538.846, 102
Trd, 2591540.363, 108
Trd, 2591540.446, 107
Trd, 2591541.129, 111
Trd, 2591541.496, 112
Trd, 2591541.663, 113
Trd, 2591542.496, 112
Trd, 2591544.563, 102
Trd, 2591544.979, 98
Trd, 2591545.246, 94
Trd, 2591545.263, 91
Trd, 2591545.396, 105
Trd, 2591545.996, 90
Trd, 2591546.129, 89
Trd, 2591548.879, 99
Trd, 2591549.263, 100
Trd, 2591550.096, 98
Trd, 2591550.396, 94
Trd, 2591550.846, 100
Trd, 2591552.246, 92
Trd, 2591552.696, 94
Trd, 2591553.263, 99
Trd, 2591554.463, 99
Trd, 2591555.263, 101
Trd, 2591555.729, 105
Trd, 2591556.713, 102
Trd, 2591557.563, 104
Trd, 2591557.896, 104
Trd, 2591559.396, 109
Trd, 2591559.446, 109
Trd, 2591559.546, 108
Trd, 2591560.013, 109
Trd, 2591561.129, 109
Trd, 2591561.663, 118
Trd, 2591562.129, 110
Trd, 2591562.146, 109
Trd, 2591562.746, 98
Trd, 2591563.246, 91
Trd, 2591564.313, 87
Trd, 2591564.363, 110
Trd, 2591564.579, 84
Trd, 2591565.129, 95
Trd, 2591566.013, 97
Trd, 2591568.079, 103
Trd, 2591568.246, 104
Trd, 2591568.646, 104
Trd, 2591569.763, 104
Trd, 2591569.963, 105
Trd, 2591570.246, 104
Trd, 2591570.679, 105
Trd, 2591572.079, 108
Trd, 2591572.546, 117
Trd, 2591573.013, 108
Trd, 2591574.696, 117
Trd, 2591575.163, 102
Trd, 2591575.929, 102
Trd, 2591576.679, 121
Trd, 2591577.679, 99
Trd, 2591577.813, 107
Trd, 2591578.813, 98
Trd, 2591579.263, 121
Trd, 2591580.513, 95
Trd, 2591581.596, 95
Trd, 2591581.829, 101
Trd, 2591582.479, 101
Trd, 2591583.163, 97
Trd, 2591583.629, 97
Trd, 2591583.846, 100
Trd, 2591584.179, 97
Trd, 2591585.046, 102
Trd, 2591585.396, 104
Trd, 2591586.113, 108
Trd, 2591586.596, 106
Trd, 2591589.163, 106
Trd, 2591589.396, 105
Trd, 2591589.413, 107
Trd, 2591590.479, 96
Trd, 2591592.813, 96
Trd, 2591592.863, 94
Trd, 2591593.113, 97
Trd, 2591593.446, 89
Trd, 2591594.846, 91
Trd, 2591595.063, 101
Trd, 2591595.996, 94
Trd, 2591596.413, 106
Trd, 2591597.579, 104
Trd, 2591598.063, 104
Trd, 2591599.013, 104
Trd, 2591599.063, 104
Trd, 2591599.263, 105
Trd, 2591599.296, 105
Trd, 2591599.496, 103
Trd, 2591599.529, 98
Trd, 2591601.929, 94
Trd, 2591602.346, 96
Trd, 2591604.229, 108
Trd, 2591605.663, 101
Trd, 2591606.896, 103
Trd, 2591608.046, 106
Trd, 2591608.063, 107
Trd, 2591608.729, 107
Trd, 2591609.129, 107
Trd, 2591609.479, 106
Trd, 2591609.913, 110
Trd, 2591610.496, 110
Trd, 2591611.063, 111
Trd, 2591611.479, 95
Trd, 2591612.796, 112
Trd, 2591614.946, 101
Trd, 2591615.346, 105
Trd, 2591616.413, 98
Trd, 2591617.079, 94
Trd, 2591618.096, 90
Trd, 2591618.146, 102
Trd, 2591618.996, 109
Trd, 2591619.079, 91
Trd, 2591621.313, 96
Trd, 2591622.613, 102
Trd, 2591622.996, 104
Trd, 2591623.196, 101
Trd, 2591623.679, 103
Trd, 2591623.896, 103
Trd, 2591625.146, 99
Trd, 2591625.479, 95
Trd, 2591625.579, 94
Trd, 2591626.013, 91
Trd, 2591626.713, 99
Trd, 2591627.496, 89
Trd, 2591627.763, 89
Trd, 2591629.913, 93
Trd, 2591631.529, 101
Trd, 2591631.863, 101
Trd, 2591631.929, 99
Trd, 2591632.529, 101
Trd, 2591633.846, 98
Trd, 2591633.996, 95
Trd, 2591635.146, 95
Trd, 2591635.463, 101
Trd, 2591637.546, 99
Trd, 2591638.879, 102
Trd, 2591640.596, 105
Trd, 2591640.813, 105
Trd, 2591642.296, 106
Trd, 2591642.396, 105
Trd, 2591642.596, 105
Trd, 2591642.913, 105
Trd, 2591642.929, 98
Trd, 2591643.029, 105
Trd, 2591643.229, 107
Trd, 2591643.613, 92
Trd, 2591644.596, 91
Trd, 2591645.446, 87
Trd, 2591645.929, 87
Trd, 2591646.079, 84
Trd, 2591649.263, 95
Trd, 2591649.363, 95
Trd, 2591650.113, 107
Trd, 2591650.346, 100
Trd, 2591651.296, 105
Trd, 2591652.679, 109
Trd, 2591652.846, 105
Trd, 2591653.396, 107
Trd, 2591653.613, 108
Trd, 2591654.146, 108
Trd, 2591655.596, 102
Trd, 2591655.663, 106
Trd, 2591656.713, 103
Trd, 2591657.829, 103
Trd, 2591658.796, 98
Trd, 2591660.013, 94
Trd, 2591661.079, 97
Trd, 2591661.263, 98
Trd, 2591662.996, 97
Trd, 2591663.463, 97
Trd, 2591663.513, 101
Trd, 2591664.913, 114
Trd, 2591665.529, 103
Trd, 2591666.229, 105
Trd, 2591667.313, 104
Trd, 2591668.246, 108
Trd, 2591668.746, 108
Trd, 2591668.896, 107
Trd, 2591670.579, 102
Trd, 2591671.346, 101
Trd, 2591671.979, 102
Trd, 2591672.479, 98
Trd, 2591672.829, 94
Trd, 2591673.146, 93
Trd, 2591673.379, 105
Trd, 2591674.063, 93
Trd, 2591674.946, 104
Trd, 2591676.329, 91
Trd, 2591676.363, 87
Trd, 2591676.796, 105
Trd, 2591676.913, 85
Trd, 2591678.013, 94
Trd, 2591679.346, 93
Trd, 2591680.463, 100
Trd, 2591680.929, 101
Trd, 2591681.029, 101
Trd, 2591681.346, 108
Trd, 2591682.113, 108
Trd, 2591682.529, 108
Trd, 2591683.146, 112
Trd, 2591684.163, 115
Trd, 2591684.329, 115
Trd, 2591686.413, 115
Trd, 2591686.813, 113
Trd, 2591686.929, 112
Trd, 2591688.629, 87
Trd, 2591689.063, 97
Trd, 2591689.346, 88
Trd, 2591691.029, 95
Trd, 2591692.063, 93
Trd, 2591692.296, 94
Trd, 2591692.379, 92
Trd, 2591692.829, 98
Trd, 2591693.013, 101
Trd, 2591694.263, 105
Trd, 2591696.046, 101
Trd, 2591696.063, 100
Trd, 2591697.863, 99
Trd, 2591698.563, 99
Trd, 2591698.713, 98
Trd, 2591699.096, 101
Trd, 2591699.213, 94
Trd, 2591700.879, 93
Trd, 2591701.646, 98
Trd, 2591702.679, 98
Trd, 2591704.413, 99
Trd, 2591705.446, 92
Trd, 2591705.929, 91
Trd, 2591705.963, 104
Trd, 2591706.696, 88
Trd, 2591707.129, 87
Trd, 2591707.746, 87
Trd, 2591708.013, 99
Trd, 2591709.179, 100
Trd, 2591711.396, 104
Trd, 2591711.513, 103
Trd, 2591711.996, 103
Trd, 2591712.163, 107
Trd, 2591714.446, 107
Trd, 2591714.613, 106
Trd, 2591715.229, 99
Trd, 2591715.729, 98
Trd, 2591716.129, 94
Trd, 2591716.246, 105
Trd, 2591717.513, 98
Trd, 2591718.646, 102
Trd, 2591719.496, 105
Trd, 2591719.746, 98
Trd, 2591721.063, 99
Trd, 2591721.446, 108
Trd, 2591721.546, 98
Trd, 2591723.446, 102
Trd, 2591724.396, 103
Trd, 2591724.513, 99
Trd, 2591724.863, 94
Trd, 2591725.063, 91
Trd, 2591726.013, 90
Trd, 2591726.046, 89
Trd, 2591727.296, 92
Trd, 2591727.479, 98
Trd, 2591729.763, 98
Trd, 2591730.079, 97
Trd, 2591730.463, 105
Trd, 2591730.763, 109
Trd, 2591731.463, 112
Trd, 2591731.729, 108
Trd, 2591733.879, 108
Trd, 2591734.313, 112
Trd, 2591734.663, 127
Trd, 2591734.813, 112
Trd, 2591735.129, 111
Trd, 2591735.563, 98
Trd, 2591739.096, 110
Trd, 2591739.146, 110
Trd, 2591739.496, 112
Trd, 2591739.946, 112
Trd, 2591740.463, 105
Trd, 2591741.979, 105
Trd, 2591742.279, 105
Trd, 2591742.979, 103
Trd, 2591744.446, 96
Trd, 2591744.763, 98
Trd, 2591744.779, 99
Trd, 2591745.679, 94
Trd, 2591746.829, 99
Trd, 2591747.896, 104
Trd, 2591748.263, 109
Trd, 2591748.813, 104
Trd, 2591749.546, 91
Trd, 2591750.429, 97
Trd, 2591751.263, 98
Trd, 2591751.329, 98
Trd, 2591752.396, 99
Trd, 2591752.563, 100
Trd, 2591753.129, 99
Trd, 2591753.179, 98
Trd, 2591754.079, 94
Trd, 2591755.513, 87
Trd, 2591755.579, 84
Trd, 2591755.813, 83
Trd, 2591756.579, 94
Trd, 2591756.763, 91
Trd, 2591756.946, 95
Trd, 2591760.429, 99
Trd, 2591760.846, 99
Trd, 2591761.146, 99
Trd, 2591761.813, 99
Trd, 2591761.846, 98
Trd, 2591763.046, 101
Trd, 2591763.329, 105
Trd, 2591763.496, 100
Trd, 2591763.946, 102
Trd, 2591765.513, 110
Trd, 2591765.613, 108
Trd, 2591766.229, 107
Trd, 2591766.529, 106
Trd, 2591767.329, 107
Trd, 2591767.996, 112
Trd, 2591768.546, 104
Trd, 2591768.729, 103
Trd, 2591769.963, 100
Trd, 2591772.229, 103
Trd, 2591772.996, 104
Trd, 2591773.613, 105
Trd, 2591774.246, 109
Trd, 2591774.896, 106
Trd, 2591775.446, 106
Trd, 2591776.329, 98
Trd, 2591778.363, 96
Trd, 2591778.629, 96
Trd, 2591779.163, 97
Trd, 2591781.163, 104
Trd, 2591781.379, 101
Trd, 2591781.679, 101
Trd, 2591782.246, 101
Trd, 2591782.929, 100
Trd, 2591784.313, 105
Trd, 2591784.796, 101
Trd, 2591786.063, 99
Trd, 2591786.513, 95
Trd, 2591787.196, 99
Trd, 2591787.613, 106
Trd, 2591788.563, 94
Trd, 2591788.913, 90
Trd, 2591789.129, 99
Trd, 2591789.913, 107
Trd, 2591790.929, 104
Trd, 2591790.946, 91
Trd, 2591791.346, 91
Trd, 2591792.313, 89
Trd, 2591792.396, 103
Trd, 2591793.479, 94
Trd, 2591795.413, 97
Trd, 2591796.246, 95
Trd, 2591796.963, 95
Trd, 2591796.996, 94
Trd, 2591797.246, 92
Trd, 2591797.263, 95
Trd, 2591797.346, 91
Trd, 2591799.146, 89
Trd, 2591800.129, 95
Trd, 2591800.279, 98
Trd, 2591800.513, 91
Trd, 2591802.963, 101
Trd, 2591803.029, 100
Trd, 2591803.213, 102
Trd, 2591803.613, 105
Trd, 2591804.363, 103
Trd, 2591804.796, 103
Trd, 2591805.296, 110
Trd, 2591806.179, 105
Trd, 2591806.379, 104
Trd, 2591809.579, 107
Trd, 2591810.179, 105
Trd, 2591810.329, 104
Trd, 2591811.396, 105
Trd, 2591811.696, 105
Trd, 2591811.946, 108
Trd, 2591812.446, 107
Trd, 2591813.146, 106
Trd, 2591814.613, 106
Trd, 2591814.629, 110
Trd, 2591815.479, 115
Trd, 2591815.979, 104
Trd, 2591816.446, 99
Trd, 2591817.679, 110
Trd, 2591819.079, 101
Trd, 2591819.313, 106
Trd, 2591819.413, 100
Trd, 2591821.446, 104
Trd, 2591821.529, 110
Trd, 2591822.129, 110
Trd, 2591822.879, 108
Trd, 2591823.346, 109
Trd, 2591823.513, 108
Trd, 2591823.696, 104
Trd, 2591824.913, 99
Trd, 2591826.229, 100
Trd, 2591827.279, 98
Trd, 2591827.413, 99
Trd, 2591827.879, 98
Trd, 2591828.663, 98
Trd, 2591829.246, 98
Trd, 2591829.663, 100
Trd, 2591829.929, 99
Trd, 2591829.979, 98
Trd, 2591831.396, 101
Trd, 2591832.079, 97
Trd, 2591836.513, 105
Trd, 2591836.913, 105
Trd, 2591839.229, 97
Trd, 2591839.346, 100
Trd, 2591839.563, 96
Trd, 2591839.779, 95
Trd, 2591841.863, 101
Trd, 2591842.163, 101
Trd, 2591842.746, 102
Trd, 2591842.813, 102
Trd, 2591842.863, 101
Trd, 2591843.879, 101
Trd, 2591844.646, 104
Trd, 2591845.229, 96
Trd, 2591846.329, 98
Trd, 2591847.013, 105
Trd, 2591847.496, 96
Trd, 2591848.463, 95
Trd, 2591848.646, 103
Trd, 2591850.329, 101
Trd, 2591850.479, 105
Trd, 2591850.696, 102
Trd, 2591851.429, 101
Trd, 2591852.496, 105
Trd, 2591852.729, 101
Trd, 2591853.329, 99
Trd, 2591853.429, 105
Trd, 2591853.629, 105
Trd, 2591854.063, 98
Trd, 2591854.246, 91
Trd, 2591855.496, 90
Trd, 2591855.546, 89
Trd, 2591855.563, 108
Trd, 2591857.379, 89
Trd, 2591858.579, 90
Trd, 2591858.996, 89
Trd, 2591859.563, 88
Trd, 2591859.996, 84
Trd, 2591860.396, 98
Trd, 2591862.829, 98
Trd, 2591863.263, 108
Trd, 2591863.963, 94
Trd, 2591865.996, 106
Trd, 2591866.296, 108
Trd, 2591866.329, 107
Trd, 2591866.663, 108
Trd, 2591867.763, 112
Trd, 2591868.063, 119
Trd, 2591869.113, 117
Trd, 2591869.663, 118
Trd, 2591869.679, 115
Trd, 2591870.363, 115
Trd, 2591870.713, 112
Trd, 2591871.479, 98
Trd, 2591873.446, 97
Trd, 2591873.529, 96
Trd, 2591873.863, 109
Trd, 2591875.179, 92
Trd, 2591875.679, 103
Trd, 2591877.496, 93
Trd, 2591878.213, 94
Trd, 2591878.229, 96
Trd, 2591879.246, 94
Trd, 2591879.346, 93
Trd, 2591879.879, 92
Trd, 2591880.113, 92
Trd, 2591880.213, 91
Trd, 2591880.579, 85
Trd, 2591881.079, 94
Trd, 2591882.196, 96
Trd, 2591882.896, 93
Trd, 2591883.413, 92
Trd, 2591884.313, 95
Trd, 2591884.796, 101
Trd, 2591884.879, 111
Trd, 2591885.363, 112
Trd, 2591887.963, 106
Trd, 2591888.529, 105
Trd, 2591888.546, 106
Trd, 2591889.463, 104
Trd, 2591890.079, 98
Trd, 2591891.296, 98
Trd, 2591892.679, 105
Trd, 2591893.513, 106
Trd, 2591894.079, 106
Trd, 2591894.246, 105
Trd, 2591894.413, 103
Trd, 2591895.879, 98
Trd, 2591895.996, 97
Trd, 2591896.563, 106
Trd, 2591896.579, 93
Trd, 2591897.679, 94
Trd, 2591899.329, 104
Trd, 2591899.696, 104
Trd, 2591901.296, 95
Trd, 2591901.896, 97
Trd, 2591902.079, 103
Trd, 2591903.563, 102
Trd, 2591903.663, 98
Trd, 2591904.463, 97
Trd, 2591904.813, 95
Trd, 2591905.063, 91
Trd, 2591905.446, 86
Trd, 2591906.713, 86
Trd, 2591907.946, 82
Trd, 2591908.196, 81
Trd, 2591908.896, 95
Trd, 2591910.579, 98
Trd, 2591910.613, 97
Trd, 2591910.796, 96
Trd, 2591911.779, 100
Trd, 2591912.346, 101
Trd, 2591912.713, 102
Trd, 2591912.829, 105
Trd, 2591913.296, 107
Trd, 2591914.279, 105
Trd, 2591914.413, 107
Trd, 2591914.513, 106
Trd, 2591915.929, 108
Trd, 2591917.513, 109
Trd, 2591918.063, 110
Trd, 2591918.513, 112
Trd, 2591919.279, 109
Trd, 2591919.379, 118
Trd, 2591919.713, 108
Trd, 2591921.679, 109
Trd, 2591922.413, 116
Trd, 2591922.796, 117
Trd, 2591923.229, 118
Trd, 2591923.529, 117
Trd, 2591925.779, 107
Trd, 2591925.829, 105
Trd, 2591926.546, 106
Trd, 2591926.663, 105
Trd, 2591927.129, 108
Trd, 2591927.479, 98
Trd, 2591928.413, 107
Trd, 2591928.796, 96
Trd, 2591929.213, 95
Trd, 2591930.279, 94
Trd, 2591930.763, 91
Trd, 2591931.263, 89
Trd, 2591932.163, 103
Trd, 2591932.513, 103
Trd, 2591935.146, 95
Trd, 2591935.913, 96
Trd, 2591936.646, 97
Trd, 2591937.629, 98
Trd, 2591938.796, 99
Trd, 2591938.929, 100
Trd, 2591939.079, 101
Trd, 2591939.363, 101
Trd, 2591939.946, 109
Trd, 2591941.279, 108
Trd, 2591941.396, 112
Trd, 2591942.013, 105
Trd, 2591942.179, 103
Trd, 2591942.263, 98
Trd, 2591943.796, 104
Trd, 2591943.963, 123
Trd, 2591944.113, 100
Trd, 2591944.713, 99
Trd, 2591945.329, 94
Trd, 2591947.213, 102
Trd, 2591948.563, 100
Trd, 2591948.929, 97
Trd, 2591949.063, 91
Trd, 2591949.246, 87
Trd, 2591950.629, 93
Trd, 2591950.996, 93
Trd, 2591951.813, 98
Trd, 2591952.346, 99
Trd, 2591952.563, 101
Trd, 2591953.596, 103
Trd, 2591953.896, 104
Trd, 2591954.229, 105
Trd, 2591954.796, 108
Trd, 2591955.763, 109
Trd, 2591956.163, 108
Trd, 2591956.229, 107
Trd, 2591957.079, 103
Trd, 2591958.146, 98
Trd, 2591958.813, 91
Trd, 2591960.829, 96
Trd, 2591962.279, 100
Trd, 2591962.696, 101
Trd, 2591963.363, 100
Trd, 2591963.813, 99
Trd, 2591963.829, 98
Trd, 2591964.113, 94
Trd, 2591964.229, 91
Trd, 2591965.263, 105
Trd, 2591967.479, 92
Trd, 2591967.713, 91
Trd, 2591968.163, 93
Trd, 2591968.246, 89
Trd, 2591969.213, 97
Trd, 2591969.396, 96
Trd, 2591970.946, 103
Trd, 2591971.596, 103
Trd, 2591972.646, 102
Trd, 2591973.063, 101
Trd, 2591973.513, 101
Trd, 2591974.779, 103
Trd, 2591976.496, 103
Trd, 2591976.779, 105
Trd, 2591978.396, 102
Trd, 2591978.613, 104
Trd, 2591979.446, 104
Trd, 2591980.063, 105
Trd, 2591980.096, 103
Trd, 2591980.429, 105
Trd, 2591980.879, 99
Trd, 2591981.746, 99
Trd, 2591983.196, 100
Trd, 2591983.413, 98
Trd, 2591983.579, 104
Trd, 2591984.946, 96
Trd, 2591985.779, 111
Trd, 2591985.879, 95
Trd, 2591987.129, 102
Trd, 2591987.613, 95
Trd, 2591987.746, 94
Trd, 2591987.996, 91
Trd, 2591989.829, 106
Trd, 2591990.329, 104
Trd, 2591990.479, 87
Trd, 2591992.163, 109
Trd, 2591992.896, 95
Trd, 2591993.129, 107
Trd, 2591995.113, 100
Trd, 2591995.129, 99
Trd, 2591995.913, 99
Trd, 2591996.046, 98
Trd, 2591996.129, 99
Trd, 2591996.946, 99
Trd, 2591998.579, 102
Trd, 2591999.763, 104
Trd, 2591999.913, 105
Trd, 2591999.946, 113
