Trd, 2590678.263, 101
Trd, 2590678.329, 105
Trd, 2590678.496, 98
Trd, 2590678.513, 107
Trd, 2590678.613, 108
Trd, 2590679.096, 87
Trd, 2590679.246, 83
Trd, 2590680.229, 95
Trd, 2590680.796, 87
Trd, 2590681.113, 85
Trd, 2590681.613, 106
Trd, 2590683.646, 101
Trd, 2590684.263, 101
Trd, 2590684.329, 100
Trd, 2590684.996, 100
Trd, 2590685.146, 98
Trd, 2590685.679, 84
Trd, 2590686.346, 96
Trd, 2590687.946, 94
Trd, 2590688.213, 87
Trd, 2590688.913, 95
Trd, 2590689.413, 93
Trd, 2590691.329, 100
Trd, 2590691.429, 101
Trd, 2590692.313, 98
Trd, 2590692.446, 106
Trd, 2590692.663, 107
Trd, 2590692.679, 98
Trd, 2590694.379, 106
Trd, 2590694.563, 107
Trd, 2590695.046, 101
Trd, 2590696.629, 101
Trd, 2590697.346, 101
Trd, 2590697.663, 101
Trd, 2590698.279, 100
Trd, 2590698.613, 99
Trd, 2590698.763, 98
Trd, 2590699.313, 92
Trd, 2590700.096, 100
Trd, 2590701.613, 98
Trd, 2590702.429, 94
Trd, 2590704.246, 95
Trd, 2590704.513, 96
Trd, 2590705.213, 96
Trd, 2590706.679, 97
Trd, 2590706.796, 98
Trd, 2590707.863, 100
Trd, 2590708.013, 99
Trd, 2590708.729, 99
Trd, 2590709.113, 97
Trd, 2590709.379, 99
Trd, 2590709.963, 101
Trd, 2590710.546, 108
Trd, 2590710.579, 95
Trd, 2590710.863, 94
Trd, 2590711.396, 105
Trd, 2590712.113, 102
Trd, 2590713.163, 101
Trd, 2590714.446, 105
Trd, 2590714.629, 106
Trd, 2590714.929, 104
Trd, 2590715.213, 106
Trd, 2590715.646, 108
Trd, 2590715.796, 105
Trd, 2590715.846, 100
Trd, 2590715.946, 111
Trd, 2590718.346, 95
Trd, 2590718.946, 98
Trd, 2590719.263, 98
Trd, 2590721.629, 91
Trd, 2590722.796, 92
Trd, 2590723.579, 93
Trd, 2590723.863, 93
Trd, 2590724.063, 91
Trd, 2590725.013, 95
Trd, 2590725.429, 95
Trd, 2590725.529, 96
Trd, 2590727.029, 92
Trd, 2590727.663, 87
Trd, 2590728.579, 94
Trd, 2590728.646, 85
Trd, 2590729.146, 96
Trd, 2590729.979, 96
Trd, 2590731.079, 95
Trd, 2590731.246, 98
Trd, 2590731.496, 101
Trd, 2590732.479, 90
Trd, 2590732.729, 84
Trd, 2590733.663, 97
Trd, 2590733.763, 108
Trd, 2590734.229, 95
Trd, 2590735.146, 107
Trd, 2590736.113, 94
Trd, 2590737.763, 97
Trd, 2590738.596, 97
Trd, 2590739.129, 97
Trd, 2590739.429, 98
Trd, 2590739.963, 91
Trd, 2590741.096, 91
Trd, 2590741.663, 98
Trd, 2590741.979, 98
Trd, 2590742.579, 98
Trd, 2590744.479, 98
Trd, 2590744.979, 97
Trd, 2590745.046, 98
Trd, 2590745.146, 87
Trd, 2590745.796, 97
Trd, 2590747.413, 98
Trd, 2590747.679, 101
Trd, 2590748.163, 105
Trd, 2590748.229, 106
Trd, 2590748.696, 108
Trd, 2590749.596, 108
Trd, 2590750.179, 105
Trd, 2590750.596, 105
Trd, 2590750.929, 112
Trd, 2590751.863, 103
Trd, 2590752.713, 105
Trd, 2590752.763, 106
Trd, 2590753.513, 102
Trd, 2590753.929, 104
Trd, 2590754.379, 104
Trd, 2590754.796, 101
Trd, 2590755.213, 102
Trd, 2590755.496, 101
Trd, 2590756.029, 103
Trd, 2590756.063, 112
Trd, 2590756.079, 98
Trd, 2590756.746, 114
Trd, 2590757.996, 97
Trd, 2590760.829, 109
Trd, 2590760.946, 117
Trd, 2590762.679, 110
Trd, 2590763.113, 108
Trd, 2590763.413, 105
Trd, 2590764.229, 91
Trd, 2590764.763, 88
Trd, 2590766.063, 101
Trd, 2590767.046, 97
Trd, 2590767.113, 98
Trd, 2590767.529, 107
Trd, 2590767.879, 108
Trd, 2590767.896, 110
Trd, 2590768.979, 94
Trd, 2590769.279, 94
Trd, 2590770.429, 96
Trd, 2590770.496, 95
Trd, 2590770.696, 111
Trd, 2590772.646, 92
Trd, 2590773.546, 108
Trd, 2590773.729, 95
Trd, 2590774.213, 105
Trd, 2590775.629, 101
Trd, 2590775.963, 102
Trd, 2590776.313, 102
Trd, 2590776.729, 103
Trd, 2590776.746, 104
Trd, 2590777.513, 111
Trd, 2590777.663, 101
Trd, 2590779.496, 104
Trd, 2590780.563, 99
Trd, 2590781.479, 97
Trd, 2590782.846, 100
Trd, 2590783.613, 94
Trd, 2590783.829, 97
Trd, 2590784.396, 92
Trd, 2590784.746, 94
Trd, 2590784.996, 95
Trd, 2590785.546, 92
Trd, 2590785.996, 95
Trd, 2590786.413, 94
Trd, 2590787.129, 92
Trd, 2590788.646, 92
Trd, 2590789.079, 88
Trd, 2590789.196, 87
Trd, 2590789.313, 94
Trd, 2590790.546, 98
Trd, 2590793.729, 83
Trd, 2590793.963, 84
Trd, 2590794.396, 81
Trd, 2590794.463, 82
Trd, 2590794.496, 84
Trd, 2590795.013, 85
Trd, 2590795.513, 83
Trd, 2590796.196, 96
Trd, 2590796.263, 97
Trd, 2590796.413, 98
Trd, 2590797.579, 87
Trd, 2590797.629, 108
Trd, 2590798.829, 109
Trd, 2590799.063, 92
Trd, 2590799.296, 90
Trd, 2590799.413, 109
Trd, 2590799.763, 110
Trd, 2590800.879, 112
Trd, 2590801.963, 78
Trd, 2590802.846, 100
Trd, 2590802.913, 101
Trd, 2590803.913, 100
Trd, 2590804.129, 101
Trd, 2590804.446, 97
Trd, 2590805.629, 77
Trd, 2590807.629, 101
Trd, 2590808.179, 101
Trd, 2590808.846, 95
Trd, 2590808.996, 107
Trd, 2590809.246, 96
Trd, 2590810.163, 97
Trd, 2590810.796, 105
Trd, 2590811.279, 105
Trd, 2590812.196, 103
Trd, 2590812.496, 104
Trd, 2590812.729, 106
Trd, 2590812.813, 102
Trd, 2590812.946, 99
Trd, 2590813.563, 107
Trd, 2590814.879, 107
Trd, 2590814.963, 102
Trd, 2590816.079, 105
Trd, 2590816.313, 105
Trd, 2590816.563, 103
Trd, 2590818.113, 104
Trd, 2590819.496, 93
Trd, 2590820.513, 97
Trd, 2590821.213, 95
Trd, 2590821.379, 96
Trd, 2590821.579, 91
Trd, 2590821.746, 96
Trd, 2590823.379, 97
Trd, 2590824.329, 98
Trd, 2590824.913, 108
Trd, 2590825.746, 99
Trd, 2590825.929, 98
Trd, 2590826.163, 98
Trd, 2590826.196, 107
Trd, 2590827.429, 106
Trd, 2590827.479, 107
Trd, 2590827.613, 99
Trd, 2590827.646, 112
Trd, 2590828.296, 114
Trd, 2590828.813, 100
Trd, 2590829.979, 99
Trd, 2590832.713, 103
Trd, 2590833.096, 101
Trd, 2590833.413, 101
Trd, 2590833.513, 100
Trd, 2590834.429, 100
Trd, 2590834.946, 98
Trd, 2590835.029, 87
Trd, 2590835.146, 98
Trd, 2590835.163, 86
Trd, 2590835.346, 85
Trd, 2590835.996, 99
Trd, 2590836.379, 101
Trd, 2590836.979, 108
Trd, 2590839.596, 96
Trd, 2590839.996, 108
Trd, 2590840.813, 96
Trd, 2590841.279, 95
Trd, 2590842.063, 108
Trd, 2590843.779, 104
Trd, 2590844.429, 105
Trd, 2590844.679, 106
Trd, 2590845.179, 108
Trd, 2590846.063, 104
Trd, 2590846.446, 102
Trd, 2590846.929, 101
Trd, 2590847.063, 102
Trd, 2590848.113, 100
Trd, 2590848.613, 101
Trd, 2590849.063, 99
Trd, 2590849.929, 111
Trd, 2590850.096, 112
Trd, 2590850.146, 95
Trd, 2590850.213, 92
Trd, 2590850.596, 91
Trd, 2590850.629, 92
Trd, 2590850.779, 118
Trd, 2590850.929, 87
Trd, 2590852.396, 115
Trd, 2590852.779, 113
Trd, 2590854.196, 112
Trd, 2590855.446, 109
Trd, 2590857.513, 107
Trd, 2590857.946, 101
Trd, 2590858.229, 100
Trd, 2590858.479, 104
Trd, 2590858.663, 104
Trd, 2590858.696, 105
Trd, 2590858.946, 111
Trd, 2590863.246, 105
Trd, 2590863.329, 104
Trd, 2590863.546, 102
Trd, 2590865.696, 99
Trd, 2590865.763, 101
Trd, 2590866.413, 97
Trd, 2590866.579, 98
Trd, 2590867.129, 101
Trd, 2590867.246, 108
Trd, 2590867.463, 96
Trd, 2590867.579, 91
Trd, 2590867.946, 112
Trd, 2590868.263, 116
Trd, 2590869.013, 87
Trd, 2590869.363, 83
Trd, 2590869.846, 90
Trd, 2590871.196, 93
Trd, 2590871.713, 93
Trd, 2590872.196, 94
Trd, 2590873.246, 99
Trd, 2590873.379, 100
Trd, 2590874.513, 97
Trd, 2590874.763, 95
Trd, 2590875.729, 98
Trd, 2590876.879, 89
Trd, 2590877.429, 90
Trd, 2590877.696, 91
Trd, 2590877.796, 88
Trd, 2590878.479, 100
Trd, 2590878.846, 101
Trd, 2590879.546, 93
Trd, 2590880.629, 104
Trd, 2590881.179, 104
Trd, 2590881.346, 94
Trd, 2590882.596, 100
Trd, 2590882.763, 90
Trd, 2590883.763, 99
Trd, 2590885.113, 98
Trd, 2590885.729, 99
Trd, 2590886.463, 94
Trd, 2590886.563, 87
Trd, 2590887.129, 81
Trd, 2590888.563, 97
Trd, 2590888.979, 83
Trd, 2590890.429, 92
Trd, 2590890.729, 92
Trd, 2590890.763, 93
Trd, 2590891.496, 95
Trd, 2590892.829, 100
Trd, 2590892.846, 101
Trd, 2590893.179, 108
Trd, 2590893.363, 112
Trd, 2590893.446, 99
Trd, 2590895.879, 113
Trd, 2590897.129, 110
Trd, 2590897.446, 115
Trd, 2590897.979, 112
Trd, 2590898.429, 105
Trd, 2590899.413, 97
Trd, 2590900.063, 95
Trd, 2590900.146, 94
Trd, 2590900.746, 99
Trd, 2590901.063, 98
Trd, 2590902.379, 95
Trd, 2590902.929, 95
Trd, 2590903.646, 91
Trd, 2590904.679, 91
Trd, 2590904.796, 88
Trd, 2590905.363, 94
Trd, 2590905.996, 88
Trd, 2590906.063, 86
Trd, 2590906.196, 98
Trd, 2590906.263, 114
Trd, 2590907.013, 82
Trd, 2590908.529, 85
Trd, 2590908.879, 110
Trd, 2590910.529, 92
Trd, 2590910.829, 90
Trd, 2590910.996, 93
Trd, 2590911.063, 90
Trd, 2590911.296, 94
Trd, 2590912.229, 93
Trd, 2590912.563, 96
Trd, 2590913.279, 100
Trd, 2590914.079, 101
Trd, 2590914.213, 108
Trd, 2590914.779, 117
Trd, 2590916.763, 105
Trd, 2590917.429, 107
Trd, 2590917.929, 106
Trd, 2590917.979, 113
Trd, 2590918.229, 105
Trd, 2590919.163, 105
Trd, 2590919.446, 103
Trd, 2590920.046, 101
Trd, 2590920.813, 91
Trd, 2590921.963, 96
Trd, 2590922.213, 98
Trd, 2590922.579, 98
Trd, 2590923.596, 87
Trd, 2590924.063, 82
Trd, 2590924.629, 90
Trd, 2590925.546, 85
Trd, 2590925.613, 83
Trd, 2590925.846, 91
Trd, 2590928.113, 87
Trd, 2590928.796, 87
Trd, 2590928.863, 88
Trd, 2590929.279, 87
Trd, 2590930.213, 93
Trd, 2590930.429, 95
Trd, 2590931.279, 94
Trd, 2590931.329, 97
Trd, 2590931.579, 98
Trd, 2590932.096, 101
Trd, 2590933.363, 100
Trd, 2590934.413, 105
Trd, 2590934.629, 106
Trd, 2590935.396, 103
Trd, 2590936.246, 103
Trd, 2590936.629, 104
Trd, 2590937.046, 104
Trd, 2590937.629, 90
Trd, 2590937.846, 89
Trd, 2590938.513, 91
Trd, 2590939.113, 88
Trd, 2590939.246, 87
Trd, 2590940.896, 103
Trd, 2590941.296, 92
Trd, 2590943.413, 96
Trd, 2590943.513, 96
Trd, 2590944.296, 91
Trd, 2590944.863, 90
Trd, 2590944.979, 82
Trd, 2590945.196, 90
Trd, 2590946.663, 87
Trd, 2590946.729, 107
Trd, 2590946.829, 108
Trd, 2590949.229, 100
Trd, 2590949.263, 99
Trd, 2590949.813, 99
Trd, 2590950.229, 99
Trd, 2590950.263, 95
Trd, 2590950.396, 101
Trd, 2590950.829, 106
Trd, 2590951.213, 106
Trd, 2590951.279, 107
Trd, 2590951.613, 94
Trd, 2590951.696, 95
Trd, 2590951.979, 81
Trd, 2590952.913, 110
Trd, 2590954.229, 101
Trd, 2590955.496, 98
Trd, 2590955.779, 99
Trd, 2590958.829, 94
Trd, 2590959.079, 94
Trd, 2590959.163, 98
Trd, 2590959.313, 94
Trd, 2590959.763, 92
Trd, 2590960.713, 100
Trd, 2590961.196, 101
Trd, 2590961.229, 100
Trd, 2590963.746, 101
Trd, 2590964.129, 100
Trd, 2590964.263, 101
Trd, 2590964.363, 104
Trd, 2590965.329, 98
Trd, 2590965.496, 111
Trd, 2590966.313, 112
Trd, 2590966.463, 113
Trd, 2590966.729, 125
Trd, 2590967.863, 96
Trd, 2590967.963, 95
Trd, 2590968.246, 94
Trd, 2590968.663, 92
Trd, 2590969.163, 91
Trd, 2590969.363, 92
Trd, 2590970.446, 93
Trd, 2590971.146, 88
Trd, 2590972.596, 93
Trd, 2590973.179, 90
Trd, 2590973.379, 87
Trd, 2590974.479, 93
Trd, 2590975.313, 101
Trd, 2590976.363, 103
Trd, 2590976.446, 108
Trd, 2590976.563, 102
Trd, 2590977.096, 102
Trd, 2590977.229, 103
Trd, 2590978.729, 103
Trd, 2590978.979, 104
Trd, 2590979.829, 104
Trd, 2590980.029, 102
Trd, 2590980.696, 104
Trd, 2590980.929, 108
Trd, 2590981.113, 103
Trd, 2590981.546, 101
Trd, 2590981.663, 112
Trd, 2590981.796, 122
Trd, 2590983.163, 115
Trd, 2590984.713, 108
Trd, 2590985.096, 106
Trd, 2590985.313, 103
Trd, 2590986.013, 101
Trd, 2590986.029, 97
Trd, 2590987.146, 99
Trd, 2590988.029, 100
Trd, 2590988.046, 91
Trd, 2590989.296, 101
Trd, 2590990.346, 99
Trd, 2590990.496, 105
Trd, 2590991.879, 100
Trd, 2590991.913, 101
Trd, 2590991.946, 104
Trd, 2590993.879, 103
Trd, 2590994.846, 102
Trd, 2590995.046, 101
Trd, 2590995.579, 99
Trd, 2590996.546, 98
Trd, 2590997.896, 99
Trd, 2590998.296, 86
Trd, 2590998.329, 100
Trd, 2591000.179, 90
Trd, 2591000.529, 96
Trd, 2591001.229, 106
Trd, 2591001.663, 99
Trd, 2591001.829, 98
Trd, 2591002.896, 104
Trd, 2591002.913, 94
Trd, 2591003.563, 104
Trd, 2591003.979, 106
Trd, 2591005.063, 106
Trd, 2591005.413, 96
Trd, 2591006.063, 97
Trd, 2591007.079, 104
Trd, 2591007.246, 97
Trd, 2591007.996, 92
Trd, 2591008.529, 91
Trd, 2591009.396, 100
Trd, 2591010.596, 97
Trd, 2591010.763, 98
Trd, 2591012.279, 96
Trd, 2591012.846, 101
Trd, 2591014.046, 103
Trd, 2591015.429, 103
Trd, 2591017.113, 108
Trd, 2591017.663, 107
Trd, 2591017.746, 106
Trd, 2591018.296, 103
Trd, 2591018.479, 102
Trd, 2591019.463, 98
Trd, 2591019.779, 99
Trd, 2591020.429, 93
Trd, 2591020.513, 98
Trd, 2591020.646, 99
Trd, 2591020.746, 91
Trd, 2591021.796, 91
Trd, 2591022.413, 92
Trd, 2591022.513, 91
Trd, 2591023.029, 90
Trd, 2591023.263, 97
Trd, 2591024.146, 101
Trd, 2591024.713, 108
Trd, 2591025.363, 86
Trd, 2591026.529, 107
Trd, 2591026.913, 97
Trd, 2591028.329, 100
Trd, 2591030.163, 91
Trd, 2591030.596, 91
Trd, 2591030.729, 90
Trd, 2591030.929, 92
Trd, 2591031.179, 89
Trd, 2591031.463, 94
Trd, 2591031.946, 88
Trd, 2591032.046, 81
Trd, 2591033.029, 91
Trd, 2591033.146, 95
Trd, 2591033.279, 98
Trd, 2591034.596, 100
Trd, 2591035.296, 79
Trd, 2591035.613, 101
Trd, 2591037.079, 105
Trd, 2591037.946, 107
Trd, 2591038.629, 99
Trd, 2591038.996, 89
Trd, 2591039.879, 97
Trd, 2591040.763, 99
Trd, 2591041.763, 103
Trd, 2591041.963, 103
Trd, 2591042.563, 102
Trd, 2591042.729, 101
Trd, 2591043.379, 107
Trd, 2591045.596, 108
Trd, 2591045.696, 99
Trd, 2591045.796, 109
Trd, 2591046.579, 97
Trd, 2591047.379, 86
Trd, 2591049.863, 85
Trd, 2591050.046, 84
Trd, 2591050.279, 81
Trd, 2591050.396, 82
Trd, 2591051.079, 82
Trd, 2591051.129, 85
Trd, 2591051.729, 87
Trd, 2591051.979, 98
Trd, 2591052.896, 87
Trd, 2591053.029, 104
Trd, 2591053.279, 86
Trd, 2591053.413, 91
Trd, 2591053.929, 82
Trd, 2591054.246, 92
Trd, 2591054.396, 108
Trd, 2591055.029, 110
Trd, 2591055.163, 77
Trd, 2591056.446, 106
Trd, 2591058.379, 105
Trd, 2591059.646, 101
Trd, 2591059.679, 96
Trd, 2591060.013, 101
Trd, 2591060.879, 99
Trd, 2591061.196, 98
Trd, 2591061.396, 99
Trd, 2591062.213, 98
Trd, 2591062.779, 97
Trd, 2591063.063, 98
Trd, 2591063.296, 112
Trd, 2591064.679, 110
Trd, 2591065.379, 100
Trd, 2591065.829, 100
Trd, 2591067.563, 97
Trd, 2591068.446, 92
Trd, 2591068.929, 91
Trd, 2591069.013, 87
Trd, 2591069.563, 81
Trd, 2591070.313, 91
Trd, 2591070.646, 90
Trd, 2591070.763, 93
Trd, 2591071.946, 89
Trd, 2591072.129, 89
Trd, 2591072.329, 89
Trd, 2591073.979, 97
Trd, 2591074.446, 90
Trd, 2591074.929, 98
Trd, 2591075.096, 100
Trd, 2591076.063, 91
Trd, 2591076.729, 101
Trd, 2591077.963, 109
Trd, 2591078.379, 81
Trd, 2591078.579, 111
Trd, 2591080.013, 92
Trd, 2591080.646, 95
Trd, 2591081.213, 95
Trd, 2591081.329, 108
Trd, 2591081.696, 109
Trd, 2591082.063, 110
Trd, 2591082.613, 110
Trd, 2591083.196, 111
Trd, 2591083.329, 111
Trd, 2591083.713, 105
Trd, 2591084.996, 106
Trd, 2591085.063, 105
Trd, 2591085.479, 116
Trd, 2591085.746, 101
Trd, 2591085.896, 101
Trd, 2591086.729, 89
Trd, 2591087.029, 115
Trd, 2591089.696, 104
Trd, 2591090.329, 109
Trd, 2591091.313, 111
Trd, 2591091.446, 110
Trd, 2591091.679, 112
Trd, 2591091.729, 102
Trd, 2591093.013, 101
Trd, 2591093.546, 113
Trd, 2591094.663, 109
Trd, 2591094.729, 106
Trd, 2591096.263, 106
Trd, 2591096.579, 107
Trd, 2591097.279, 108
Trd, 2591097.579, 110
Trd, 2591098.113, 114
Trd, 2591101.029, 109
Trd, 2591101.313, 109
Trd, 2591101.729, 105
Trd, 2591101.763, 98
Trd, 2591103.029, 92
Trd, 2591103.829, 106
Trd, 2591103.913, 91
Trd, 2591105.413, 106
Trd, 2591105.629, 98
Trd, 2591105.663, 107
Trd, 2591105.963, 112
Trd, 2591108.396, 89
Trd, 2591108.463, 104
Trd, 2591109.996, 98
Trd, 2591110.646, 101
Trd, 2591110.696, 102
Trd, 2591111.363, 100
Trd, 2591111.479, 101
Trd, 2591112.179, 100
Trd, 2591112.696, 102
Trd, 2591112.746, 92
Trd, 2591113.296, 91
Trd, 2591113.529, 112
Trd, 2591113.763, 116
Trd, 2591114.029, 115
Trd, 2591116.546, 95
Trd, 2591117.696, 94
Trd, 2591118.096, 94
Trd, 2591118.446, 93
Trd, 2591118.813, 91
Trd, 2591118.979, 97
Trd, 2591119.029, 84
Trd, 2591119.579, 90
Trd, 2591119.979, 91
Trd, 2591121.246, 94
Trd, 2591121.996, 97
Trd, 2591122.396, 97
Trd, 2591122.829, 98
Trd, 2591123.913, 99
Trd, 2591124.146, 99
Trd, 2591124.496, 100
Trd, 2591125.313, 94
Trd, 2591125.329, 95
Trd, 2591126.479, 94
Trd, 2591126.779, 101
Trd, 2591126.879, 91
Trd, 2591126.996, 87
Trd, 2591129.279, 88
Trd, 2591129.813, 91
Trd, 2591130.079, 92
Trd, 2591130.196, 96
Trd, 2591131.596, 103
Trd, 2591132.196, 92
Trd, 2591132.529, 93
Trd, 2591132.813, 101
Trd, 2591133.296, 92
Trd, 2591134.329, 98
Trd, 2591135.079, 87
Trd, 2591136.146, 98
Trd, 2591136.413, 101
Trd, 2591136.463, 101
Trd, 2591136.496, 108
Trd, 2591136.629, 86
Trd, 2591138.963, 93
Trd, 2591139.829, 93
Trd, 2591140.546, 94
Trd, 2591141.529, 98
Trd, 2591142.263, 95
Trd, 2591143.329, 97
Trd, 2591143.796, 91
Trd, 2591144.229, 93
Trd, 2591145.096, 94
Trd, 2591145.396, 96
Trd, 2591145.829, 101
Trd, 2591147.263, 98
Trd, 2591147.896, 98
Trd, 2591147.979, 100
Trd, 2591148.146, 101
Trd, 2591149.196, 95
Trd, 2591150.613, 91
Trd, 2591151.013, 93
Trd, 2591151.696, 94
Trd, 2591152.029, 89
Trd, 2591152.913, 105
Trd, 2591153.379, 105
Trd, 2591153.613, 106
Trd, 2591154.246, 94
Trd, 2591155.329, 99
Trd, 2591156.746, 97
Trd, 2591157.729, 98
Trd, 2591159.163, 95
Trd, 2591159.513, 97
Trd, 2591159.863, 97
Trd, 2591159.896, 98
Trd, 2591160.829, 94
Trd, 2591160.929, 107
Trd, 2591160.996, 91
Trd, 2591161.029, 107
Trd, 2591161.363, 87
Trd, 2591161.563, 86
Trd, 2591161.996, 108
Trd, 2591162.663, 98
Trd, 2591162.696, 97
Trd, 2591164.913, 108
Trd, 2591165.729, 106
Trd, 2591165.996, 98
Trd, 2591166.496, 91
Trd, 2591168.279, 106
Trd, 2591169.313, 108
Trd, 2591169.829, 112
Trd, 2591170.046, 118
Trd, 2591171.379, 97
Trd, 2591171.646, 96
Trd, 2591172.213, 94
Trd, 2591172.796, 96
Trd, 2591172.913, 90
Trd, 2591174.313, 92
Trd, 2591174.513, 92
Trd, 2591174.546, 88
Trd, 2591174.796, 94
Trd, 2591175.013, 95
Trd, 2591175.129, 86
Trd, 2591176.046, 85
Trd, 2591178.246, 89
Trd, 2591178.396, 89
Trd, 2591179.813, 91
Trd, 2591180.996, 95
Trd, 2591181.113, 95
Trd, 2591181.413, 94
Trd, 2591181.946, 99
Trd, 2591182.546, 87
Trd, 2591183.579, 94
Trd, 2591183.729, 95
Trd, 2591183.779, 90
Trd, 2591183.896, 96
Trd, 2591186.263, 100
Trd, 2591186.513, 100
Trd, 2591188.429, 98
Trd, 2591188.563, 98
Trd, 2591188.729, 97
Trd, 2591188.879, 91
Trd, 2591189.079, 81
Trd, 2591189.479, 98
Trd, 2591190.496, 101
Trd, 2591191.096, 108
Trd, 2591192.446, 110
Trd, 2591192.829, 111
Trd, 2591193.096, 112
Trd, 2591193.213, 98
Trd, 2591193.363, 116
Trd, 2591195.329, 102
Trd, 2591195.446, 108
Trd, 2591195.813, 110
Trd, 2591197.279, 104
Trd, 2591197.946, 105
Trd, 2591199.413, 107
Trd, 2591199.496, 108
Trd, 2591199.746, 112
Trd, 2591199.896, 109
Trd, 2591200.013, 109
Trd, 2591201.696, 101
Trd, 2591201.879, 112
Trd, 2591202.263, 110
Trd, 2591202.429, 112
Trd, 2591203.013, 113
Trd, 2591203.063, 114
Trd, 2591204.096, 101
Trd, 2591205.246, 105
Trd, 2591205.479, 102
Trd, 2591207.029, 108
Trd, 2591207.213, 110
Trd, 2591208.379, 106
Trd, 2591209.229, 105
Trd, 2591209.363, 105
Trd, 2591211.096, 100
Trd, 2591211.546, 97
Trd, 2591211.579, 96
Trd, 2591212.629, 94
Trd, 2591212.696, 96
Trd, 2591213.896, 91
Trd, 2591215.063, 87
Trd, 2591215.629, 88
Trd, 2591216.713, 87
Trd, 2591217.079, 88
Trd, 2591218.146, 90
Trd, 2591218.746, 93
Trd, 2591219.163, 99
Trd, 2591219.879, 88
Trd, 2591221.229, 93
Trd, 2591221.946, 95
Trd, 2591221.996, 97
Trd, 2591222.446, 101
Trd, 2591223.313, 99
Trd, 2591223.396, 96
Trd, 2591223.529, 108
Trd, 2591224.763, 109
Trd, 2591225.063, 101
Trd, 2591225.246, 102
Trd, 2591225.846, 99
Trd, 2591226.046, 106
Trd, 2591226.529, 98
Trd, 2591226.946, 94
Trd, 2591227.013, 91
Trd, 2591228.679, 102
Trd, 2591228.813, 77
Trd, 2591230.446, 99
Trd, 2591231.513, 95
Trd, 2591232.013, 95
Trd, 2591232.113, 95
Trd, 2591232.646, 96
Trd, 2591232.763, 98
Trd, 2591233.879, 104
Trd, 2591234.529, 103
Trd, 2591234.679, 106
Trd, 2591234.796, 108
Trd, 2591235.396, 91
Trd, 2591235.646, 114
Trd, 2591236.879, 98
Trd, 2591237.913, 102
Trd, 2591238.596, 112
Trd, 2591239.296, 105
Trd, 2591239.446, 104
Trd, 2591239.713, 107
Trd, 2591240.163, 106
Trd, 2591240.546, 92
Trd, 2591242.729, 95
Trd, 2591243.463, 92
Trd, 2591243.646, 97
Trd, 2591244.396, 92
Trd, 2591244.446, 94
Trd, 2591245.913, 94
Trd, 2591245.963, 95
Trd, 2591247.763, 91
Trd, 2591248.863, 94
Trd, 2591250.363, 104
Trd, 2591250.613, 102
Trd, 2591251.213, 100
Trd, 2591251.346, 100
Trd, 2591251.563, 100
Trd, 2591251.579, 108
Trd, 2591251.763, 99
Trd, 2591252.363, 99
Trd, 2591254.563, 103
Trd, 2591255.079, 104
Trd, 2591255.263, 101
Trd, 2591255.429, 100
Trd, 2591256.513, 104
Trd, 2591256.746, 105
Trd, 2591256.846, 97
Trd, 2591257.396, 106
Trd, 2591258.163, 93
Trd, 2591258.496, 108
Trd, 2591259.579, 91
Trd, 2591260.313, 108
Trd, 2591261.479, 107
Trd, 2591262.729, 99
Trd, 2591262.763, 100
Trd, 2591263.713, 98
Trd, 2591264.913, 97
Trd, 2591265.629, 98
Trd, 2591266.179, 98
Trd, 2591266.863, 86
Trd, 2591267.596, 107
Trd, 2591267.863, 87
Trd, 2591268.046, 106
Trd, 2591269.046, 107
Trd, 2591269.146, 108
Trd, 2591269.363, 85
Trd, 2591271.429, 99
Trd, 2591271.813, 99
Trd, 2591271.963, 99
Trd, 2591272.429, 99
Trd, 2591272.579, 98
Trd, 2591274.963, 92
Trd, 2591275.179, 94
Trd, 2591275.513, 95
Trd, 2591275.863, 94
Trd, 2591276.679, 89
Trd, 2591277.863, 91
Trd, 2591277.996, 95
Trd, 2591278.096, 101
Trd, 2591279.396, 108
Trd, 2591279.546, 110
Trd, 2591279.729, 102
Trd, 2591280.746, 110
Trd, 2591282.996, 107
Trd, 2591283.029, 106
Trd, 2591283.346, 105
Trd, 2591283.763, 105
Trd, 2591284.363, 104
Trd, 2591284.529, 105
Trd, 2591285.696, 105
Trd, 2591286.213, 104
Trd, 2591286.896, 98
Trd, 2591287.379, 106
Trd, 2591288.429, 95
Trd, 2591288.613, 105
Trd, 2591288.946, 107
Trd, 2591290.529, 104
Trd, 2591291.029, 97
Trd, 2591292.346, 103
Trd, 2591292.879, 104
Trd, 2591293.446, 91
Trd, 2591293.579, 87
Trd, 2591293.963, 91
Trd, 2591294.796, 102
Trd, 2591294.913, 95
Trd, 2591295.446, 101
Trd, 2591297.163, 92
Trd, 2591298.013, 93
Trd, 2591298.329, 92
Trd, 2591298.413, 91
Trd, 2591299.263, 92
Trd, 2591299.546, 94
Trd, 2591300.213, 91
Trd, 2591300.679, 94
Trd, 2591300.996, 110
Trd, 2591301.463, 96
Trd, 2591301.713, 91
Trd, 2591302.613, 91
Trd, 2591303.196, 110
Trd, 2591303.713, 109
Trd, 2591305.746, 111
Trd, 2591305.929, 109
Trd, 2591306.446, 97
Trd, 2591307.129, 110
Trd, 2591308.346, 100
Trd, 2591308.596, 99
Trd, 2591309.296, 91
Trd, 2591310.546, 84
Trd, 2591311.263, 99
Trd, 2591311.413, 100
Trd, 2591312.763, 99
Trd, 2591312.813, 100
Trd, 2591313.396, 101
Trd, 2591313.996, 100
Trd, 2591315.563, 100
Trd, 2591315.679, 96
Trd, 2591315.996, 91
Trd, 2591316.329, 100
Trd, 2591316.413, 108
Trd, 2591317.546, 94
Trd, 2591318.246, 94
Trd, 2591318.746, 95
Trd, 2591319.546, 90
Trd, 2591319.729, 95
Trd, 2591320.029, 108
Trd, 2591323.163, 105
Trd, 2591323.846, 96
Trd, 2591324.713, 95
Trd, 2591324.879, 91
Trd, 2591325.346, 87
Trd, 2591326.179, 98
Trd, 2591327.746, 94
Trd, 2591328.813, 92
Trd, 2591329.129, 92
Trd, 2591329.379, 94
Trd, 2591329.613, 94
Trd, 2591329.863, 95
Trd, 2591330.746, 98
Trd, 2591331.096, 98
Trd, 2591331.446, 98
Trd, 2591331.896, 98
Trd, 2591332.179, 95
Trd, 2591334.813, 93
Trd, 2591335.179, 94
Trd, 2591335.513, 91
Trd, 2591335.746, 87
Trd, 2591336.146, 86
Trd, 2591336.513, 101
Trd, 2591337.629, 107
Trd, 2591339.813, 104
Trd, 2591340.346, 106
Trd, 2591340.996, 106
Trd, 2591341.163, 106
Trd, 2591341.646, 106
Trd, 2591341.763, 107
Trd, 2591341.979, 101
Trd, 2591342.329, 91
Trd, 2591342.663, 104
Trd, 2591342.746, 105
Trd, 2591342.863, 108
Trd, 2591342.929, 87
Trd, 2591343.713, 111
Trd, 2591343.996, 112
Trd, 2591344.596, 98
Trd, 2591344.796, 81
Trd, 2591345.963, 77
Trd, 2591346.796, 94
Trd, 2591346.896, 95
Trd, 2591347.579, 78
Trd, 2591349.146, 104
Trd, 2591350.196, 92
Trd, 2591350.946, 97
Trd, 2591351.929, 96
Trd, 2591352.463, 95
Trd, 2591352.596, 96
Trd, 2591353.896, 95
Trd, 2591354.213, 97
Trd, 2591354.396, 98
Trd, 2591354.763, 101
Trd, 2591354.913, 94
Trd, 2591354.963, 91
Trd, 2591355.629, 107
Trd, 2591357.079, 91
Trd, 2591358.196, 93
Trd, 2591358.396, 95
Trd, 2591358.663, 96
Trd, 2591359.213, 97
Trd, 2591359.479, 100
Trd, 2591359.829, 112
Trd, 2591361.629, 106
Trd, 2591362.013, 109
Trd, 2591362.196, 106
Trd, 2591362.913, 108
Trd, 2591363.413, 108
Trd, 2591364.396, 108
Trd, 2591364.679, 112
Trd, 2591364.913, 100
Trd, 2591365.046, 99
Trd, 2591365.129, 116
Trd, 2591365.663, 98
Trd, 2591367.213, 109
Trd, 2591367.513, 109
Trd, 2591367.546, 111
Trd, 2591368.129, 112
Trd, 2591368.513, 114
Trd, 2591371.613, 100
Trd, 2591371.679, 99
Trd, 2591372.179, 98
Trd, 2591372.296, 91
Trd, 2591373.896, 96
Trd, 2591374.313, 89
Trd, 2591374.463, 95
Trd, 2591375.113, 96
Trd, 2591376.213, 92
Trd, 2591376.663, 93
Trd, 2591376.863, 94
Trd, 2591377.363, 98
Trd, 2591377.996, 100
Trd, 2591378.079, 97
Trd, 2591378.429, 101
Trd, 2591378.896, 87
Trd, 2591380.646, 111
Trd, 2591381.046, 98
Trd, 2591381.863, 87
Trd, 2591382.813, 106
Trd, 2591383.379, 94
Trd, 2591383.813, 91
Trd, 2591385.663, 91
Trd, 2591385.696, 90
Trd, 2591385.763, 92
Trd, 2591385.896, 91
Trd, 2591386.196, 92
Trd, 2591388.379, 92
Trd, 2591388.546, 90
Trd, 2591388.646, 91
Trd, 2591389.296, 91
Trd, 2591389.713, 98
Trd, 2591390.229, 101
Trd, 2591390.913, 99
Trd, 2591391.163, 98
Trd, 2591391.246, 100
Trd, 2591391.979, 101
Trd, 2591392.263, 98
Trd, 2591392.579, 91
Trd, 2591394.413, 92
Trd, 2591395.629, 101
Trd, 2591395.763, 101
Trd, 2591396.213, 101
Trd, 2591396.613, 100
Trd, 2591397.646, 102
Trd, 2591399.196, 106
Trd, 2591399.463, 106
Trd, 2591400.029, 107
Trd, 2591400.346, 106
Trd, 2591400.479, 101
Trd, 2591400.579, 107
Trd, 2591400.963, 98
Trd, 2591401.413, 108
Trd, 2591402.013, 109
Trd, 2591402.213, 112
Trd, 2591402.996, 91
Trd, 2591404.429, 107
Trd, 2591405.496, 99
Trd, 2591405.779, 99
Trd, 2591407.079, 108
Trd, 2591407.146, 115
Trd, 2591407.396, 102
Trd, 2591407.696, 101
Trd, 2591407.779, 115
Trd, 2591409.179, 101
Trd, 2591411.196, 100
Trd, 2591411.579, 98
Trd, 2591412.046, 91
Trd, 2591412.446, 89
Trd, 2591412.596, 94
Trd, 2591412.979, 87
Trd, 2591413.196, 96
Trd, 2591413.446, 100
Trd, 2591414.029, 83
Trd, 2591415.029, 81
Trd, 2591415.846, 97
Trd, 2591416.596, 98
Trd, 2591416.979, 90
Trd, 2591418.513, 92
Trd, 2591418.713, 92
Trd, 2591418.763, 94
Trd, 2591419.279, 91
Trd, 2591420.163, 101
Trd, 2591420.813, 97
Trd, 2591421.513, 97
Trd, 2591421.679, 103
Trd, 2591424.179, 101
Trd, 2591424.563, 100
Trd, 2591424.696, 102
Trd, 2591425.213, 102
Trd, 2591425.913, 102
Trd, 2591426.029, 101
Trd, 2591426.313, 108
Trd, 2591427.313, 112
Trd, 2591427.829, 93
Trd, 2591428.313, 114
Trd, 2591429.279, 95
Trd, 2591429.663, 115
Trd, 2591430.629, 114
Trd, 2591430.796, 114
Trd, 2591430.846, 100
Trd, 2591432.029, 100
Trd, 2591432.163, 111
Trd, 2591433.446, 104
Trd, 2591433.796, 99
Trd, 2591434.296, 104
Trd, 2591434.529, 105
Trd, 2591434.779, 108
Trd, 2591435.279, 110
Trd, 2591436.213, 109
Trd, 2591436.329, 109
Trd, 2591436.729, 99
Trd, 2591437.496, 98
Trd, 2591439.363, 96
Trd, 2591440.279, 95
Trd, 2591440.479, 94
Trd, 2591441.329, 97
Trd, 2591441.429, 97
Trd, 2591441.546, 94
Trd, 2591443.529, 87
Trd, 2591443.696, 88
Trd, 2591444.246, 88
Trd, 2591444.479, 95
Trd, 2591446.346, 86
Trd, 2591448.313, 89
Trd, 2591448.446, 90
Trd, 2591449.146, 88
Trd, 2591449.746, 86
Trd, 2591450.246, 86
Trd, 2591450.829, 85
Trd, 2591451.913, 84
Trd, 2591451.963, 81
Trd, 2591451.979, 88
Trd, 2591452.346, 94
Trd, 2591452.663, 89
Trd, 2591453.029, 97
Trd, 2591453.246, 94
Trd, 2591454.213, 98
Trd, 2591454.329, 101
Trd, 2591456.346, 106
Trd, 2591456.546, 107
Trd, 2591456.796, 108
Trd, 2591457.213, 112
Trd, 2591457.596, 114
Trd, 2591458.779, 113
Trd, 2591459.146, 114
Trd, 2591459.979, 114
Trd, 2591460.113, 113
Trd, 2591461.013, 112
Trd, 2591461.413, 105
Trd, 2591461.579, 98
Trd, 2591462.229, 94
Trd, 2591462.579, 94
Trd, 2591465.446, 91
Trd, 2591466.463, 89
Trd, 2591467.246, 87
Trd, 2591467.696, 87
Trd, 2591468.146, 82
Trd, 2591469.613, 84
Trd, 2591469.846, 87
Trd, 2591470.046, 89
Trd, 2591470.246, 89
Trd, 2591470.396, 91
Trd, 2591470.629, 101
Trd, 2591471.346, 95
Trd, 2591472.313, 100
Trd, 2591474.063, 99
Trd, 2591474.329, 99
Trd, 2591474.513, 91
Trd, 2591474.546, 90
Trd, 2591474.963, 98
Trd, 2591475.913, 99
Trd, 2591475.946, 89
Trd, 2591477.096, 107
Trd, 2591478.079, 87
Trd, 2591478.963, 99
Trd, 2591479.013, 100
Trd, 2591479.246, 88
Trd, 2591480.296, 92
Trd, 2591481.829, 88
Trd, 2591482.096, 92
Trd, 2591482.796, 94
Trd, 2591483.263, 106
Trd, 2591484.229, 89
Trd, 2591484.746, 104
Trd, 2591484.796, 105
Trd, 2591487.279, 99
Trd, 2591487.729, 99
Trd, 2591488.246, 101
Trd, 2591488.529, 101
Trd, 2591488.663, 108
Trd, 2591488.679, 100
Trd, 2591489.096, 98
Trd, 2591491.196, 92
Trd, 2591491.646, 96
Trd, 2591492.063, 91
Trd, 2591492.479, 92
Trd, 2591492.579, 94
Trd, 2591492.829, 95
Trd, 2591493.529, 90
Trd, 2591494.329, 93
Trd, 2591494.546, 88
Trd, 2591495.596, 92
Trd, 2591496.229, 91
Trd, 2591496.379, 90
Trd, 2591496.796, 89
Trd, 2591497.946, 87
Trd, 2591498.063, 85
Trd, 2591499.113, 87
Trd, 2591499.546, 89
Trd, 2591501.963, 94
Trd, 2591502.263, 88
Trd, 2591502.896, 95
Trd, 2591503.863, 91
Trd, 2591503.879, 95
Trd, 2591504.963, 98
Trd, 2591505.096, 99
Trd, 2591505.396, 101
Trd, 2591505.796, 108
Trd, 2591507.113, 110
Trd, 2591507.929, 109
Trd, 2591508.329, 109
Trd, 2591508.629, 108
Trd, 2591508.829, 105
Trd, 2591509.879, 101
Trd, 2591510.179, 106
Trd, 2591510.546, 97
Trd, 2591512.396, 102
Trd, 2591512.629, 98
Trd, 2591512.663, 108
Trd, 2591513.863, 111
Trd, 2591514.729, 112
Trd, 2591515.596, 115
Trd, 2591515.696, 115
Trd, 2591515.796, 118
Trd, 2591516.696, 101
Trd, 2591517.846, 103
Trd, 2591518.013, 96
Trd, 2591518.196, 118
Trd, 2591518.396, 120
Trd, 2591519.613, 92
Trd, 2591520.013, 99
Trd, 2591520.913, 93
Trd, 2591521.929, 97
Trd, 2591522.646, 94
Trd, 2591522.696, 95
Trd, 2591522.929, 96
Trd, 2591523.563, 95
Trd, 2591523.763, 96
Trd, 2591524.446, 97
Trd, 2591524.563, 112
Trd, 2591524.996, 93
Trd, 2591525.113, 91
Trd, 2591527.146, 92
Trd, 2591527.229, 92
Trd, 2591527.313, 89
Trd, 2591528.163, 88
Trd, 2591529.313, 96
Trd, 2591529.479, 100
Trd, 2591532.413, 100
Trd, 2591532.513, 101
Trd, 2591532.846, 100
Trd, 2591532.863, 101
Trd, 2591534.379, 91
Trd, 2591534.646, 94
Trd, 2591535.229, 100
Trd, 2591536.096, 93
Trd, 2591536.196, 87
Trd, 2591537.596, 95
Trd, 2591539.213, 89
Trd, 2591539.779, 90
Trd, 2591540.429, 91
Trd, 2591541.196, 90
Trd, 2591541.663, 88
Trd, 2591542.079, 91
Trd, 2591543.213, 85
Trd, 2591544.229, 94
Trd, 2591544.596, 96
Trd, 2591544.879, 98
Trd, 2591546.029, 98
Trd, 2591546.329, 90
Trd, 2591547.913, 89
Trd, 2591548.446, 90
Trd, 2591548.813, 89
Trd, 2591549.029, 90
Trd, 2591549.113, 91
Trd, 2591550.046, 92
Trd, 2591550.563, 110
Trd, 2591550.646, 112
Trd, 2591550.996, 93
Trd, 2591551.279, 93
Trd, 2591552.646, 110
Trd, 2591555.029, 103
Trd, 2591555.113, 103
Trd, 2591555.913, 112
Trd, 2591556.413, 104
Trd, 2591556.663, 114
Trd, 2591557.179, 105
Trd, 2591557.379, 104
Trd, 2591559.896, 101
Trd, 2591560.379, 98
Trd, 2591561.413, 97
Trd, 2591561.929, 96
Trd, 2591561.963, 97
Trd, 2591561.979, 98
Trd, 2591562.546, 97
Trd, 2591562.879, 98
Trd, 2591563.463, 99
Trd, 2591564.229, 99
Trd, 2591565.479, 99
Trd, 2591566.079, 98
Trd, 2591567.446, 100
Trd, 2591567.829, 99
Trd, 2591569.296, 92
Trd, 2591569.396, 95
Trd, 2591569.729, 91
Trd, 2591569.946, 88
Trd, 2591570.229, 96
Trd, 2591571.096, 86
Trd, 2591571.113, 95
Trd, 2591571.996, 95
Trd, 2591572.363, 100
Trd, 2591573.129, 100
Trd, 2591573.163, 98
Trd, 2591573.296, 97
Trd, 2591573.829, 100
Trd, 2591574.746, 101
Trd, 2591574.979, 108
Trd, 2591575.196, 112
Trd, 2591575.829, 83
Trd, 2591576.229, 91
Trd, 2591578.129, 92
Trd, 2591578.746, 90
Trd, 2591578.779, 89
Trd, 2591580.046, 91
Trd, 2591580.279, 89
Trd, 2591580.396, 96
Trd, 2591582.379, 95
Trd, 2591582.679, 96
Trd, 2591583.679, 93
Trd, 2591583.813, 94
Trd, 2591584.863, 93
Trd, 2591585.413, 94
Trd, 2591585.829, 92
Trd, 2591585.846, 93
Trd, 2591586.379, 93
Trd, 2591586.529, 98
Trd, 2591587.346, 99
Trd, 2591588.079, 98
Trd, 2591588.229, 87
Trd, 2591590.196, 83
Trd, 2591591.463, 92
Trd, 2591591.479, 95
Trd, 2591591.929, 89
Trd, 2591592.163, 101
Trd, 2591592.929, 94
Trd, 2591593.113, 93
Trd, 2591593.363, 108
Trd, 2591593.763, 93
Trd, 2591596.213, 94
Trd, 2591596.363, 95
Trd, 2591596.946, 95
Trd, 2591597.779, 104
Trd, 2591598.046, 105
Trd, 2591598.879, 91
Trd, 2591599.529, 107
Trd, 2591600.896, 91
Trd, 2591602.329, 100
Trd, 2591602.446, 101
Trd, 2591602.929, 101
Trd, 2591603.113, 100
Trd, 2591603.413, 101
Trd, 2591603.846, 97
Trd, 2591605.829, 101
Trd, 2591605.963, 103
Trd, 2591606.679, 105
Trd, 2591606.896, 100
Trd, 2591608.263, 102
Trd, 2591608.429, 105
Trd, 2591609.279, 108
Trd, 2591610.096, 111
Trd, 2591610.129, 112
Trd, 2591610.863, 118
Trd, 2591611.313, 120
Trd, 2591611.529, 101
Trd, 2591612.979, 101
Trd, 2591613.646, 108
Trd, 2591614.713, 104
Trd, 2591614.746, 100
Trd, 2591615.096, 91
Trd, 2591616.113, 94
Trd, 2591616.913, 106
Trd, 2591617.513, 98
Trd, 2591619.013, 101
Trd, 2591619.979, 100
Trd, 2591620.479, 101
Trd, 2591620.829, 102
Trd, 2591621.613, 103
Trd, 2591621.896, 102
Trd, 2591622.263, 103
Trd, 2591622.863, 102
Trd, 2591622.879, 103
Trd, 2591623.763, 106
Trd, 2591624.229, 103
Trd, 2591624.613, 108
Trd, 2591625.663, 109
Trd, 2591625.963, 103
Trd, 2591626.413, 101
Trd, 2591627.346, 87
Trd, 2591628.029, 102
Trd, 2591628.396, 99
Trd, 2591628.629, 101
Trd, 2591628.779, 99
Trd, 2591628.829, 98
Trd, 2591631.079, 96
Trd, 2591631.463, 94
Trd, 2591631.929, 97
Trd, 2591632.213, 100
Trd, 2591634.046, 98
Trd, 2591634.113, 92
Trd, 2591634.129, 106
Trd, 2591634.413, 91
Trd, 2591635.246, 106
Trd, 2591636.679, 88
Trd, 2591638.413, 90
Trd, 2591638.763, 93
Trd, 2591638.879, 94
Trd, 2591639.346, 90
Trd, 2591639.363, 96
Trd, 2591639.729, 97
Trd, 2591642.029, 91
Trd, 2591642.363, 96
Trd, 2591642.746, 97
Trd, 2591642.846, 97
Trd, 2591643.896, 95
Trd, 2591644.013, 95
Trd, 2591644.296, 98
Trd, 2591644.379, 101
Trd, 2591644.546, 95
Trd, 2591645.613, 91
Trd, 2591646.796, 86
Trd, 2591646.863, 96
Trd, 2591647.713, 93
Trd, 2591649.846, 93
Trd, 2591650.763, 93
Trd, 2591651.579, 98
Trd, 2591652.179, 99
Trd, 2591652.796, 111
Trd, 2591653.429, 105
Trd, 2591653.996, 106
Trd, 2591654.246, 106
Trd, 2591654.729, 105
Trd, 2591654.863, 107
Trd, 2591654.963, 108
Trd, 2591656.013, 101
Trd, 2591656.396, 92
Trd, 2591656.646, 91
Trd, 2591657.796, 89
Trd, 2591658.379, 89
Trd, 2591658.813, 89
Trd, 2591659.629, 90
Trd, 2591659.663, 95
Trd, 2591660.429, 98
Trd, 2591661.479, 94
Trd, 2591661.746, 94
Trd, 2591662.696, 95
Trd, 2591663.663, 108
Trd, 2591663.963, 112
Trd, 2591664.646, 117
Trd, 2591665.113, 92
Trd, 2591665.546, 116
Trd, 2591667.813, 113
Trd, 2591668.179, 112
Trd, 2591668.863, 111
Trd, 2591669.863, 101
Trd, 2591670.096, 101
Trd, 2591670.263, 99
Trd, 2591670.363, 101
Trd, 2591670.713, 98
Trd, 2591672.046, 97
Trd, 2591672.763, 92
Trd, 2591672.913, 93
Trd, 2591673.029, 91
Trd, 2591673.146, 87
Trd, 2591673.279, 94
Trd, 2591673.879, 95
Trd, 2591674.713, 113
Trd, 2591675.296, 85
Trd, 2591675.546, 95
Trd, 2591676.429, 90
Trd, 2591677.079, 91
Trd, 2591678.113, 94
Trd, 2591678.446, 97
Trd, 2591678.596, 98
Trd, 2591678.729, 93
Trd, 2591679.429, 100
Trd, 2591679.546, 91
Trd, 2591681.146, 111
Trd, 2591681.379, 112
Trd, 2591682.729, 97
Trd, 2591682.996, 91
Trd, 2591685.146, 91
Trd, 2591685.279, 91
Trd, 2591685.546, 91
Trd, 2591685.963, 92
Trd, 2591686.163, 94
Trd, 2591687.046, 93
Trd, 2591687.379, 91
Trd, 2591688.146, 98
Trd, 2591689.146, 97
Trd, 2591689.863, 98
Trd, 2591691.013, 101
Trd, 2591691.246, 110
Trd, 2591692.779, 108
Trd, 2591693.113, 108
Trd, 2591693.913, 107
Trd, 2591694.629, 100
Trd, 2591695.029, 98
Trd, 2591697.463, 100
Trd, 2591697.579, 108
Trd, 2591697.913, 92
Trd, 2591697.963, 111
Trd, 2591698.079, 91
Trd, 2591698.479, 112
Trd, 2591699.779, 96
Trd, 2591699.863, 95
Trd, 2591700.479, 94
Trd, 2591700.979, 93
Trd, 2591701.396, 92
Trd, 2591701.546, 94
Trd, 2591702.763, 94
Trd, 2591702.829, 101
Trd, 2591703.729, 91
Trd, 2591705.346, 81
Trd, 2591705.546, 85
Trd, 2591705.779, 105
Trd, 2591708.146, 88
Trd, 2591708.463, 89
Trd, 2591709.979, 94
Trd, 2591711.013, 92
Trd, 2591711.196, 92
Trd, 2591711.413, 94
Trd, 2591711.796, 99
Trd, 2591712.046, 101
Trd, 2591712.846, 92
Trd, 2591712.913, 106
Trd, 2591713.046, 108
Trd, 2591714.279, 94
Trd, 2591714.329, 93
Trd, 2591716.129, 95
Trd, 2591716.496, 107
Trd, 2591716.679, 95
Trd, 2591717.213, 108
Trd, 2591717.913, 97
Trd, 2591718.296, 107
Trd, 2591721.079, 108
Trd, 2591721.413, 94
Trd, 2591721.796, 109
Trd, 2591721.913, 111
Trd, 2591722.129, 112
Trd, 2591722.363, 93
Trd, 2591723.863, 109
Trd, 2591724.546, 95
Trd, 2591724.896, 109
Trd, 2591725.696, 108
Trd, 2591726.213, 109
Trd, 2591726.379, 101
Trd, 2591728.879, 108
Trd, 2591729.046, 106
Trd, 2591729.296, 105
Trd, 2591729.846, 102
Trd, 2591730.929, 101
Trd, 2591731.346, 101
Trd, 2591732.146, 98
Trd, 2591732.363, 91
Trd, 2591732.796, 99
Trd, 2591732.829, 100
Trd, 2591733.979, 91
Trd, 2591735.213, 90
Trd, 2591735.296, 95
Trd, 2591736.013, 98
Trd, 2591736.863, 87
Trd, 2591737.979, 81
Trd, 2591738.463, 93
Trd, 2591738.596, 95
Trd, 2591738.963, 96
Trd, 2591740.046, 90
Trd, 2591740.829, 94
Trd, 2591741.329, 97
Trd, 2591741.446, 101
Trd, 2591742.096, 108
Trd, 2591742.629, 102
Trd, 2591742.863, 101
Trd, 2591743.279, 98
Trd, 2591743.529, 107
Trd, 2591744.129, 107
Trd, 2591744.446, 104
Trd, 2591745.246, 103
Trd, 2591745.296, 105
Trd, 2591745.646, 102
Trd, 2591745.679, 112
Trd, 2591746.263, 103
Trd, 2591746.496, 111
Trd, 2591746.579, 101
Trd, 2591748.629, 87
Trd, 2591749.313, 106
Trd, 2591750.179, 97
Trd, 2591750.263, 106
Trd, 2591753.079, 93
Trd, 2591754.529, 95
Trd, 2591754.679, 97
Trd, 2591754.996, 98
Trd, 2591757.446, 100
Trd, 2591757.863, 97
Trd, 2591757.996, 94
Trd, 2591759.346, 95
Trd, 2591759.746, 94
Trd, 2591760.679, 95
Trd, 2591760.929, 97
Trd, 2591760.963, 97
Trd, 2591761.196, 98
Trd, 2591761.863, 108
Trd, 2591762.163, 114
Trd, 2591762.213, 100
Trd, 2591763.363, 109
Trd, 2591765.196, 101
Trd, 2591765.379, 102
Trd, 2591765.863, 101
Trd, 2591766.246, 101
Trd, 2591766.463, 100
Trd, 2591766.946, 101
Trd, 2591767.579, 111
Trd, 2591767.896, 112
Trd, 2591768.029, 118
Trd, 2591768.196, 110
Trd, 2591768.829, 109
Trd, 2591769.779, 109
Trd, 2591770.996, 98
Trd, 2591771.563, 98
Trd, 2591773.013, 92
Trd, 2591773.163, 91
Trd, 2591773.779, 92
Trd, 2591774.729, 90
Trd, 2591775.279, 89
Trd, 2591775.829, 88
Trd, 2591776.013, 89
Trd, 2591776.063, 92
Trd, 2591776.179, 98
Trd, 2591777.229, 92
Trd, 2591778.229, 92
Trd, 2591779.363, 88
Trd, 2591779.379, 90
Trd, 2591779.646, 92
Trd, 2591782.363, 92
Trd, 2591783.179, 94
Trd, 2591783.329, 100
Trd, 2591784.029, 99
Trd, 2591785.046, 101
Trd, 2591785.463, 99
Trd, 2591786.779, 99
Trd, 2591786.929, 102
Trd, 2591788.546, 99
Trd, 2591788.563, 96
Trd, 2591788.613, 101
Trd, 2591789.529, 93
Trd, 2591789.779, 93
Trd, 2591790.646, 100
Trd, 2591791.263, 91
Trd, 2591791.313, 97
Trd, 2591791.363, 100
Trd, 2591792.113, 101
Trd, 2591792.629, 94
Trd, 2591793.863, 91
Trd, 2591794.196, 90
Trd, 2591795.063, 91
Trd, 2591795.146, 89
Trd, 2591795.746, 87
Trd, 2591795.979, 90
Trd, 2591796.013, 91
Trd, 2591797.829, 101
Trd, 2591799.813, 95
Trd, 2591800.279, 108
Trd, 2591800.613, 88
Trd, 2591800.796, 111
Trd, 2591802.196, 91
Trd, 2591803.096, 108
Trd, 2591803.179, 109
Trd, 2591804.246, 107
Trd, 2591805.679, 106
Trd, 2591805.713, 107
Trd, 2591806.846, 107
Trd, 2591807.313, 106
Trd, 2591807.496, 101
Trd, 2591807.979, 105
Trd, 2591808.096, 106
Trd, 2591809.329, 101
Trd, 2591809.763, 100
Trd, 2591810.413, 100
Trd, 2591810.496, 99
Trd, 2591810.746, 98
Trd, 2591811.579, 91
Trd, 2591812.429, 96
Trd, 2591812.779, 97
Trd, 2591813.113, 108
Trd, 2591813.329, 117
Trd, 2591813.479, 118
Trd, 2591814.596, 93
Trd, 2591815.029, 93
Trd, 2591816.996, 92
Trd, 2591817.729, 104
Trd, 2591817.779, 105
Trd, 2591819.063, 103
Trd, 2591819.646, 102
Trd, 2591820.296, 112
Trd, 2591821.446, 110
Trd, 2591823.146, 108
Trd, 2591823.796, 102
Trd, 2591824.129, 102
Trd, 2591824.146, 101
Trd, 2591824.746, 103
Trd, 2591825.513, 105
Trd, 2591825.746, 103
Trd, 2591826.213, 106
Trd, 2591826.496, 103
Trd, 2591826.863, 101
Trd, 2591827.913, 96
Trd, 2591828.163, 107
Trd, 2591828.846, 107
Trd, 2591829.946, 110
Trd, 2591830.863, 102
Trd, 2591831.463, 106
Trd, 2591832.163, 105
Trd, 2591832.496, 106
Trd, 2591833.479, 105
Trd, 2591834.963, 106
Trd, 2591835.963, 103
Trd, 2591836.713, 95
Trd, 2591837.296, 102
Trd, 2591837.613, 102
Trd, 2591837.813, 89
Trd, 2591839.896, 91
Trd, 2591840.163, 93
Trd, 2591840.963, 94
Trd, 2591840.996, 97
Trd, 2591841.046, 101
Trd, 2591841.263, 106
Trd, 2591842.096, 99
Trd, 2591842.646, 99
Trd, 2591844.329, 101
Trd, 2591844.613, 108
Trd, 2591845.146, 97
Trd, 2591846.229, 101
Trd, 2591846.646, 100
Trd, 2591846.779, 102
Trd, 2591847.163, 98
Trd, 2591847.229, 97
Trd, 2591847.946, 101
Trd, 2591848.729, 93
Trd, 2591850.763, 99
Trd, 2591851.663, 95
Trd, 2591852.329, 99
Trd, 2591853.463, 97
Trd, 2591853.663, 98
Trd, 2591854.213, 97
Trd, 2591854.679, 98
Trd, 2591854.763, 108
Trd, 2591855.296, 88
Trd, 2591857.213, 104
Trd, 2591857.796, 103
Trd, 2591858.146, 104
Trd, 2591859.079, 88
Trd, 2591859.729, 108
Trd, 2591861.013, 106
Trd, 2591861.296, 106
Trd, 2591861.313, 105
Trd, 2591861.379, 101
Trd, 2591861.813, 97
Trd, 2591862.629, 112
Trd, 2591863.596, 112
Trd, 2591864.313, 92
Trd, 2591866.146, 88
Trd, 2591868.013, 96
Trd, 2591869.329, 91
Trd, 2591869.663, 90
Trd, 2591870.996, 89
Trd, 2591871.179, 86
Trd, 2591871.446, 89
Trd, 2591871.629, 86
Trd, 2591871.663, 90
Trd, 2591872.896, 90
Trd, 2591872.929, 83
Trd, 2591873.196, 91
Trd, 2591873.213, 82
Trd, 2591873.629, 98
Trd, 2591874.246, 99
Trd, 2591875.696, 90
Trd, 2591876.013, 95
Trd, 2591876.429, 94
Trd, 2591877.063, 93
Trd, 2591877.113, 101
Trd, 2591880.046, 96
Trd, 2591880.613, 95
Trd, 2591880.996, 96
Trd, 2591881.429, 95
Trd, 2591881.796, 97
Trd, 2591881.896, 96
Trd, 2591882.029, 98
Trd, 2591882.429, 108
Trd, 2591882.563, 96
Trd, 2591882.663, 95
Trd, 2591883.513, 110
Trd, 2591884.279, 96
Trd, 2591885.346, 91
Trd, 2591885.663, 101
Trd, 2591885.729, 102
Trd, 2591887.346, 96
Trd, 2591888.029, 91
Trd, 2591888.063, 95
Trd, 2591888.629, 87
Trd, 2591889.313, 94
Trd, 2591889.413, 96
Trd, 2591889.829, 108
Trd, 2591890.563, 111
Trd, 2591891.746, 108
Trd, 2591892.446, 109
Trd, 2591892.479, 110
Trd, 2591893.063, 101
Trd, 2591895.129, 91
Trd, 2591895.546, 91
Trd, 2591896.679, 101
Trd, 2591897.413, 94
Trd, 2591898.529, 95
Trd, 2591898.996, 97
Trd, 2591899.479, 91
Trd, 2591899.963, 82
Trd, 2591900.413, 92
Trd, 2591901.429, 98
Trd, 2591901.879, 98
Trd, 2591901.929, 99
Trd, 2591902.429, 99
Trd, 2591903.063, 100
Trd, 2591903.396, 101
Trd, 2591904.229, 108
Trd, 2591905.196, 112
Trd, 2591905.713, 104
Trd, 2591906.163, 115
Trd, 2591907.846, 109
Trd, 2591907.996, 99
Trd, 2591909.746, 106
Trd, 2591909.829, 107
Trd, 2591910.296, 100
Trd, 2591910.846, 104
Trd, 2591910.879, 99
Trd, 2591911.096, 99
Trd, 2591911.113, 104
Trd, 2591911.679, 93
Trd, 2591913.646, 94
Trd, 2591914.013, 94
Trd, 2591914.829, 91
Trd, 2591916.029, 89
Trd, 2591916.246, 89
Trd, 2591916.529, 89
Trd, 2591916.763, 88
Trd, 2591917.329, 87
Trd, 2591917.413, 81
Trd, 2591919.046, 85
Trd, 2591919.796, 85
Trd, 2591920.329, 92
Trd, 2591920.696, 95
Trd, 2591920.896, 79
Trd, 2591920.996, 98
Trd, 2591922.096, 107
Trd, 2591922.646, 105
Trd, 2591923.079, 105
Trd, 2591923.913, 102
Trd, 2591924.563, 103
Trd, 2591924.946, 102
Trd, 2591925.363, 101
Trd, 2591925.613, 106
Trd, 2591925.779, 108
Trd, 2591926.696, 98
Trd, 2591927.129, 87
Trd, 2591927.713, 90
Trd, 2591928.646, 92
Trd, 2591928.946, 112
Trd, 2591930.013, 105
Trd, 2591930.296, 114
Trd, 2591930.796, 90
Trd, 2591931.079, 112
Trd, 2591933.113, 109
Trd, 2591934.996, 102
Trd, 2591935.213, 103
Trd, 2591935.529, 102
Trd, 2591936.179, 102
Trd, 2591936.363, 102
Trd, 2591936.746, 102
Trd, 2591937.663, 101
Trd, 2591937.679, 91
Trd, 2591939.696, 100
Trd, 2591940.329, 111
Trd, 2591940.363, 100
Trd, 2591940.663, 98
Trd, 2591941.179, 101
Trd, 2591941.463, 108
Trd, 2591941.979, 91
Trd, 2591943.163, 98
Trd, 2591943.463, 99
Trd, 2591943.663, 100
Trd, 2591944.363, 89
Trd, 2591944.613, 98
Trd, 2591944.829, 99
Trd, 2591945.596, 101
Trd, 2591945.829, 108
Trd, 2591948.579, 102
Trd, 2591948.896, 102
Trd, 2591948.979, 98
Trd, 2591950.229, 99
Trd, 2591950.879, 97
Trd, 2591951.146, 97
Trd, 2591951.413, 99
Trd, 2591951.796, 99
Trd, 2591952.129, 99
Trd, 2591952.263, 87
Trd, 2591953.696, 106
Trd, 2591953.829, 106
Trd, 2591954.079, 107
Trd, 2591954.463, 107
Trd, 2591955.379, 116
Trd, 2591957.529, 112
Trd, 2591957.779, 94
Trd, 2591958.496, 109
Trd, 2591958.596, 98
Trd, 2591959.263, 111
Trd, 2591959.696, 91
Trd, 2591960.563, 113
Trd, 2591962.013, 105
Trd, 2591962.813, 105
Trd, 2591963.646, 103
Trd, 2591963.679, 107
Trd, 2591963.863, 108
Trd, 2591964.196, 101
Trd, 2591965.196, 105
Trd, 2591966.263, 105
Trd, 2591966.563, 105
Trd, 2591966.896, 107
Trd, 2591967.929, 98
Trd, 2591968.529, 106
Trd, 2591968.696, 108
Trd, 2591969.446, 105
Trd, 2591969.796, 105
Trd, 2591970.163, 104
Trd, 2591971.096, 103
Trd, 2591971.496, 105
Trd, 2591972.546, 106
Trd, 2591972.729, 108
Trd, 2591973.496, 101
Trd, 2591974.246, 91
Trd, 2591974.679, 105
Trd, 2591975.063, 88
Trd, 2591976.379, 101
Trd, 2591977.146, 102
Trd, 2591977.229, 100
Trd, 2591978.096, 98
Trd, 2591979.413, 99
Trd, 2591979.813, 102
Trd, 2591981.813, 96
Trd, 2591982.629, 95
Trd, 2591983.029, 98
Trd, 2591984.079, 96
Trd, 2591984.996, 97
Trd, 2591985.063, 95
Trd, 2591985.129, 98
Trd, 2591985.213, 91
Trd, 2591985.746, 86
Trd, 2591985.829, 107
Trd, 2591985.846, 108
Trd, 2591987.146, 103
Trd, 2591988.646, 97
Trd, 2591988.763, 87
Trd, 2591988.863, 85
Trd, 2591989.029, 101
Trd, 2591989.063, 102
Trd, 2591989.079, 104
Trd, 2591989.363, 105
Trd, 2591990.963, 94
Trd, 2591992.463, 96
Trd, 2591992.646, 106
Trd, 2591993.296, 96
Trd, 2591994.596, 107
Trd, 2591994.779, 108
Trd, 2591995.129, 112
Trd, 2591996.229, 112
Trd, 2591997.413, 110
Trd, 2591997.496, 111
Trd, 2591998.813, 99
Trd, 2591999.163, 100
Trd, 2591999.196, 99
Trd, 2591999.313, 113
