Trd, 2590618.563, 104
Trd, 2590619.746, 104
Trd, 2590620.146, 103
Trd, 2590620.346, 92
Trd, 2590620.696, 102
Trd, 2590621.529, 113
Trd, 2590622.079, 116
Trd, 2590622.229, 110
Trd, 2590622.463, 106
Trd, 2590623.313, 127
Trd, 2590623.796, 86
Trd, 2590624.229, 85
Trd, 2590624.529, 113
Trd, 2590624.813, 87
Trd, 2590625.613, 106
Trd, 2590625.896, 107
Trd, 2590628.279, 94
Trd, 2590629.746, 97
Trd, 2590629.896, 96
Trd, 2590631.179, 104
Trd, 2590632.279, 106
Trd, 2590632.329, 104
Trd, 2590633.263, 98
Trd, 2590633.413, 111
Trd, 2590635.363, 109
Trd, 2590636.346, 114
Trd, 2590636.713, 116
Trd, 2590636.796, 124
Trd, 2590637.596, 125
Trd, 2590637.713, 108
Trd, 2590638.529, 93
Trd, 2590640.613, 102
Trd, 2590640.896, 92
Trd, 2590645.346, 97
Trd, 2590645.846, 106
Trd, 2590645.963, 118
Trd, 2590646.429, 119
Trd, 2590647.163, 116
Trd, 2590647.179, 108
Trd, 2590647.729, 107
Trd, 2590647.796, 97
Trd, 2590648.296, 122
Trd, 2590648.313, 107
Trd, 2590648.896, 97
Trd, 2590649.946, 90
Trd, 2590650.779, 104
Trd, 2590651.146, 105
Trd, 2590651.696, 113
Trd, 2590651.979, 112
Trd, 2590652.363, 116
Trd, 2590653.029, 97
Trd, 2590653.179, 95
Trd, 2590653.563, 116
Trd, 2590655.946, 117
Trd, 2590657.363, 105
Trd, 2590658.696, 93
Trd, 2590658.779, 95
Trd, 2590659.863, 95
Trd, 2590659.879, 94
Trd, 2590660.663, 96
Trd, 2590660.929, 107
Trd, 2590662.313, 106
Trd, 2590665.446, 107
Trd, 2590667.729, 111
Trd, 2590668.296, 120
Trd, 2590670.429, 108
Trd, 2590670.513, 108
Trd, 2590670.613, 105
Trd, 2590671.046, 106
Trd, 2590671.129, 104
Trd, 2590671.779, 103
Trd, 2590672.596, 112
Trd, 2590674.013, 114
Trd, 2590675.629, 106
Trd, 2590675.846, 107
Trd, 2590676.196, 101
Trd, 2590676.629, 111
Trd, 2590676.813, 98
Trd, 2590678.429, 115
Trd, 2590678.563, 98
Trd, 2590680.096, 113
Trd, 2590681.413, 117
Trd, 2590682.429, 104
Trd, 2590683.179, 101
Trd, 2590685.379, 98
Trd, 2590685.696, 97
Trd, 2590686.129, 109
Trd, 2590686.779, 107
Trd, 2590688.296, 100
Trd, 2590688.729, 96
Trd, 2590689.246, 96
Trd, 2590690.413, 91
Trd, 2590690.429, 92
Trd, 2590693.246, 100
Trd, 2590693.279, 113
Trd, 2590693.496, 100
Trd, 2590695.313, 105
Trd, 2590696.329, 122
Trd, 2590696.879, 105
Trd, 2590696.896, 104
Trd, 2590697.463, 98
Trd, 2590697.713, 95
Trd, 2590697.746, 109
Trd, 2590698.013, 92
Trd, 2590698.046, 87
Trd, 2590699.496, 117
Trd, 2590700.229, 107
Trd, 2590700.563, 106
Trd, 2590701.113, 109
Trd, 2590702.529, 104
Trd, 2590703.429, 119
Trd, 2590707.346, 108
Trd, 2590707.446, 107
Trd, 2590708.163, 106
Trd, 2590708.179, 103
Trd, 2590708.313, 102
Trd, 2590708.379, 109
Trd, 2590708.563, 101
Trd, 2590709.513, 108
Trd, 2590709.829, 98
Trd, 2590711.429, 106
Trd, 2590711.996, 90
Trd, 2590713.229, 95
Trd, 2590713.846, 89
Trd, 2590714.713, 106
Trd, 2590718.096, 105
Trd, 2590718.229, 104
Trd, 2590718.479, 102
Trd, 2590719.096, 102
Trd, 2590720.463, 102
Trd, 2590721.729, 109
Trd, 2590722.063, 97
Trd, 2590723.496, 92
Trd, 2590725.246, 103
Trd, 2590725.479, 111
Trd, 2590725.796, 112
Trd, 2590726.296, 107
Trd, 2590727.296, 110
Trd, 2590728.346, 104
Trd, 2590728.463, 103
Trd, 2590728.996, 113
Trd, 2590729.963, 115
Trd, 2590731.046, 102
Trd, 2590731.146, 102
Trd, 2590732.229, 102
Trd, 2590732.696, 95
Trd, 2590732.896, 92
Trd, 2590733.413, 97
Trd, 2590734.713, 93
Trd, 2590734.879, 112
Trd, 2590736.979, 115
Trd, 2590738.179, 109
Trd, 2590738.479, 109
Trd, 2590738.646, 108
Trd, 2590738.696, 105
Trd, 2590738.996, 102
Trd, 2590739.363, 91
Trd, 2590739.729, 82
Trd, 2590739.779, 105
Trd, 2590741.613, 97
Trd, 2590742.913, 84
Trd, 2590743.346, 97
Trd, 2590744.379, 99
Trd, 2590744.646, 98
Trd, 2590746.879, 101
Trd, 2590747.146, 90
Trd, 2590747.163, 107
Trd, 2590748.163, 113
Trd, 2590751.913, 118
Trd, 2590753.196, 102
Trd, 2590754.013, 97
Trd, 2590754.913, 99
Trd, 2590754.946, 96
Trd, 2590755.613, 107
Trd, 2590755.763, 102
Trd, 2590759.779, 108
Trd, 2590759.796, 108
Trd, 2590759.896, 107
Trd, 2590760.146, 106
Trd, 2590760.263, 116
Trd, 2590761.729, 95
Trd, 2590761.963, 98
Trd, 2590764.363, 93
Trd, 2590764.696, 101
Trd, 2590764.913, 113
Trd, 2590765.546, 92
Trd, 2590767.263, 103
Trd, 2590767.363, 100
Trd, 2590768.929, 97
Trd, 2590769.029, 95
Trd, 2590769.863, 92
Trd, 2590770.463, 90
Trd, 2590770.729, 90
Trd, 2590771.163, 100
Trd, 2590772.179, 104
Trd, 2590772.996, 108
Trd, 2590774.163, 91
Trd, 2590774.846, 111
Trd, 2590776.796, 98
Trd, 2590778.263, 94
Trd, 2590778.329, 100
Trd, 2590781.063, 96
Trd, 2590781.529, 92
Trd, 2590781.763, 102
Trd, 2590782.163, 104
Trd, 2590782.346, 92
Trd, 2590782.846, 92
Trd, 2590783.346, 115
Trd, 2590784.163, 117
Trd, 2590784.296, 108
Trd, 2590784.779, 87
Trd, 2590785.113, 87
Trd, 2590785.779, 105
Trd, 2590786.213, 101
Trd, 2590788.713, 106
Trd, 2590789.379, 91
Trd, 2590789.729, 96
Trd, 2590790.179, 108
Trd, 2590793.396, 101
Trd, 2590793.479, 102
Trd, 2590794.563, 109
Trd, 2590794.979, 117
Trd, 2590797.913, 101
Trd, 2590798.096, 99
Trd, 2590798.229, 103
Trd, 2590798.379, 105
Trd, 2590798.696, 109
Trd, 2590798.946, 97
Trd, 2590800.196, 99
Trd, 2590801.113, 109
Trd, 2590801.379, 98
Trd, 2590801.846, 95
Trd, 2590803.813, 115
Trd, 2590804.363, 110
Trd, 2590804.713, 115
Trd, 2590805.629, 109
Trd, 2590806.013, 108
Trd, 2590808.096, 103
Trd, 2590808.196, 100
Trd, 2590808.413, 99
Trd, 2590808.863, 101
Trd, 2590809.813, 112
Trd, 2590810.296, 102
Trd, 2590810.546, 113
Trd, 2590811.079, 93
Trd, 2590811.163, 89
Trd, 2590811.263, 102
Trd, 2590812.529, 92
Trd, 2590814.296, 94
Trd, 2590816.246, 89
Trd, 2590816.679, 91
Trd, 2590817.263, 89
Trd, 2590817.363, 105
Trd, 2590818.296, 93
Trd, 2590818.446, 98
Trd, 2590818.979, 90
Trd, 2590820.529, 115
Trd, 2590820.929, 118
Trd, 2590824.896, 93
Trd, 2590825.513, 116
Trd, 2590825.779, 121
Trd, 2590826.529, 104
Trd, 2590826.629, 99
Trd, 2590828.113, 100
Trd, 2590828.413, 99
Trd, 2590828.613, 118
Trd, 2590828.996, 97
Trd, 2590829.863, 97
Trd, 2590832.229, 102
Trd, 2590832.729, 121
Trd, 2590833.413, 104
Trd, 2590833.563, 98
Trd, 2590834.746, 103
Trd, 2590835.679, 105
Trd, 2590835.746, 89
Trd, 2590836.863, 94
Trd, 2590837.346, 92
Trd, 2590838.029, 110
Trd, 2590839.146, 89
Trd, 2590840.479, 115
Trd, 2590840.713, 111
Trd, 2590840.979, 113
Trd, 2590841.113, 108
Trd, 2590842.329, 94
Trd, 2590842.729, 99
Trd, 2590843.896, 93
Trd, 2590844.229, 114
Trd, 2590846.646, 113
Trd, 2590847.096, 102
Trd, 2590849.996, 92
Trd, 2590850.879, 90
Trd, 2590852.313, 111
Trd, 2590852.363, 119
Trd, 2590853.163, 94
Trd, 2590853.646, 94
Trd, 2590854.763, 115
Trd, 2590855.313, 102
Trd, 2590855.846, 95
Trd, 2590855.996, 93
Trd, 2590856.579, 103
Trd, 2590857.729, 109
Trd, 2590858.879, 103
Trd, 2590859.413, 97
Trd, 2590859.696, 103
Trd, 2590860.546, 90
Trd, 2590861.579, 107
Trd, 2590861.913, 91
Trd, 2590862.663, 91
Trd, 2590863.379, 105
Trd, 2590865.513, 107
Trd, 2590865.746, 106
Trd, 2590866.179, 112
Trd, 2590866.963, 99
Trd, 2590869.646, 113
Trd, 2590869.863, 116
Trd, 2590875.796, 102
Trd, 2590876.096, 115
Trd, 2590876.313, 101
Trd, 2590876.996, 122
Trd, 2590877.346, 113
Trd, 2590877.846, 113
Trd, 2590878.229, 110
Trd, 2590878.996, 114
Trd, 2590879.379, 101
Trd, 2590880.329, 94
Trd, 2590882.063, 101
Trd, 2590883.496, 98
Trd, 2590883.863, 103
Trd, 2590884.913, 95
Trd, 2590885.546, 93
Trd, 2590886.163, 104
Trd, 2590888.796, 91
Trd, 2590888.863, 91
Trd, 2590889.529, 107
Trd, 2590890.263, 107
Trd, 2590891.113, 97
Trd, 2590891.579, 108
Trd, 2590891.963, 98
Trd, 2590892.663, 95
Trd, 2590893.279, 97
Trd, 2590894.796, 97
Trd, 2590895.463, 112
Trd, 2590895.946, 107
Trd, 2590896.746, 85
Trd, 2590897.613, 107
Trd, 2590899.713, 99
Trd, 2590899.829, 96
Trd, 2590900.863, 105
Trd, 2590901.013, 118
Trd, 2590901.563, 114
Trd, 2590902.096, 105
Trd, 2590902.146, 100
Trd, 2590903.296, 102
Trd, 2590904.079, 101
Trd, 2590905.563, 110
Trd, 2590906.263, 102
Trd, 2590907.096, 101
Trd, 2590907.663, 111
Trd, 2590907.913, 110
Trd, 2590908.196, 116
Trd, 2590908.729, 113
Trd, 2590909.713, 102
Trd, 2590909.879, 98
Trd, 2590910.213, 113
Trd, 2590910.546, 116
Trd, 2590911.246, 89
Trd, 2590912.096, 86
Trd, 2590913.846, 96
Trd, 2590914.913, 95
Trd, 2590917.263, 102
Trd, 2590918.013, 103
Trd, 2590918.146, 104
Trd, 2590919.146, 100
Trd, 2590920.229, 111
Trd, 2590920.346, 100
Trd, 2590921.863, 115
Trd, 2590921.963, 116
Trd, 2590925.379, 108
Trd, 2590926.129, 111
Trd, 2590927.263, 106
Trd, 2590927.879, 102
Trd, 2590928.546, 111
Trd, 2590929.579, 102
Trd, 2590929.596, 98
Trd, 2590930.979, 109
Trd, 2590931.429, 117
Trd, 2590931.513, 97
Trd, 2590932.796, 116
Trd, 2590933.413, 115
Trd, 2590933.496, 105
Trd, 2590934.179, 115
Trd, 2590934.279, 107
Trd, 2590935.463, 106
Trd, 2590935.579, 104
Trd, 2590936.229, 102
Trd, 2590937.546, 94
Trd, 2590937.646, 94
Trd, 2590937.963, 100
Trd, 2590940.463, 107
Trd, 2590940.763, 107
Trd, 2590941.296, 120
Trd, 2590941.846, 99
Trd, 2590943.363, 100
Trd, 2590943.763, 109
Trd, 2590944.479, 95
Trd, 2590947.163, 104
Trd, 2590948.363, 94
Trd, 2590949.779, 101
Trd, 2590949.996, 110
Trd, 2590950.596, 98
Trd, 2590950.713, 96
Trd, 2590952.446, 108
Trd, 2590953.463, 109
Trd, 2590953.613, 112
Trd, 2590954.563, 115
Trd, 2590954.679, 108
Trd, 2590954.763, 117
Trd, 2590956.879, 111
Trd, 2590958.496, 106
Trd, 2590959.063, 106
Trd, 2590959.096, 103
Trd, 2590960.029, 115
Trd, 2590960.863, 108
Trd, 2590962.046, 101
Trd, 2590962.346, 112
Trd, 2590962.763, 99
Trd, 2590964.096, 108
Trd, 2590964.163, 105
Trd, 2590966.579, 93
Trd, 2590966.763, 103
Trd, 2590968.696, 93
Trd, 2590968.913, 93
Trd, 2590969.696, 115
Trd, 2590970.429, 101
Trd, 2590970.979, 100
Trd, 2590971.663, 100
Trd, 2590972.046, 97
Trd, 2590973.113, 101
Trd, 2590974.096, 100
Trd, 2590974.429, 97
Trd, 2590975.929, 112
Trd, 2590976.013, 114
Trd, 2590976.396, 118
Trd, 2590976.463, 102
Trd, 2590977.329, 94
Trd, 2590977.413, 94
Trd, 2590979.329, 101
Trd, 2590979.829, 103
Trd, 2590984.179, 98
Trd, 2590984.863, 104
Trd, 2590985.546, 96
Trd, 2590985.896, 110
Trd, 2590986.196, 109
Trd, 2590987.446, 96
Trd, 2590987.663, 101
Trd, 2590988.163, 93
Trd, 2590988.313, 110
Trd, 2590988.646, 98
Trd, 2590989.463, 91
Trd, 2590989.763, 120
Trd, 2590990.763, 89
Trd, 2590992.846, 104
Trd, 2590993.346, 104
Trd, 2590993.563, 105
Trd, 2590995.379, 109
Trd, 2590995.863, 108
Trd, 2590996.463, 113
Trd, 2590996.879, 102
Trd, 2590997.829, 96
Trd, 2590998.146, 92
Trd, 2590998.229, 89
Trd, 2590998.246, 120
Trd, 2590998.496, 89
Trd, 2590999.096, 93
Trd, 2590999.513, 91
Trd, 2591000.479, 88
Trd, 2591000.646, 97
Trd, 2591001.363, 98
Trd, 2591002.413, 118
Trd, 2591002.629, 130
Trd, 2591004.463, 93
Trd, 2591004.946, 92
Trd, 2591005.629, 109
Trd, 2591005.663, 87
Trd, 2591006.629, 86
Trd, 2591008.013, 88
Trd, 2591008.713, 107
Trd, 2591008.813, 105
Trd, 2591009.079, 86
Trd, 2591011.379, 106
Trd, 2591014.113, 96
Trd, 2591014.996, 112
Trd, 2591015.629, 105
Trd, 2591015.913, 108
Trd, 2591016.646, 107
Trd, 2591017.663, 107
Trd, 2591017.929, 103
Trd, 2591018.313, 105
Trd, 2591018.429, 110
Trd, 2591020.579, 101
Trd, 2591020.829, 98
Trd, 2591021.779, 98
Trd, 2591022.829, 97
Trd, 2591022.996, 95
Trd, 2591024.063, 105
Trd, 2591024.513, 103
Trd, 2591026.229, 88
Trd, 2591027.213, 86
Trd, 2591027.296, 108
Trd, 2591028.696, 102
Trd, 2591028.879, 104
Trd, 2591030.046, 97
Trd, 2591030.329, 95
Trd, 2591031.429, 104
Trd, 2591031.996, 104
Trd, 2591035.613, 96
Trd, 2591037.246, 108
Trd, 2591037.696, 114
Trd, 2591038.346, 106
Trd, 2591038.796, 105
Trd, 2591039.529, 112
Trd, 2591040.029, 105
Trd, 2591040.779, 105
Trd, 2591041.096, 115
Trd, 2591041.246, 116
Trd, 2591041.663, 94
Trd, 2591041.846, 108
Trd, 2591042.163, 94
Trd, 2591042.379, 121
Trd, 2591046.079, 108
Trd, 2591047.279, 101
Trd, 2591047.713, 101
Trd, 2591048.346, 105
Trd, 2591049.729, 108
Trd, 2591050.529, 109
Trd, 2591050.613, 104
Trd, 2591051.179, 101
Trd, 2591051.346, 101
Trd, 2591052.696, 98
Trd, 2591054.913, 91
Trd, 2591054.996, 91
Trd, 2591056.646, 114
Trd, 2591057.163, 113
Trd, 2591058.379, 115
Trd, 2591058.546, 105
Trd, 2591058.946, 117
Trd, 2591059.196, 113
Trd, 2591060.113, 113
Trd, 2591061.329, 108
Trd, 2591062.613, 109
Trd, 2591062.863, 105
Trd, 2591065.313, 116
Trd, 2591065.979, 94
Trd, 2591066.296, 90
Trd, 2591066.496, 98
Trd, 2591066.813, 103
Trd, 2591067.846, 104
Trd, 2591067.929, 101
Trd, 2591068.029, 98
Trd, 2591070.179, 104
Trd, 2591070.346, 103
Trd, 2591071.796, 115
Trd, 2591071.846, 116
Trd, 2591072.663, 110
Trd, 2591072.996, 105
Trd, 2591074.013, 105
Trd, 2591075.029, 99
Trd, 2591076.263, 91
Trd, 2591077.646, 106
Trd, 2591078.563, 107
Trd, 2591079.329, 102
Trd, 2591082.963, 108
Trd, 2591083.763, 105
Trd, 2591084.479, 106
Trd, 2591085.179, 102
Trd, 2591085.596, 107
Trd, 2591086.246, 103
Trd, 2591086.563, 100
Trd, 2591087.513, 96
Trd, 2591087.996, 96
Trd, 2591088.813, 103
Trd, 2591090.229, 105
Trd, 2591090.379, 107
Trd, 2591090.946, 116
Trd, 2591091.163, 99
Trd, 2591092.213, 96
Trd, 2591093.179, 91
Trd, 2591096.296, 100
Trd, 2591097.463, 107
Trd, 2591097.529, 94
Trd, 2591097.763, 107
Trd, 2591100.046, 106
Trd, 2591100.246, 105
Trd, 2591100.779, 119
Trd, 2591100.796, 103
Trd, 2591100.963, 101
Trd, 2591102.629, 99
Trd, 2591103.713, 96
Trd, 2591103.746, 103
Trd, 2591105.363, 96
Trd, 2591106.663, 100
Trd, 2591108.479, 95
Trd, 2591108.563, 93
Trd, 2591108.696, 106
Trd, 2591108.863, 92
Trd, 2591109.763, 115
Trd, 2591110.429, 91
Trd, 2591110.813, 91
Trd, 2591111.679, 94
Trd, 2591111.863, 96
Trd, 2591112.379, 99
Trd, 2591112.596, 100
Trd, 2591113.613, 96
Trd, 2591113.746, 115
Trd, 2591114.163, 92
Trd, 2591114.263, 92
Trd, 2591114.346, 90
Trd, 2591115.296, 119
Trd, 2591115.829, 109
Trd, 2591117.046, 100
Trd, 2591119.646, 95
Trd, 2591120.313, 96
Trd, 2591121.063, 117
Trd, 2591121.313, 107
Trd, 2591124.063, 100
Trd, 2591124.679, 114
Trd, 2591125.163, 99
Trd, 2591125.713, 102
Trd, 2591125.746, 115
Trd, 2591125.913, 99
Trd, 2591127.563, 127
Trd, 2591127.963, 100
Trd, 2591128.129, 98
Trd, 2591128.579, 97
Trd, 2591131.663, 105
Trd, 2591132.279, 113
Trd, 2591133.696, 107
Trd, 2591133.879, 109
Trd, 2591134.196, 108
Trd, 2591135.779, 105
Trd, 2591135.796, 113
Trd, 2591137.196, 119
Trd, 2591138.646, 108
Trd, 2591139.463, 105
Trd, 2591139.813, 102
Trd, 2591141.196, 100
Trd, 2591141.463, 108
Trd, 2591142.996, 115
Trd, 2591143.146, 118
Trd, 2591143.246, 97
Trd, 2591144.379, 108
Trd, 2591144.696, 93
Trd, 2591144.796, 110
Trd, 2591145.146, 90
Trd, 2591146.863, 91
Trd, 2591148.129, 118
Trd, 2591148.613, 111
Trd, 2591148.846, 100
Trd, 2591150.179, 101
Trd, 2591151.029, 99
Trd, 2591152.279, 95
Trd, 2591153.413, 104
Trd, 2591154.329, 104
Trd, 2591154.829, 103
Trd, 2591155.763, 97
Trd, 2591155.829, 88
Trd, 2591157.963, 104
Trd, 2591158.396, 112
Trd, 2591158.713, 92
Trd, 2591159.629, 111
Trd, 2591160.929, 91
Trd, 2591161.713, 89
Trd, 2591163.513, 109
Trd, 2591163.646, 118
Trd, 2591163.996, 103
Trd, 2591164.463, 102
Trd, 2591165.229, 100
Trd, 2591167.263, 98
Trd, 2591167.346, 98
Trd, 2591167.596, 91
Trd, 2591167.829, 87
Trd, 2591168.063, 115
Trd, 2591169.313, 112
Trd, 2591170.096, 116
Trd, 2591170.446, 114
Trd, 2591172.113, 108
Trd, 2591174.363, 94
Trd, 2591175.746, 109
Trd, 2591176.146, 101
Trd, 2591177.129, 110
Trd, 2591177.346, 101
Trd, 2591177.396, 95
Trd, 2591177.713, 93
Trd, 2591179.413, 88
Trd, 2591179.746, 102
Trd, 2591179.796, 104
Trd, 2591181.179, 95
Trd, 2591181.246, 106
Trd, 2591182.179, 98
Trd, 2591182.596, 96
Trd, 2591182.846, 114
Trd, 2591184.413, 108
Trd, 2591186.529, 108
Trd, 2591187.279, 106
Trd, 2591187.463, 115
Trd, 2591188.446, 103
Trd, 2591189.229, 95
Trd, 2591189.613, 117
Trd, 2591189.713, 107
Trd, 2591189.829, 91
Trd, 2591191.346, 104
Trd, 2591191.363, 118
Trd, 2591191.913, 120
Trd, 2591192.163, 89
Trd, 2591192.829, 84
Trd, 2591194.646, 102
Trd, 2591194.779, 101
Trd, 2591195.013, 101
Trd, 2591196.629, 111
Trd, 2591198.229, 109
Trd, 2591198.246, 113
Trd, 2591198.729, 107
Trd, 2591198.946, 104
Trd, 2591199.063, 82
Trd, 2591200.563, 91
Trd, 2591200.763, 97
Trd, 2591201.363, 95
Trd, 2591202.713, 89
Trd, 2591203.079, 87
Trd, 2591203.763, 97
Trd, 2591204.629, 97
Trd, 2591204.713, 87
Trd, 2591205.179, 97
Trd, 2591205.996, 109
Trd, 2591207.563, 90
Trd, 2591208.363, 100
Trd, 2591208.479, 100
Trd, 2591208.879, 89
Trd, 2591209.913, 116
Trd, 2591210.979, 109
Trd, 2591211.263, 103
Trd, 2591212.129, 104
Trd, 2591212.896, 105
Trd, 2591213.929, 102
Trd, 2591215.596, 99
Trd, 2591216.279, 95
Trd, 2591216.579, 94
Trd, 2591218.613, 92
Trd, 2591219.063, 107
Trd, 2591219.413, 110
Trd, 2591219.513, 96
Trd, 2591219.763, 111
Trd, 2591221.263, 92
Trd, 2591221.713, 103
Trd, 2591221.796, 96
Trd, 2591222.013, 112
Trd, 2591222.663, 108
Trd, 2591223.079, 105
Trd, 2591224.163, 104
Trd, 2591224.696, 103
Trd, 2591224.996, 94
Trd, 2591225.279, 104
Trd, 2591226.146, 101
Trd, 2591226.246, 103
Trd, 2591226.779, 98
Trd, 2591227.579, 111
Trd, 2591228.346, 97
Trd, 2591228.796, 94
Trd, 2591229.013, 91
Trd, 2591231.329, 95
Trd, 2591231.529, 106
Trd, 2591233.429, 105
Trd, 2591235.046, 118
Trd, 2591235.279, 100
Trd, 2591237.046, 103
Trd, 2591237.446, 105
Trd, 2591237.846, 116
Trd, 2591238.046, 102
Trd, 2591238.713, 100
Trd, 2591239.796, 91
Trd, 2591240.429, 88
Trd, 2591240.813, 110
Trd, 2591241.529, 93
Trd, 2591243.529, 102
Trd, 2591245.063, 91
Trd, 2591246.629, 95
Trd, 2591247.113, 96
Trd, 2591248.313, 111
Trd, 2591248.796, 103
Trd, 2591249.546, 100
Trd, 2591250.079, 100
Trd, 2591250.096, 97
Trd, 2591251.046, 116
Trd, 2591251.146, 113
Trd, 2591252.129, 110
Trd, 2591253.379, 93
Trd, 2591255.363, 97
Trd, 2591256.596, 103
Trd, 2591258.146, 100
Trd, 2591258.496, 117
Trd, 2591259.563, 97
Trd, 2591259.596, 119
Trd, 2591261.446, 96
Trd, 2591261.713, 96
Trd, 2591262.029, 102
Trd, 2591262.963, 93
Trd, 2591263.029, 105
Trd, 2591264.596, 94
Trd, 2591265.846, 96
Trd, 2591265.979, 95
Trd, 2591266.646, 91
Trd, 2591267.963, 97
Trd, 2591269.729, 102
Trd, 2591269.946, 106
Trd, 2591270.746, 102
Trd, 2591271.896, 101
Trd, 2591273.413, 92
Trd, 2591273.546, 91
Trd, 2591274.546, 92
Trd, 2591275.613, 106
Trd, 2591275.879, 102
Trd, 2591276.129, 116
Trd, 2591276.413, 91
Trd, 2591277.163, 95
Trd, 2591277.929, 105
Trd, 2591280.263, 115
Trd, 2591280.296, 107
Trd, 2591281.129, 110
Trd, 2591281.446, 107
Trd, 2591282.763, 120
Trd, 2591283.329, 119
Trd, 2591283.496, 108
Trd, 2591283.746, 104
Trd, 2591284.563, 105
Trd, 2591285.129, 105
Trd, 2591285.379, 104
Trd, 2591286.029, 104
Trd, 2591286.513, 109
Trd, 2591286.646, 96
Trd, 2591287.813, 98
Trd, 2591288.646, 99
Trd, 2591289.746, 113
Trd, 2591289.863, 91
Trd, 2591294.979, 111
Trd, 2591295.029, 98
Trd, 2591295.779, 95
Trd, 2591296.429, 118
Trd, 2591296.613, 107
Trd, 2591296.729, 119
Trd, 2591297.096, 105
Trd, 2591297.129, 97
Trd, 2591297.946, 113
Trd, 2591298.479, 110
Trd, 2591298.929, 96
Trd, 2591299.846, 94
Trd, 2591301.079, 104
Trd, 2591301.546, 101
Trd, 2591302.846, 103
Trd, 2591303.996, 102
Trd, 2591307.629, 104
Trd, 2591307.746, 113
Trd, 2591308.863, 111
Trd, 2591309.296, 108
Trd, 2591309.513, 103
Trd, 2591309.996, 99
Trd, 2591310.129, 104
Trd, 2591310.963, 116
Trd, 2591311.563, 93
Trd, 2591313.863, 100
Trd, 2591314.129, 100
Trd, 2591315.196, 94
Trd, 2591317.013, 93
Trd, 2591318.413, 97
Trd, 2591318.813, 115
Trd, 2591319.446, 109
Trd, 2591319.596, 107
Trd, 2591319.679, 104
Trd, 2591320.129, 94
Trd, 2591322.096, 91
Trd, 2591322.346, 103
Trd, 2591322.646, 95
Trd, 2591324.896, 98
Trd, 2591326.429, 105
Trd, 2591327.546, 111
Trd, 2591328.313, 113
Trd, 2591329.529, 103
Trd, 2591330.163, 98
Trd, 2591330.213, 101
Trd, 2591331.296, 101
Trd, 2591332.096, 103
Trd, 2591332.213, 93
Trd, 2591332.896, 91
Trd, 2591332.979, 106
Trd, 2591333.563, 87
Trd, 2591335.563, 104
Trd, 2591335.579, 105
Trd, 2591335.913, 115
Trd, 2591336.563, 104
Trd, 2591337.396, 112
Trd, 2591338.046, 113
Trd, 2591339.396, 103
Trd, 2591339.713, 82
Trd, 2591340.796, 90
Trd, 2591342.163, 110
Trd, 2591342.329, 103
Trd, 2591343.929, 100
Trd, 2591344.946, 110
Trd, 2591345.663, 108
Trd, 2591346.063, 109
Trd, 2591346.879, 104
Trd, 2591348.446, 104
Trd, 2591349.463, 107
Trd, 2591349.713, 104
Trd, 2591350.629, 96
Trd, 2591351.263, 112
Trd, 2591351.996, 96
Trd, 2591353.313, 115
Trd, 2591353.829, 101
Trd, 2591354.096, 105
Trd, 2591356.163, 102
Trd, 2591357.963, 109
Trd, 2591358.029, 117
Trd, 2591358.596, 109
Trd, 2591359.196, 106
Trd, 2591360.746, 95
Trd, 2591362.129, 114
Trd, 2591362.446, 100
Trd, 2591363.913, 103
Trd, 2591364.146, 101
Trd, 2591364.163, 101
Trd, 2591364.613, 97
Trd, 2591364.863, 97
Trd, 2591365.146, 94
Trd, 2591366.346, 91
Trd, 2591367.279, 117
Trd, 2591368.013, 116
Trd, 2591369.046, 101
Trd, 2591370.596, 116
Trd, 2591371.213, 121
Trd, 2591372.229, 113
Trd, 2591373.179, 112
Trd, 2591373.363, 106
Trd, 2591373.579, 101
Trd, 2591373.979, 118
Trd, 2591375.363, 114
Trd, 2591375.563, 103
Trd, 2591375.929, 92
Trd, 2591378.029, 106
Trd, 2591378.046, 105
Trd, 2591378.263, 93
Trd, 2591378.279, 91
Trd, 2591378.346, 119
Trd, 2591380.446, 111
Trd, 2591381.829, 95
Trd, 2591381.863, 115
Trd, 2591382.063, 91
Trd, 2591382.879, 101
Trd, 2591385.429, 111
Trd, 2591386.596, 110
Trd, 2591386.729, 112
Trd, 2591388.029, 105
Trd, 2591388.346, 105
Trd, 2591389.429, 112
Trd, 2591389.996, 103
Trd, 2591390.213, 115
Trd, 2591391.113, 99
Trd, 2591392.029, 106
Trd, 2591392.496, 113
Trd, 2591394.929, 107
Trd, 2591395.746, 114
Trd, 2591396.129, 106
Trd, 2591397.213, 104
Trd, 2591397.996, 100
Trd, 2591398.029, 100
Trd, 2591398.046, 97
Trd, 2591398.113, 90
Trd, 2591398.846, 107
Trd, 2591398.879, 112
Trd, 2591399.779, 105
Trd, 2591401.546, 92
Trd, 2591402.129, 99
Trd, 2591402.346, 103
Trd, 2591402.363, 91
Trd, 2591405.829, 97
Trd, 2591405.996, 110
Trd, 2591406.329, 111
Trd, 2591406.879, 96
Trd, 2591407.096, 96
Trd, 2591408.196, 127
Trd, 2591408.479, 96
Trd, 2591409.213, 95
Trd, 2591409.246, 89
Trd, 2591411.513, 97
Trd, 2591411.713, 94
Trd, 2591412.646, 89
Trd, 2591413.246, 85
Trd, 2591414.813, 112
Trd, 2591414.946, 121
Trd, 2591415.129, 85
Trd, 2591415.413, 81
Trd, 2591416.296, 105
Trd, 2591416.413, 94
Trd, 2591416.729, 105
Trd, 2591418.613, 109
Trd, 2591419.163, 110
Trd, 2591419.579, 118
Trd, 2591423.029, 112
Trd, 2591423.463, 112
Trd, 2591423.746, 108
Trd, 2591424.263, 108
Trd, 2591424.429, 97
Trd, 2591424.479, 91
Trd, 2591425.213, 100
Trd, 2591425.429, 104
Trd, 2591425.629, 93
Trd, 2591427.029, 102
Trd, 2591427.629, 92
Trd, 2591429.529, 88
Trd, 2591430.179, 104
Trd, 2591432.413, 116
Trd, 2591433.913, 114
Trd, 2591434.896, 118
Trd, 2591435.263, 117
Trd, 2591435.363, 117
Trd, 2591435.629, 110
Trd, 2591435.979, 123
Trd, 2591436.763, 121
Trd, 2591438.196, 116
Trd, 2591438.329, 118
Trd, 2591439.479, 110
Trd, 2591439.679, 110
Trd, 2591439.913, 103
Trd, 2591441.996, 104
Trd, 2591442.113, 102
Trd, 2591443.479, 108
Trd, 2591444.096, 105
Trd, 2591445.046, 103
Trd, 2591445.363, 99
Trd, 2591445.746, 93
Trd, 2591445.896, 121
Trd, 2591446.646, 90
Trd, 2591449.979, 108
Trd, 2591450.229, 108
Trd, 2591450.463, 105
Trd, 2591451.263, 115
Trd, 2591452.113, 117
Trd, 2591453.113, 107
Trd, 2591453.346, 111
Trd, 2591453.546, 103
Trd, 2591453.679, 102
Trd, 2591454.313, 100
Trd, 2591455.029, 116
Trd, 2591455.879, 109
Trd, 2591456.446, 104
Trd, 2591456.746, 99
Trd, 2591457.829, 92
Trd, 2591460.613, 113
Trd, 2591462.129, 99
Trd, 2591462.396, 96
Trd, 2591463.513, 94
Trd, 2591463.913, 94
Trd, 2591464.629, 88
Trd, 2591465.696, 101
Trd, 2591466.229, 91
Trd, 2591466.796, 95
Trd, 2591467.729, 106
Trd, 2591467.863, 92
Trd, 2591468.029, 107
Trd, 2591468.846, 105
Trd, 2591469.329, 90
Trd, 2591473.863, 101
Trd, 2591474.263, 104
Trd, 2591475.329, 103
Trd, 2591475.813, 109
Trd, 2591476.263, 100
Trd, 2591476.979, 103
Trd, 2591477.229, 100
Trd, 2591477.613, 100
Trd, 2591480.313, 108
Trd, 2591480.696, 108
Trd, 2591481.229, 106
Trd, 2591482.446, 102
Trd, 2591483.746, 99
Trd, 2591483.779, 107
Trd, 2591484.096, 97
Trd, 2591485.113, 101
Trd, 2591486.396, 116
Trd, 2591486.596, 118
Trd, 2591487.679, 94
Trd, 2591488.863, 107
Trd, 2591489.029, 104
Trd, 2591489.896, 88
Trd, 2591490.296, 90
Trd, 2591490.846, 114
Trd, 2591492.229, 108
Trd, 2591493.479, 90
Trd, 2591495.296, 89
Trd, 2591495.529, 103
Trd, 2591496.479, 91
Trd, 2591497.946, 110
Trd, 2591498.279, 91
Trd, 2591499.246, 96
Trd, 2591499.729, 99
Trd, 2591501.113, 91
Trd, 2591502.263, 108
Trd, 2591503.279, 108
Trd, 2591505.113, 108
Trd, 2591505.763, 114
Trd, 2591505.929, 108
Trd, 2591507.196, 109
Trd, 2591508.179, 118
Trd, 2591509.129, 102
Trd, 2591509.146, 115
Trd, 2591509.196, 119
Trd, 2591509.296, 101
Trd, 2591509.879, 121
Trd, 2591510.696, 94
Trd, 2591511.613, 103
Trd, 2591511.696, 100
Trd, 2591511.713, 92
Trd, 2591512.713, 92
Trd, 2591513.796, 91
Trd, 2591514.579, 100
Trd, 2591515.896, 117
Trd, 2591517.229, 96
Trd, 2591517.346, 106
Trd, 2591517.513, 95
Trd, 2591518.963, 117
Trd, 2591519.913, 91
Trd, 2591520.996, 96
Trd, 2591521.829, 95
Trd, 2591522.829, 107
Trd, 2591523.529, 114
Trd, 2591523.696, 113
Trd, 2591523.963, 118
Trd, 2591524.146, 103
Trd, 2591525.579, 112
Trd, 2591527.179, 100
Trd, 2591527.513, 118
Trd, 2591527.529, 96
Trd, 2591528.846, 91
Trd, 2591531.513, 111
Trd, 2591531.679, 112
Trd, 2591533.996, 111
Trd, 2591534.379, 108
Trd, 2591534.613, 105
Trd, 2591535.963, 118
Trd, 2591536.296, 134
Trd, 2591537.279, 102
Trd, 2591538.713, 100
Trd, 2591539.029, 108
Trd, 2591539.729, 113
Trd, 2591540.029, 115
Trd, 2591540.246, 97
Trd, 2591542.479, 91
Trd, 2591542.579, 101
Trd, 2591543.329, 95
Trd, 2591544.213, 107
Trd, 2591545.979, 106
Trd, 2591545.996, 109
Trd, 2591547.396, 104
Trd, 2591547.946, 101
Trd, 2591548.463, 101
Trd, 2591548.479, 105
Trd, 2591548.946, 102
Trd, 2591550.596, 115
Trd, 2591550.779, 115
Trd, 2591550.879, 110
Trd, 2591551.013, 108
Trd, 2591552.546, 110
Trd, 2591552.563, 107
Trd, 2591552.629, 105
Trd, 2591555.763, 105
Trd, 2591555.979, 99
Trd, 2591556.279, 103
Trd, 2591558.629, 97
Trd, 2591559.863, 93
Trd, 2591560.546, 108
Trd, 2591560.696, 97
Trd, 2591561.779, 110
Trd, 2591562.196, 116
Trd, 2591562.229, 117
Trd, 2591562.846, 93
Trd, 2591564.046, 91
Trd, 2591564.229, 104
Trd, 2591565.679, 107
Trd, 2591566.496, 98
Trd, 2591566.763, 106
Trd, 2591568.229, 98
Trd, 2591569.063, 118
Trd, 2591569.246, 100
Trd, 2591571.829, 108
Trd, 2591572.163, 108
Trd, 2591572.296, 107
Trd, 2591573.229, 103
Trd, 2591573.779, 104
Trd, 2591574.146, 98
Trd, 2591574.279, 96
Trd, 2591574.929, 117
Trd, 2591576.963, 99
Trd, 2591578.629, 106
Trd, 2591579.063, 106
Trd, 2591579.213, 106
Trd, 2591579.829, 115
Trd, 2591580.963, 109
Trd, 2591582.279, 96
Trd, 2591584.013, 105
Trd, 2591584.996, 105
Trd, 2591586.013, 105
Trd, 2591587.779, 95
Trd, 2591587.846, 110
Trd, 2591588.213, 115
Trd, 2591588.546, 89
Trd, 2591589.896, 112
Trd, 2591590.646, 93
Trd, 2591591.546, 112
Trd, 2591592.063, 92
Trd, 2591592.846, 107
Trd, 2591592.963, 90
Trd, 2591593.996, 107
Trd, 2591594.163, 93
Trd, 2591595.146, 97
Trd, 2591595.896, 102
Trd, 2591596.529, 103
Trd, 2591596.563, 106
Trd, 2591598.429, 105
Trd, 2591598.696, 98
Trd, 2591599.513, 95
Trd, 2591602.146, 97
Trd, 2591602.229, 102
Trd, 2591603.663, 102
Trd, 2591604.096, 109
Trd, 2591606.063, 108
Trd, 2591606.463, 109
Trd, 2591606.496, 113
Trd, 2591607.713, 107
Trd, 2591609.263, 108
Trd, 2591609.646, 115
Trd, 2591609.729, 105
Trd, 2591609.979, 100
Trd, 2591611.529, 118
Trd, 2591611.896, 110
Trd, 2591611.913, 109
Trd, 2591612.596, 95
Trd, 2591613.596, 96
Trd, 2591613.829, 99
Trd, 2591614.696, 102
Trd, 2591614.979, 96
Trd, 2591616.863, 92
Trd, 2591617.863, 104
Trd, 2591618.379, 94
Trd, 2591618.596, 91
Trd, 2591620.896, 98
Trd, 2591620.979, 101
Trd, 2591621.279, 93
Trd, 2591622.246, 88
Trd, 2591623.946, 106
Trd, 2591624.179, 105
Trd, 2591624.263, 103
Trd, 2591625.396, 107
Trd, 2591625.613, 108
Trd, 2591627.996, 95
Trd, 2591629.663, 93
Trd, 2591630.529, 99
Trd, 2591631.346, 96
Trd, 2591632.396, 93
Trd, 2591632.779, 102
Trd, 2591634.363, 99
Trd, 2591634.746, 98
Trd, 2591634.846, 100
Trd, 2591635.646, 105
Trd, 2591636.546, 106
Trd, 2591637.329, 95
Trd, 2591638.113, 101
Trd, 2591638.579, 106
Trd, 2591638.713, 94
Trd, 2591638.963, 115
Trd, 2591639.229, 118
Trd, 2591640.779, 102
Trd, 2591642.796, 98
Trd, 2591643.946, 102
Trd, 2591644.013, 106
Trd, 2591645.213, 94
Trd, 2591645.863, 104
Trd, 2591647.346, 105
Trd, 2591647.696, 107
Trd, 2591650.296, 98
Trd, 2591650.779, 96
Trd, 2591650.913, 94
Trd, 2591650.979, 100
Trd, 2591651.279, 92
Trd, 2591651.896, 106
Trd, 2591653.013, 115
Trd, 2591653.679, 90
Trd, 2591654.213, 89
Trd, 2591654.296, 87
Trd, 2591655.929, 105
Trd, 2591656.213, 106
Trd, 2591658.013, 105
Trd, 2591658.946, 102
Trd, 2591659.579, 101
Trd, 2591660.163, 100
Trd, 2591660.429, 105
Trd, 2591660.713, 94
Trd, 2591662.129, 116
Trd, 2591663.296, 123
Trd, 2591663.396, 100
Trd, 2591663.879, 89
Trd, 2591664.279, 100
Trd, 2591664.546, 106
Trd, 2591666.763, 95
Trd, 2591666.879, 88
Trd, 2591667.013, 106
Trd, 2591668.346, 109
Trd, 2591669.063, 113
Trd, 2591669.513, 103
Trd, 2591670.413, 117
Trd, 2591671.463, 118
Trd, 2591672.129, 101
Trd, 2591672.363, 98
Trd, 2591673.479, 94
Trd, 2591675.729, 94
Trd, 2591677.896, 117
Trd, 2591678.579, 96
Trd, 2591678.713, 110
Trd, 2591679.329, 94
Trd, 2591679.829, 94
Trd, 2591680.113, 95
Trd, 2591681.429, 113
Trd, 2591682.579, 109
Trd, 2591682.696, 115
Trd, 2591683.096, 107
Trd, 2591683.646, 106
Trd, 2591683.746, 104
Trd, 2591684.196, 104
Trd, 2591685.546, 96
Trd, 2591685.613, 110
Trd, 2591686.163, 120
Trd, 2591687.713, 95
Trd, 2591688.346, 92
Trd, 2591690.779, 93
Trd, 2591692.096, 95
Trd, 2591692.129, 98
Trd, 2591692.229, 90
Trd, 2591693.279, 122
Trd, 2591693.796, 118
Trd, 2591693.946, 112
Trd, 2591694.896, 97
Trd, 2591695.813, 94
Trd, 2591696.263, 101
Trd, 2591696.946, 93
Trd, 2591698.363, 91
Trd, 2591698.813, 108
Trd, 2591699.029, 117
Trd, 2591699.146, 86
Trd, 2591699.296, 117
Trd, 2591699.746, 84
Trd, 2591700.113, 97
Trd, 2591702.863, 105
Trd, 2591703.096, 103
Trd, 2591705.163, 104
Trd, 2591706.329, 97
Trd, 2591706.479, 94
Trd, 2591707.863, 119
Trd, 2591708.213, 91
Trd, 2591709.463, 96
Trd, 2591710.063, 129
Trd, 2591711.813, 105
Trd, 2591712.163, 103
Trd, 2591712.529, 102
Trd, 2591712.779, 107
Trd, 2591713.029, 98
Trd, 2591713.629, 97
Trd, 2591714.046, 108
Trd, 2591716.046, 94
Trd, 2591716.496, 94
Trd, 2591716.529, 93
Trd, 2591717.846, 109
Trd, 2591718.646, 114
Trd, 2591719.663, 91
Trd, 2591721.296, 116
Trd, 2591721.413, 97
Trd, 2591721.913, 98
Trd, 2591723.296, 119
Trd, 2591723.896, 117
Trd, 2591724.896, 93
Trd, 2591725.013, 91
Trd, 2591726.196, 114
Trd, 2591727.246, 116
Trd, 2591728.463, 104
Trd, 2591729.929, 104
Trd, 2591730.879, 100
Trd, 2591730.963, 98
Trd, 2591731.896, 95
Trd, 2591732.679, 100
Trd, 2591733.179, 104
Trd, 2591733.546, 103
Trd, 2591733.663, 114
Trd, 2591735.196, 94
Trd, 2591735.413, 90
Trd, 2591737.146, 97
Trd, 2591737.246, 89
Trd, 2591737.879, 114
Trd, 2591740.446, 116
Trd, 2591740.879, 118
Trd, 2591741.263, 107
Trd, 2591741.579, 107
Trd, 2591742.129, 111
Trd, 2591743.313, 114
Trd, 2591743.846, 107
Trd, 2591744.779, 103
Trd, 2591745.546, 98
Trd, 2591747.563, 110
Trd, 2591747.863, 111
Trd, 2591748.479, 117
Trd, 2591748.729, 119
Trd, 2591749.163, 110
Trd, 2591749.396, 108
Trd, 2591749.713, 107
Trd, 2591749.996, 102
Trd, 2591751.063, 121
Trd, 2591751.196, 110
Trd, 2591751.246, 94
Trd, 2591751.713, 108
Trd, 2591752.579, 91
Trd, 2591755.096, 90
Trd, 2591755.596, 93
Trd, 2591755.779, 88
Trd, 2591757.596, 88
Trd, 2591758.046, 118
Trd, 2591761.013, 96
Trd, 2591761.363, 98
Trd, 2591761.579, 102
Trd, 2591762.396, 91
Trd, 2591763.113, 105
Trd, 2591763.129, 102
Trd, 2591765.046, 96
Trd, 2591765.229, 107
Trd, 2591766.179, 103
Trd, 2591767.446, 110
Trd, 2591767.829, 108
Trd, 2591768.896, 109
Trd, 2591769.529, 108
Trd, 2591769.579, 105
Trd, 2591770.729, 118
Trd, 2591771.196, 91
Trd, 2591771.896, 102
Trd, 2591774.046, 93
Trd, 2591774.713, 94
Trd, 2591775.279, 94
Trd, 2591776.129, 93
Trd, 2591776.579, 102
Trd, 2591777.446, 106
Trd, 2591777.863, 112
Trd, 2591778.379, 105
Trd, 2591779.129, 111
Trd, 2591780.596, 109
Trd, 2591780.679, 119
Trd, 2591781.779, 106
Trd, 2591783.979, 101
Trd, 2591784.379, 98
Trd, 2591784.596, 98
Trd, 2591785.446, 105
Trd, 2591785.613, 97
Trd, 2591786.446, 105
Trd, 2591788.563, 99
Trd, 2591790.563, 101
Trd, 2591791.696, 107
Trd, 2591791.863, 112
Trd, 2591792.563, 112
Trd, 2591793.579, 103
Trd, 2591794.529, 109
Trd, 2591794.813, 105
Trd, 2591796.296, 101
Trd, 2591797.629, 111
Trd, 2591799.596, 119
Trd, 2591800.613, 104
Trd, 2591801.079, 100
Trd, 2591801.629, 96
Trd, 2591801.896, 116
Trd, 2591801.979, 94
Trd, 2591802.613, 92
Trd, 2591806.146, 102
Trd, 2591806.646, 106
Trd, 2591806.963, 113
Trd, 2591807.429, 112
Trd, 2591807.746, 101
Trd, 2591807.779, 101
Trd, 2591809.079, 122
Trd, 2591809.363, 114
Trd, 2591810.829, 115
Trd, 2591811.063, 108
Trd, 2591812.396, 102
Trd, 2591812.996, 98
Trd, 2591814.113, 94
Trd, 2591814.146, 91
Trd, 2591816.246, 110
Trd, 2591817.679, 98
Trd, 2591818.079, 116
Trd, 2591818.696, 120
Trd, 2591819.163, 98
Trd, 2591819.513, 114
Trd, 2591819.646, 94
Trd, 2591821.179, 95
Trd, 2591821.963, 110
Trd, 2591822.479, 113
Trd, 2591823.079, 96
Trd, 2591824.196, 104
Trd, 2591824.879, 97
Trd, 2591825.563, 93
Trd, 2591827.196, 91
Trd, 2591828.079, 106
Trd, 2591828.963, 97
Trd, 2591830.313, 103
Trd, 2591830.946, 89
Trd, 2591831.396, 101
Trd, 2591832.379, 98
Trd, 2591832.546, 116
Trd, 2591836.213, 109
Trd, 2591836.646, 102
Trd, 2591837.779, 100
Trd, 2591838.046, 101
Trd, 2591838.096, 106
Trd, 2591838.213, 97
Trd, 2591838.246, 116
Trd, 2591840.163, 103
Trd, 2591842.663, 103
Trd, 2591843.029, 102
Trd, 2591843.263, 99
Trd, 2591844.163, 89
Trd, 2591845.346, 106
Trd, 2591845.646, 108
Trd, 2591845.663, 105
Trd, 2591846.313, 99
Trd, 2591846.463, 99
Trd, 2591847.346, 114
Trd, 2591848.413, 122
Trd, 2591849.579, 92
Trd, 2591849.929, 111
Trd, 2591850.446, 105
Trd, 2591850.529, 90
Trd, 2591851.896, 92
Trd, 2591853.663, 115
Trd, 2591854.363, 118
Trd, 2591854.579, 93
Trd, 2591856.313, 95
Trd, 2591858.613, 96
Trd, 2591859.179, 97
Trd, 2591859.763, 90
Trd, 2591860.046, 103
Trd, 2591860.729, 87
Trd, 2591862.446, 96
Trd, 2591863.563, 87
Trd, 2591863.663, 91
Trd, 2591863.763, 93
Trd, 2591863.929, 90
Trd, 2591863.996, 93
Trd, 2591864.496, 104
Trd, 2591866.013, 115
Trd, 2591866.213, 111
Trd, 2591866.763, 109
Trd, 2591867.163, 115
Trd, 2591867.213, 108
Trd, 2591867.263, 118
Trd, 2591868.479, 102
Trd, 2591869.579, 99
Trd, 2591871.479, 102
Trd, 2591873.696, 100
Trd, 2591874.163, 98
Trd, 2591874.596, 106
Trd, 2591875.663, 106
Trd, 2591875.963, 98
Trd, 2591876.396, 96
Trd, 2591879.213, 110
Trd, 2591879.463, 112
Trd, 2591879.679, 97
Trd, 2591881.463, 117
Trd, 2591883.179, 101
Trd, 2591883.313, 103
Trd, 2591883.413, 98
Trd, 2591884.413, 95
Trd, 2591887.113, 94
Trd, 2591887.396, 90
Trd, 2591889.446, 102
Trd, 2591890.813, 89
Trd, 2591891.079, 95
Trd, 2591892.146, 112
Trd, 2591892.229, 104
Trd, 2591892.779, 94
Trd, 2591893.146, 102
Trd, 2591893.596, 107
Trd, 2591893.963, 93
Trd, 2591894.863, 101
Trd, 2591895.663, 95
Trd, 2591895.913, 92
Trd, 2591896.279, 116
Trd, 2591897.346, 106
Trd, 2591898.579, 118
Trd, 2591899.129, 106
Trd, 2591900.113, 118
Trd, 2591900.329, 109
Trd, 2591902.129, 113
Trd, 2591902.229, 108
Trd, 2591902.396, 107
Trd, 2591902.663, 104
Trd, 2591902.713, 103
Trd, 2591904.379, 96
Trd, 2591904.929, 89
Trd, 2591905.829, 108
Trd, 2591906.029, 116
Trd, 2591906.179, 121
Trd, 2591907.029, 115
Trd, 2591907.546, 108
Trd, 2591909.163, 108
Trd, 2591909.896, 102
Trd, 2591910.529, 105
Trd, 2591910.713, 100
Trd, 2591911.263, 105
Trd, 2591911.829, 101
Trd, 2591912.146, 94
Trd, 2591913.696, 89
Trd, 2591914.846, 102
Trd, 2591915.663, 111
Trd, 2591916.513, 110
Trd, 2591916.646, 124
Trd, 2591919.179, 113
Trd, 2591920.496, 102
Trd, 2591920.796, 101
Trd, 2591921.329, 99
Trd, 2591921.779, 98
Trd, 2591924.713, 97
Trd, 2591925.196, 112
Trd, 2591925.346, 91
Trd, 2591926.296, 101
Trd, 2591926.896, 104
Trd, 2591927.379, 103
Trd, 2591928.196, 102
Trd, 2591929.396, 110
Trd, 2591929.513, 101
Trd, 2591929.996, 95
Trd, 2591931.579, 116
Trd, 2591931.663, 98
Trd, 2591932.396, 96
Trd, 2591933.779, 104
Trd, 2591933.913, 101
Trd, 2591934.379, 100
Trd, 2591934.429, 96
Trd, 2591934.896, 91
Trd, 2591934.929, 107
Trd, 2591936.646, 97
Trd, 2591936.696, 94
Trd, 2591937.496, 92
Trd, 2591937.896, 110
Trd, 2591939.063, 102
Trd, 2591939.229, 99
Trd, 2591939.646, 116
Trd, 2591940.863, 100
Trd, 2591941.079, 95
Trd, 2591942.596, 95
Trd, 2591943.079, 101
Trd, 2591944.063, 95
Trd, 2591945.879, 91
Trd, 2591946.779, 114
Trd, 2591948.013, 101
Trd, 2591948.129, 116
Trd, 2591948.779, 93
Trd, 2591951.913, 108
Trd, 2591952.229, 97
Trd, 2591952.746, 98
Trd, 2591953.329, 97
Trd, 2591953.979, 88
Trd, 2591954.396, 108
Trd, 2591954.896, 102
Trd, 2591955.063, 101
Trd, 2591955.429, 103
Trd, 2591956.446, 116
Trd, 2591956.646, 118
Trd, 2591957.879, 106
Trd, 2591958.263, 106
Trd, 2591959.863, 108
Trd, 2591960.196, 103
Trd, 2591960.813, 104
Trd, 2591962.563, 105
Trd, 2591963.829, 97
Trd, 2591963.879, 96
Trd, 2591964.946, 96
Trd, 2591968.113, 92
Trd, 2591969.029, 105
Trd, 2591969.913, 102
Trd, 2591970.129, 113
Trd, 2591970.379, 114
Trd, 2591970.646, 99
Trd, 2591971.013, 94
Trd, 2591971.263, 91
Trd, 2591971.963, 112
Trd, 2591972.679, 100
Trd, 2591974.979, 96
Trd, 2591976.463, 95
Trd, 2591977.063, 101
Trd, 2591977.529, 103
Trd, 2591977.896, 97
Trd, 2591978.963, 94
Trd, 2591980.329, 103
Trd, 2591980.779, 91
Trd, 2591980.946, 91
Trd, 2591982.879, 94
Trd, 2591982.979, 115
Trd, 2591983.146, 91
Trd, 2591983.463, 104
Trd, 2591984.563, 99
Trd, 2591985.329, 89
Trd, 2591986.229, 97
Trd, 2591990.013, 102
Trd, 2591990.579, 98
Trd, 2591990.663, 97
Trd, 2591991.596, 98
Trd, 2591992.029, 96
Trd, 2591992.229, 95
Trd, 2591993.446, 107
Trd, 2591994.496, 108
Trd, 2591994.979, 95
Trd, 2591995.079, 97
Trd, 2591995.596, 93
Trd, 2591996.296, 90
Trd, 2591997.863, 95
Trd, 2591999.113, 99
