Trd, 2590674.513, 83
Trd, 2590676.429, 107
Trd, 2590676.879, 96
Trd, 2590677.229, 107
Trd, 2590677.379, 106
Trd, 2590677.413, 96
Trd, 2590677.846, 101
Trd, 2590678.029, 100
Trd, 2590678.446, 98
Trd, 2590678.479, 115
Trd, 2590679.813, 102
Trd, 2590679.979, 101
Trd, 2590680.496, 118
Trd, 2590680.813, 110
Trd, 2590682.046, 129
Trd, 2590682.596, 129
Trd, 2590682.763, 130
Trd, 2590683.379, 129
Trd, 2590683.396, 133
Trd, 2590683.746, 95
Trd, 2590683.846, 94
Trd, 2590684.029, 81
Trd, 2590685.046, 70
Trd, 2590687.396, 90
Trd, 2590689.279, 97
Trd, 2590689.363, 97
Trd, 2590689.396, 95
Trd, 2590690.146, 99
Trd, 2590692.313, 104
Trd, 2590692.396, 104
Trd, 2590692.529, 104
Trd, 2590693.213, 104
Trd, 2590694.063, 109
Trd, 2590694.829, 109
Trd, 2590695.063, 108
Trd, 2590695.463, 115
Trd, 2590696.213, 102
Trd, 2590696.296, 101
Trd, 2590696.529, 105
Trd, 2590696.796, 95
Trd, 2590696.913, 110
Trd, 2590697.129, 94
Trd, 2590697.846, 105
Trd, 2590699.596, 96
Trd, 2590700.913, 106
Trd, 2590702.479, 88
Trd, 2590702.746, 85
Trd, 2590702.829, 84
Trd, 2590705.546, 107
Trd, 2590706.663, 108
Trd, 2590706.946, 105
Trd, 2590707.046, 105
Trd, 2590707.163, 94
Trd, 2590707.513, 95
Trd, 2590707.779, 103
Trd, 2590707.929, 94
Trd, 2590709.846, 112
Trd, 2590710.379, 112
Trd, 2590710.479, 109
Trd, 2590711.196, 92
Trd, 2590711.313, 105
Trd, 2590711.646, 112
Trd, 2590711.796, 109
Trd, 2590712.863, 101
Trd, 2590714.479, 91
Trd, 2590714.513, 87
Trd, 2590715.929, 85
Trd, 2590716.679, 98
Trd, 2590718.079, 101
Trd, 2590718.779, 104
Trd, 2590719.496, 106
Trd, 2590719.946, 106
Trd, 2590719.979, 106
Trd, 2590719.996, 108
Trd, 2590721.479, 106
Trd, 2590722.013, 108
Trd, 2590722.229, 105
Trd, 2590723.129, 103
Trd, 2590724.229, 105
Trd, 2590724.329, 104
Trd, 2590724.679, 102
Trd, 2590726.746, 103
Trd, 2590726.796, 101
Trd, 2590727.246, 95
Trd, 2590727.329, 96
Trd, 2590727.813, 100
Trd, 2590730.029, 104
Trd, 2590730.296, 115
Trd, 2590730.846, 102
Trd, 2590731.079, 98
Trd, 2590731.313, 94
Trd, 2590731.629, 109
Trd, 2590732.029, 87
Trd, 2590732.329, 119
Trd, 2590734.779, 97
Trd, 2590736.363, 97
Trd, 2590736.413, 104
Trd, 2590737.713, 103
Trd, 2590738.329, 103
Trd, 2590739.513, 103
Trd, 2590739.896, 103
Trd, 2590739.979, 105
Trd, 2590740.029, 110
Trd, 2590740.429, 102
Trd, 2590741.613, 108
Trd, 2590742.329, 101
Trd, 2590743.896, 100
Trd, 2590744.546, 99
Trd, 2590746.746, 100
Trd, 2590747.313, 106
Trd, 2590748.146, 101
Trd, 2590748.163, 99
Trd, 2590748.329, 106
Trd, 2590748.446, 96
Trd, 2590748.596, 97
Trd, 2590748.896, 103
Trd, 2590750.279, 105
Trd, 2590750.596, 106
Trd, 2590751.513, 105
Trd, 2590751.646, 106
Trd, 2590752.129, 106
Trd, 2590752.313, 108
Trd, 2590753.463, 98
Trd, 2590753.879, 115
Trd, 2590753.979, 120
Trd, 2590754.263, 97
Trd, 2590755.796, 98
Trd, 2590756.396, 95
Trd, 2590757.363, 94
Trd, 2590757.863, 86
Trd, 2590758.296, 102
Trd, 2590759.463, 98
Trd, 2590759.763, 103
Trd, 2590761.546, 107
Trd, 2590762.246, 85
Trd, 2590762.396, 85
Trd, 2590762.779, 88
Trd, 2590762.946, 108
Trd, 2590763.196, 102
Trd, 2590763.796, 94
Trd, 2590764.546, 95
Trd, 2590765.346, 102
Trd, 2590765.829, 104
Trd, 2590766.596, 117
Trd, 2590766.779, 114
Trd, 2590767.796, 107
Trd, 2590768.129, 106
Trd, 2590768.396, 105
Trd, 2590768.863, 114
Trd, 2590768.996, 101
Trd, 2590770.196, 94
Trd, 2590770.346, 119
Trd, 2590772.396, 85
Trd, 2590773.696, 87
Trd, 2590774.396, 91
Trd, 2590774.813, 91
Trd, 2590775.079, 93
Trd, 2590775.213, 103
Trd, 2590775.913, 106
Trd, 2590776.979, 105
Trd, 2590777.246, 105
Trd, 2590777.646, 107
Trd, 2590778.746, 108
Trd, 2590778.813, 116
Trd, 2590779.279, 110
Trd, 2590780.379, 110
Trd, 2590781.079, 101
Trd, 2590781.196, 111
Trd, 2590781.479, 99
Trd, 2590782.646, 94
Trd, 2590783.596, 101
Trd, 2590784.546, 97
Trd, 2590784.679, 96
Trd, 2590784.946, 106
Trd, 2590785.213, 94
Trd, 2590785.496, 90
Trd, 2590785.596, 118
Trd, 2590786.929, 107
Trd, 2590787.263, 90
Trd, 2590789.346, 98
Trd, 2590791.179, 109
Trd, 2590792.063, 107
Trd, 2590792.446, 107
Trd, 2590793.363, 106
Trd, 2590793.813, 106
Trd, 2590793.929, 106
Trd, 2590795.479, 105
Trd, 2590796.596, 95
Trd, 2590796.663, 94
Trd, 2590796.746, 108
Trd, 2590796.929, 109
Trd, 2590797.396, 119
Trd, 2590798.046, 88
Trd, 2590798.346, 87
Trd, 2590798.529, 86
Trd, 2590799.963, 109
Trd, 2590800.846, 87
Trd, 2590802.579, 89
Trd, 2590804.513, 107
Trd, 2590804.963, 108
Trd, 2590805.079, 109
Trd, 2590805.096, 115
Trd, 2590805.529, 118
Trd, 2590806.379, 111
Trd, 2590807.729, 112
Trd, 2590808.079, 123
Trd, 2590808.879, 123
Trd, 2590809.129, 119
Trd, 2590809.279, 118
Trd, 2590809.446, 112
Trd, 2590810.213, 97
Trd, 2590810.429, 95
Trd, 2590810.663, 95
Trd, 2590810.796, 94
Trd, 2590811.046, 117
Trd, 2590811.379, 82
Trd, 2590811.679, 110
Trd, 2590812.629, 102
Trd, 2590812.829, 78
Trd, 2590814.496, 113
Trd, 2590816.479, 84
Trd, 2590817.163, 87
Trd, 2590817.879, 98
Trd, 2590818.063, 98
Trd, 2590818.229, 97
Trd, 2590818.646, 95
Trd, 2590818.779, 99
Trd, 2590820.213, 93
Trd, 2590820.329, 101
Trd, 2590820.963, 112
Trd, 2590821.646, 100
Trd, 2590822.179, 101
Trd, 2590823.763, 111
Trd, 2590824.213, 117
Trd, 2590824.996, 118
Trd, 2590825.246, 109
Trd, 2590825.413, 108
Trd, 2590825.529, 105
Trd, 2590825.846, 80
Trd, 2590826.613, 101
Trd, 2590827.963, 97
Trd, 2590828.013, 94
Trd, 2590828.179, 90
Trd, 2590829.229, 105
Trd, 2590829.946, 115
Trd, 2590830.863, 94
Trd, 2590831.263, 94
Trd, 2590831.779, 95
Trd, 2590832.579, 108
Trd, 2590832.763, 95
Trd, 2590833.513, 95
Trd, 2590833.896, 119
Trd, 2590834.529, 99
Trd, 2590835.246, 101
Trd, 2590835.646, 100
Trd, 2590835.996, 117
Trd, 2590837.313, 104
Trd, 2590839.146, 116
Trd, 2590839.913, 117
Trd, 2590839.979, 120
Trd, 2590840.113, 116
Trd, 2590840.313, 115
Trd, 2590840.679, 97
Trd, 2590843.213, 106
Trd, 2590844.546, 103
Trd, 2590845.846, 100
Trd, 2590845.929, 113
Trd, 2590846.029, 115
Trd, 2590846.496, 101
Trd, 2590846.663, 114
Trd, 2590846.929, 101
Trd, 2590847.096, 99
Trd, 2590847.729, 94
Trd, 2590848.346, 100
Trd, 2590848.979, 115
Trd, 2590849.413, 96
Trd, 2590850.863, 105
Trd, 2590850.996, 88
Trd, 2590854.063, 99
Trd, 2590854.629, 101
Trd, 2590855.029, 112
Trd, 2590855.379, 115
Trd, 2590855.679, 104
Trd, 2590855.813, 102
Trd, 2590855.913, 101
Trd, 2590856.063, 84
Trd, 2590856.763, 88
Trd, 2590857.313, 85
Trd, 2590857.713, 86
Trd, 2590859.329, 90
Trd, 2590860.213, 109
Trd, 2590860.263, 92
Trd, 2590860.713, 109
Trd, 2590860.863, 91
Trd, 2590860.879, 93
Trd, 2590861.896, 109
Trd, 2590862.029, 110
Trd, 2590862.446, 108
Trd, 2590862.813, 97
Trd, 2590864.213, 105
Trd, 2590865.513, 98
Trd, 2590865.963, 117
Trd, 2590866.696, 100
Trd, 2590867.796, 104
Trd, 2590867.996, 108
Trd, 2590868.129, 105
Trd, 2590868.679, 105
Trd, 2590868.863, 104
Trd, 2590870.163, 100
Trd, 2590870.863, 99
Trd, 2590871.879, 109
Trd, 2590872.513, 112
Trd, 2590872.929, 105
Trd, 2590872.946, 104
Trd, 2590873.679, 113
Trd, 2590873.796, 116
Trd, 2590874.229, 120
Trd, 2590874.413, 99
Trd, 2590874.529, 98
Trd, 2590875.479, 103
Trd, 2590876.296, 102
Trd, 2590879.013, 102
Trd, 2590879.746, 103
Trd, 2590880.013, 101
Trd, 2590880.313, 97
Trd, 2590880.746, 105
Trd, 2590882.196, 97
Trd, 2590882.446, 95
Trd, 2590882.879, 94
Trd, 2590883.313, 115
Trd, 2590884.213, 105
Trd, 2590884.646, 108
Trd, 2590885.796, 98
Trd, 2590886.263, 113
Trd, 2590887.396, 103
Trd, 2590888.013, 111
Trd, 2590888.113, 103
Trd, 2590888.279, 102
Trd, 2590888.629, 113
Trd, 2590888.746, 115
Trd, 2590889.913, 101
Trd, 2590891.179, 101
Trd, 2590891.496, 114
Trd, 2590891.529, 102
Trd, 2590891.996, 116
Trd, 2590892.096, 102
Trd, 2590893.646, 104
Trd, 2590895.096, 108
Trd, 2590895.113, 106
Trd, 2590895.229, 113
Trd, 2590895.696, 101
Trd, 2590896.413, 95
Trd, 2590897.779, 94
Trd, 2590898.329, 82
Trd, 2590899.463, 102
Trd, 2590899.963, 101
Trd, 2590900.129, 105
Trd, 2590900.296, 106
Trd, 2590900.396, 99
Trd, 2590901.613, 104
Trd, 2590901.813, 105
Trd, 2590903.613, 103
Trd, 2590903.713, 104
Trd, 2590904.063, 103
Trd, 2590904.546, 110
Trd, 2590905.196, 103
Trd, 2590905.729, 102
Trd, 2590906.246, 101
Trd, 2590906.379, 80
Trd, 2590909.546, 98
Trd, 2590910.079, 99
Trd, 2590910.313, 100
Trd, 2590910.863, 101
Trd, 2590911.013, 98
Trd, 2590911.113, 94
Trd, 2590911.629, 98
Trd, 2590914.413, 89
Trd, 2590915.496, 91
Trd, 2590915.763, 94
Trd, 2590916.563, 85
Trd, 2590917.163, 85
Trd, 2590917.279, 89
Trd, 2590918.096, 84
Trd, 2590918.596, 101
Trd, 2590918.929, 113
Trd, 2590919.129, 108
Trd, 2590919.263, 101
Trd, 2590919.796, 115
Trd, 2590920.813, 105
Trd, 2590922.863, 95
Trd, 2590923.396, 94
Trd, 2590923.429, 93
Trd, 2590923.946, 95
Trd, 2590924.179, 102
Trd, 2590924.296, 105
Trd, 2590924.863, 107
Trd, 2590925.413, 116
Trd, 2590925.996, 89
Trd, 2590926.679, 93
Trd, 2590927.129, 91
Trd, 2590927.963, 94
Trd, 2590928.296, 93
Trd, 2590928.979, 94
Trd, 2590929.813, 96
Trd, 2590929.913, 96
Trd, 2590930.379, 98
Trd, 2590930.763, 108
Trd, 2590931.679, 109
Trd, 2590932.213, 108
Trd, 2590934.129, 101
Trd, 2590934.529, 101
Trd, 2590935.113, 106
Trd, 2590936.129, 102
Trd, 2590937.496, 105
Trd, 2590938.163, 106
Trd, 2590938.279, 104
Trd, 2590938.546, 102
Trd, 2590938.729, 94
Trd, 2590939.713, 102
Trd, 2590940.396, 97
Trd, 2590941.113, 100
Trd, 2590943.213, 103
Trd, 2590943.296, 103
Trd, 2590943.679, 101
Trd, 2590944.379, 102
Trd, 2590944.413, 106
Trd, 2590944.429, 117
Trd, 2590945.646, 103
Trd, 2590945.963, 116
Trd, 2590946.146, 118
Trd, 2590946.479, 125
Trd, 2590946.996, 101
Trd, 2590947.496, 102
Trd, 2590948.863, 114
Trd, 2590949.129, 103
Trd, 2590950.713, 94
Trd, 2590951.146, 90
Trd, 2590952.029, 83
Trd, 2590952.296, 82
Trd, 2590953.046, 89
Trd, 2590953.996, 91
Trd, 2590954.163, 90
Trd, 2590954.913, 88
Trd, 2590956.013, 90
Trd, 2590956.596, 91
Trd, 2590957.263, 101
Trd, 2590957.713, 91
Trd, 2590958.679, 91
Trd, 2590958.979, 107
Trd, 2590959.613, 93
Trd, 2590960.846, 108
Trd, 2590960.863, 114
Trd, 2590961.429, 111
Trd, 2590961.579, 109
Trd, 2590961.813, 105
Trd, 2590962.846, 93
Trd, 2590962.929, 91
Trd, 2590963.763, 76
Trd, 2590964.929, 96
Trd, 2590965.613, 85
Trd, 2590967.963, 88
Trd, 2590968.113, 92
Trd, 2590968.346, 87
Trd, 2590968.613, 105
Trd, 2590969.413, 108
Trd, 2590969.813, 92
Trd, 2590971.996, 113
Trd, 2590972.046, 112
Trd, 2590972.946, 112
Trd, 2590973.013, 110
Trd, 2590973.663, 108
Trd, 2590973.896, 105
Trd, 2590974.596, 101
Trd, 2590975.429, 119
Trd, 2590976.779, 99
Trd, 2590977.063, 104
Trd, 2590978.079, 98
Trd, 2590978.779, 104
Trd, 2590978.796, 95
Trd, 2590979.046, 96
Trd, 2590979.196, 95
Trd, 2590979.629, 105
Trd, 2590980.513, 101
Trd, 2590980.679, 94
Trd, 2590982.463, 93
Trd, 2590983.829, 97
Trd, 2590984.196, 96
Trd, 2590985.463, 103
Trd, 2590985.763, 105
Trd, 2590986.196, 95
Trd, 2590987.296, 105
Trd, 2590987.379, 118
Trd, 2590987.763, 118
Trd, 2590989.563, 105
Trd, 2590989.613, 105
Trd, 2590990.129, 106
Trd, 2590990.846, 107
Trd, 2590991.046, 106
Trd, 2590991.663, 105
Trd, 2590991.796, 103
Trd, 2590992.579, 98
Trd, 2590993.463, 109
Trd, 2590993.913, 108
Trd, 2590996.413, 101
Trd, 2590996.879, 100
Trd, 2590997.196, 98
Trd, 2590997.313, 108
Trd, 2590998.329, 105
Trd, 2590998.646, 95
Trd, 2590998.846, 94
Trd, 2590999.329, 104
Trd, 2591000.579, 97
Trd, 2591000.829, 101
Trd, 2591001.679, 105
Trd, 2591001.796, 111
Trd, 2591002.129, 98
Trd, 2591002.679, 99
Trd, 2591003.096, 111
Trd, 2591003.463, 115
Trd, 2591004.713, 96
Trd, 2591005.563, 109
Trd, 2591005.896, 108
Trd, 2591006.363, 107
Trd, 2591006.579, 106
Trd, 2591006.863, 105
Trd, 2591008.063, 102
Trd, 2591009.263, 105
Trd, 2591010.446, 105
Trd, 2591011.013, 104
Trd, 2591011.179, 101
Trd, 2591012.163, 103
Trd, 2591015.096, 103
Trd, 2591015.929, 105
Trd, 2591015.996, 103
Trd, 2591017.346, 118
Trd, 2591017.829, 119
Trd, 2591018.296, 111
Trd, 2591018.413, 110
Trd, 2591018.579, 107
Trd, 2591018.729, 118
Trd, 2591018.996, 105
Trd, 2591019.013, 101
Trd, 2591019.796, 99
Trd, 2591021.713, 102
Trd, 2591021.879, 103
Trd, 2591022.263, 116
Trd, 2591022.463, 98
Trd, 2591022.479, 115
Trd, 2591024.846, 96
Trd, 2591025.329, 94
Trd, 2591026.446, 100
Trd, 2591026.963, 92
Trd, 2591027.496, 85
Trd, 2591027.796, 89
Trd, 2591028.596, 104
Trd, 2591030.079, 102
Trd, 2591031.013, 102
Trd, 2591031.396, 103
Trd, 2591031.613, 105
Trd, 2591031.896, 109
Trd, 2591032.113, 112
Trd, 2591032.929, 105
Trd, 2591033.213, 111
Trd, 2591033.863, 105
Trd, 2591033.979, 105
Trd, 2591034.713, 103
Trd, 2591035.346, 110
Trd, 2591037.013, 107
Trd, 2591037.463, 106
Trd, 2591037.546, 105
Trd, 2591038.479, 109
Trd, 2591038.829, 104
Trd, 2591040.446, 118
Trd, 2591040.679, 118
Trd, 2591040.796, 107
Trd, 2591042.196, 103
Trd, 2591042.513, 101
Trd, 2591044.113, 97
Trd, 2591044.296, 85
Trd, 2591044.479, 91
Trd, 2591046.446, 101
Trd, 2591046.896, 91
Trd, 2591047.413, 93
Trd, 2591048.046, 94
Trd, 2591048.413, 94
Trd, 2591048.829, 108
Trd, 2591049.179, 104
Trd, 2591050.296, 105
Trd, 2591050.363, 111
Trd, 2591051.946, 109
Trd, 2591052.113, 110
Trd, 2591052.146, 109
Trd, 2591052.379, 117
Trd, 2591052.896, 108
Trd, 2591053.329, 108
Trd, 2591054.213, 98
Trd, 2591054.579, 104
Trd, 2591057.046, 112
Trd, 2591057.279, 111
Trd, 2591057.613, 108
Trd, 2591058.246, 94
Trd, 2591058.596, 84
Trd, 2591059.263, 92
Trd, 2591060.163, 105
Trd, 2591061.763, 101
Trd, 2591062.129, 93
Trd, 2591062.946, 100
Trd, 2591063.396, 101
Trd, 2591063.429, 104
Trd, 2591064.846, 96
Trd, 2591066.913, 102
Trd, 2591067.813, 102
Trd, 2591067.946, 102
Trd, 2591068.513, 102
Trd, 2591068.813, 106
Trd, 2591069.496, 105
Trd, 2591069.696, 106
Trd, 2591070.463, 107
Trd, 2591071.296, 108
Trd, 2591071.329, 110
Trd, 2591071.346, 106
Trd, 2591072.329, 109
Trd, 2591072.896, 118
Trd, 2591072.946, 112
Trd, 2591074.446, 111
Trd, 2591075.063, 108
Trd, 2591075.379, 103
Trd, 2591075.529, 116
Trd, 2591076.779, 108
Trd, 2591077.179, 109
Trd, 2591077.496, 107
Trd, 2591077.813, 113
Trd, 2591079.846, 109
Trd, 2591080.179, 108
Trd, 2591080.263, 101
Trd, 2591081.696, 105
Trd, 2591081.946, 95
Trd, 2591082.746, 94
Trd, 2591082.896, 89
Trd, 2591082.913, 81
Trd, 2591083.313, 89
Trd, 2591085.063, 89
Trd, 2591085.313, 90
Trd, 2591085.613, 91
Trd, 2591085.696, 81
Trd, 2591086.879, 94
Trd, 2591087.629, 101
Trd, 2591087.696, 108
Trd, 2591088.463, 83
Trd, 2591090.846, 110
Trd, 2591092.129, 102
Trd, 2591092.313, 101
Trd, 2591092.796, 102
Trd, 2591093.296, 110
Trd, 2591093.496, 112
Trd, 2591093.796, 116
Trd, 2591093.879, 111
Trd, 2591094.263, 109
Trd, 2591094.329, 120
Trd, 2591095.013, 125
Trd, 2591095.129, 112
Trd, 2591095.613, 108
Trd, 2591096.746, 117
Trd, 2591097.379, 117
Trd, 2591098.113, 108
Trd, 2591099.629, 99
Trd, 2591100.763, 101
Trd, 2591101.829, 110
Trd, 2591102.929, 118
Trd, 2591103.479, 107
Trd, 2591104.096, 110
Trd, 2591104.196, 110
Trd, 2591104.429, 106
Trd, 2591104.563, 105
Trd, 2591105.779, 94
Trd, 2591106.313, 118
Trd, 2591106.396, 80
Trd, 2591106.563, 98
Trd, 2591106.929, 130
Trd, 2591107.229, 93
Trd, 2591109.879, 97
Trd, 2591110.629, 100
Trd, 2591111.063, 103
Trd, 2591111.579, 102
Trd, 2591111.763, 101
Trd, 2591113.163, 104
Trd, 2591113.696, 101
Trd, 2591114.513, 92
Trd, 2591114.613, 89
Trd, 2591115.913, 105
Trd, 2591116.763, 83
Trd, 2591117.263, 84
Trd, 2591118.046, 85
Trd, 2591119.796, 100
Trd, 2591120.346, 103
Trd, 2591120.796, 108
Trd, 2591120.929, 102
Trd, 2591120.979, 101
Trd, 2591121.229, 96
Trd, 2591121.446, 116
Trd, 2591122.179, 99
Trd, 2591122.413, 98
Trd, 2591122.563, 116
Trd, 2591122.813, 119
Trd, 2591124.329, 118
Trd, 2591125.913, 95
Trd, 2591127.013, 94
Trd, 2591127.379, 89
Trd, 2591128.096, 102
Trd, 2591128.863, 103
Trd, 2591128.963, 85
Trd, 2591129.229, 91
Trd, 2591130.146, 102
Trd, 2591132.096, 106
Trd, 2591132.213, 99
Trd, 2591132.663, 100
Trd, 2591132.863, 99
Trd, 2591133.413, 105
Trd, 2591133.963, 108
Trd, 2591133.979, 95
Trd, 2591134.996, 98
Trd, 2591136.163, 110
Trd, 2591137.129, 110
Trd, 2591137.696, 109
Trd, 2591138.079, 108
Trd, 2591138.163, 115
Trd, 2591140.296, 106
Trd, 2591140.929, 106
Trd, 2591141.096, 94
Trd, 2591141.129, 94
Trd, 2591141.379, 113
Trd, 2591141.413, 118
Trd, 2591142.513, 94
Trd, 2591142.579, 92
Trd, 2591142.613, 91
Trd, 2591142.929, 80
Trd, 2591143.163, 108
Trd, 2591143.413, 72
Trd, 2591144.079, 103
Trd, 2591145.229, 87
Trd, 2591145.363, 91
Trd, 2591146.096, 102
Trd, 2591148.496, 98
Trd, 2591148.979, 98
Trd, 2591149.263, 98
Trd, 2591150.763, 99
Trd, 2591151.179, 100
Trd, 2591151.646, 106
Trd, 2591152.263, 118
Trd, 2591152.429, 101
Trd, 2591154.246, 101
Trd, 2591155.896, 106
Trd, 2591156.246, 107
Trd, 2591156.329, 105
Trd, 2591156.713, 112
Trd, 2591156.829, 105
Trd, 2591157.413, 96
Trd, 2591158.096, 106
Trd, 2591158.529, 116
Trd, 2591158.779, 117
Trd, 2591158.813, 105
Trd, 2591158.979, 105
Trd, 2591159.079, 117
Trd, 2591159.479, 118
Trd, 2591160.479, 106
Trd, 2591161.563, 105
Trd, 2591162.179, 97
Trd, 2591163.546, 110
Trd, 2591163.596, 94
Trd, 2591164.729, 103
Trd, 2591166.079, 101
Trd, 2591166.663, 102
Trd, 2591166.696, 100
Trd, 2591167.163, 98
Trd, 2591167.646, 97
Trd, 2591167.813, 107
Trd, 2591167.929, 108
Trd, 2591169.779, 97
Trd, 2591171.229, 101
Trd, 2591171.579, 102
Trd, 2591171.646, 107
Trd, 2591171.713, 109
Trd, 2591171.846, 100
Trd, 2591172.329, 100
Trd, 2591172.529, 117
Trd, 2591172.829, 99
Trd, 2591174.746, 107
Trd, 2591175.029, 100
Trd, 2591175.796, 116
Trd, 2591176.429, 98
Trd, 2591176.496, 97
Trd, 2591176.863, 95
Trd, 2591177.279, 105
Trd, 2591179.013, 103
Trd, 2591180.046, 101
Trd, 2591180.313, 103
Trd, 2591180.629, 111
Trd, 2591180.779, 101
Trd, 2591181.096, 94
Trd, 2591182.213, 105
Trd, 2591183.146, 109
Trd, 2591184.746, 109
Trd, 2591185.613, 114
Trd, 2591185.679, 115
Trd, 2591186.213, 126
Trd, 2591186.513, 110
Trd, 2591186.779, 109
Trd, 2591187.346, 108
Trd, 2591187.979, 105
Trd, 2591190.229, 102
Trd, 2591190.396, 102
Trd, 2591190.563, 101
Trd, 2591192.379, 108
Trd, 2591192.979, 98
Trd, 2591193.563, 105
Trd, 2591193.729, 97
Trd, 2591194.446, 108
Trd, 2591194.463, 94
Trd, 2591194.579, 103
Trd, 2591194.613, 109
Trd, 2591195.813, 99
Trd, 2591196.229, 71
Trd, 2591197.296, 83
Trd, 2591198.429, 93
Trd, 2591199.346, 94
Trd, 2591200.829, 98
Trd, 2591201.246, 101
Trd, 2591201.646, 100
Trd, 2591201.829, 94
Trd, 2591202.879, 88
Trd, 2591203.446, 95
Trd, 2591204.413, 82
Trd, 2591204.579, 101
Trd, 2591204.629, 102
Trd, 2591205.479, 108
Trd, 2591205.913, 82
Trd, 2591207.413, 86
Trd, 2591208.263, 104
Trd, 2591209.313, 96
Trd, 2591209.429, 93
Trd, 2591209.579, 103
Trd, 2591209.763, 106
Trd, 2591209.829, 108
Trd, 2591210.146, 92
Trd, 2591211.896, 86
Trd, 2591213.029, 88
Trd, 2591215.079, 88
Trd, 2591216.063, 93
Trd, 2591216.446, 88
Trd, 2591216.496, 87
Trd, 2591216.529, 98
Trd, 2591217.879, 97
Trd, 2591218.329, 98
Trd, 2591219.146, 95
Trd, 2591219.196, 94
Trd, 2591219.913, 94
Trd, 2591220.713, 105
Trd, 2591221.146, 107
Trd, 2591222.196, 105
Trd, 2591222.379, 107
Trd, 2591223.696, 99
Trd, 2591224.396, 103
Trd, 2591224.913, 103
Trd, 2591225.113, 96
Trd, 2591225.296, 105
Trd, 2591225.796, 107
Trd, 2591226.013, 96
Trd, 2591227.346, 98
Trd, 2591228.346, 110
Trd, 2591229.129, 108
Trd, 2591229.429, 100
Trd, 2591230.879, 99
Trd, 2591231.679, 97
Trd, 2591231.763, 100
Trd, 2591231.863, 100
Trd, 2591232.313, 118
Trd, 2591233.646, 106
Trd, 2591233.963, 101
Trd, 2591235.246, 108
Trd, 2591235.496, 107
Trd, 2591235.996, 121
Trd, 2591236.579, 108
Trd, 2591237.796, 111
Trd, 2591238.713, 110
Trd, 2591239.163, 107
Trd, 2591240.213, 108
Trd, 2591240.346, 105
Trd, 2591241.613, 101
Trd, 2591241.846, 94
Trd, 2591242.146, 90
Trd, 2591242.646, 106
Trd, 2591243.279, 93
Trd, 2591243.929, 99
Trd, 2591243.979, 106
Trd, 2591244.263, 108
Trd, 2591244.313, 80
Trd, 2591245.063, 107
Trd, 2591247.796, 100
Trd, 2591248.163, 103
Trd, 2591248.396, 101
Trd, 2591248.679, 102
Trd, 2591249.746, 101
Trd, 2591249.763, 100
Trd, 2591251.413, 101
Trd, 2591251.429, 99
Trd, 2591251.929, 106
Trd, 2591252.646, 108
Trd, 2591254.196, 108
Trd, 2591255.163, 110
Trd, 2591255.329, 107
Trd, 2591256.563, 107
Trd, 2591256.863, 105
Trd, 2591257.796, 102
Trd, 2591257.879, 101
Trd, 2591258.546, 104
Trd, 2591258.946, 96
Trd, 2591259.346, 104
Trd, 2591259.496, 110
Trd, 2591259.813, 84
Trd, 2591260.263, 101
Trd, 2591260.413, 117
Trd, 2591260.929, 115
Trd, 2591261.996, 91
Trd, 2591262.063, 105
Trd, 2591262.379, 94
Trd, 2591264.696, 113
Trd, 2591264.963, 121
Trd, 2591265.079, 98
Trd, 2591265.313, 97
Trd, 2591266.113, 105
Trd, 2591266.463, 96
Trd, 2591267.596, 117
Trd, 2591269.963, 109
Trd, 2591270.379, 112
Trd, 2591270.796, 109
Trd, 2591271.429, 107
Trd, 2591271.963, 105
Trd, 2591272.029, 107
Trd, 2591272.463, 108
Trd, 2591272.579, 102
Trd, 2591272.813, 101
Trd, 2591273.896, 120
Trd, 2591274.746, 100
Trd, 2591276.079, 102
Trd, 2591277.829, 101
Trd, 2591278.563, 99
Trd, 2591278.746, 114
Trd, 2591279.296, 106
Trd, 2591279.879, 113
Trd, 2591280.696, 115
Trd, 2591280.913, 104
Trd, 2591281.229, 103
Trd, 2591282.079, 112
Trd, 2591282.596, 114
Trd, 2591282.913, 119
Trd, 2591283.529, 102
Trd, 2591283.796, 108
Trd, 2591284.946, 106
Trd, 2591285.429, 105
Trd, 2591287.846, 104
Trd, 2591288.813, 96
Trd, 2591288.913, 101
Trd, 2591290.013, 95
Trd, 2591290.163, 94
Trd, 2591290.996, 99
Trd, 2591291.063, 100
Trd, 2591291.513, 98
Trd, 2591291.763, 99
Trd, 2591291.796, 98
Trd, 2591291.979, 82
Trd, 2591293.629, 94
Trd, 2591293.929, 96
Trd, 2591294.329, 94
Trd, 2591295.679, 98
Trd, 2591295.763, 96
Trd, 2591295.946, 104
Trd, 2591296.079, 97
Trd, 2591299.096, 98
Trd, 2591300.379, 98
Trd, 2591300.813, 103
Trd, 2591300.996, 105
Trd, 2591301.046, 110
Trd, 2591301.946, 99
Trd, 2591301.996, 88
Trd, 2591302.346, 98
Trd, 2591303.396, 98
Trd, 2591303.513, 106
Trd, 2591303.696, 98
Trd, 2591304.046, 90
Trd, 2591305.829, 89
Trd, 2591306.129, 85
Trd, 2591307.129, 103
Trd, 2591307.429, 108
Trd, 2591307.913, 105
Trd, 2591308.263, 101
Trd, 2591308.729, 103
Trd, 2591309.613, 105
Trd, 2591310.196, 114
Trd, 2591310.479, 107
Trd, 2591310.563, 106
Trd, 2591311.113, 113
Trd, 2591312.696, 92
Trd, 2591313.546, 106
Trd, 2591315.929, 112
Trd, 2591316.413, 106
Trd, 2591316.529, 105
Trd, 2591316.963, 113
Trd, 2591317.229, 114
Trd, 2591318.146, 105
Trd, 2591318.179, 96
Trd, 2591318.696, 110
Trd, 2591319.779, 107
Trd, 2591319.796, 106
Trd, 2591320.163, 107
Trd, 2591320.863, 106
Trd, 2591321.896, 104
Trd, 2591322.013, 108
Trd, 2591322.579, 113
Trd, 2591323.496, 101
Trd, 2591323.829, 101
Trd, 2591324.479, 96
Trd, 2591324.563, 95
Trd, 2591325.929, 82
Trd, 2591326.079, 89
Trd, 2591327.329, 91
Trd, 2591328.829, 88
Trd, 2591329.063, 100
Trd, 2591329.146, 108
Trd, 2591329.763, 116
Trd, 2591330.779, 117
Trd, 2591330.846, 100
Trd, 2591330.913, 99
Trd, 2591332.596, 97
Trd, 2591332.729, 96
Trd, 2591335.096, 86
Trd, 2591335.779, 87
Trd, 2591335.913, 101
Trd, 2591335.946, 102
Trd, 2591336.796, 103
Trd, 2591337.079, 87
Trd, 2591337.396, 85
Trd, 2591337.813, 98
Trd, 2591339.229, 106
Trd, 2591339.346, 105
Trd, 2591339.563, 108
Trd, 2591339.746, 102
Trd, 2591339.863, 98
Trd, 2591340.196, 90
Trd, 2591341.263, 94
Trd, 2591341.629, 113
Trd, 2591341.763, 119
Trd, 2591342.696, 114
Trd, 2591344.979, 110
Trd, 2591345.096, 108
Trd, 2591345.363, 105
Trd, 2591346.413, 109
Trd, 2591348.046, 98
Trd, 2591348.379, 98
Trd, 2591348.646, 95
Trd, 2591348.796, 95
Trd, 2591348.879, 109
Trd, 2591349.446, 117
Trd, 2591351.479, 96
Trd, 2591353.329, 99
Trd, 2591353.429, 97
Trd, 2591354.196, 99
Trd, 2591355.146, 97
Trd, 2591355.363, 107
Trd, 2591355.846, 102
Trd, 2591356.796, 99
Trd, 2591357.979, 95
Trd, 2591358.046, 94
Trd, 2591358.246, 101
Trd, 2591358.913, 106
Trd, 2591359.079, 108
Trd, 2591359.646, 97
Trd, 2591360.963, 113
Trd, 2591361.029, 98
Trd, 2591361.863, 105
Trd, 2591362.946, 103
Trd, 2591363.129, 104
Trd, 2591364.646, 116
Trd, 2591365.213, 110
Trd, 2591365.346, 120
Trd, 2591365.496, 108
Trd, 2591365.729, 118
Trd, 2591366.713, 109
Trd, 2591367.229, 109
Trd, 2591367.379, 108
Trd, 2591368.013, 96
Trd, 2591368.096, 94
Trd, 2591369.829, 103
Trd, 2591370.579, 105
Trd, 2591370.646, 91
Trd, 2591371.046, 96
Trd, 2591371.879, 96
Trd, 2591373.696, 105
Trd, 2591374.346, 104
Trd, 2591374.713, 105
Trd, 2591375.413, 101
Trd, 2591375.979, 110
Trd, 2591376.529, 107
Trd, 2591376.679, 97
Trd, 2591377.113, 88
Trd, 2591377.863, 83
Trd, 2591379.163, 108
Trd, 2591379.596, 86
Trd, 2591379.646, 115
Trd, 2591379.996, 90
Trd, 2591381.846, 98
Trd, 2591382.013, 109
Trd, 2591382.079, 97
Trd, 2591384.229, 102
Trd, 2591384.896, 100
Trd, 2591385.979, 101
Trd, 2591386.729, 105
Trd, 2591388.329, 94
Trd, 2591388.629, 97
Trd, 2591388.946, 102
Trd, 2591389.563, 99
Trd, 2591389.679, 94
Trd, 2591390.046, 110
Trd, 2591390.129, 112
Trd, 2591391.279, 104
Trd, 2591392.096, 102
Trd, 2591392.213, 101
Trd, 2591393.679, 101
Trd, 2591394.813, 103
Trd, 2591394.929, 103
Trd, 2591395.829, 104
Trd, 2591396.029, 105
Trd, 2591396.279, 95
Trd, 2591396.629, 94
Trd, 2591397.096, 81
Trd, 2591397.513, 88
Trd, 2591398.196, 94
Trd, 2591398.279, 89
Trd, 2591398.979, 109
Trd, 2591399.296, 96
Trd, 2591400.146, 115
Trd, 2591400.196, 79
Trd, 2591401.229, 105
Trd, 2591401.846, 104
Trd, 2591402.429, 102
Trd, 2591403.296, 104
Trd, 2591404.263, 102
Trd, 2591404.713, 103
Trd, 2591405.463, 103
Trd, 2591405.513, 95
Trd, 2591406.079, 107
Trd, 2591408.029, 110
Trd, 2591408.179, 105
Trd, 2591408.946, 106
Trd, 2591409.213, 108
Trd, 2591410.796, 107
Trd, 2591411.096, 118
Trd, 2591411.529, 105
Trd, 2591411.879, 104
Trd, 2591412.863, 101
Trd, 2591413.663, 97
Trd, 2591414.596, 94
Trd, 2591415.696, 109
Trd, 2591415.713, 107
Trd, 2591415.946, 110
Trd, 2591417.363, 100
Trd, 2591417.829, 108
Trd, 2591417.879, 99
Trd, 2591417.963, 95
Trd, 2591418.713, 104
Trd, 2591418.796, 87
Trd, 2591419.763, 89
Trd, 2591419.863, 88
Trd, 2591420.446, 94
Trd, 2591422.363, 91
Trd, 2591422.429, 90
Trd, 2591423.163, 103
Trd, 2591424.363, 98
Trd, 2591425.879, 100
Trd, 2591425.913, 101
Trd, 2591426.863, 107
Trd, 2591428.229, 110
Trd, 2591428.479, 107
Trd, 2591428.546, 111
Trd, 2591429.129, 102
Trd, 2591429.413, 118
Trd, 2591431.563, 112
Trd, 2591432.029, 112
Trd, 2591432.263, 111
Trd, 2591432.596, 102
Trd, 2591434.629, 104
Trd, 2591435.363, 104
Trd, 2591435.429, 103
Trd, 2591435.929, 101
Trd, 2591435.963, 98
Trd, 2591436.463, 94
Trd, 2591437.313, 109
Trd, 2591438.429, 109
Trd, 2591439.196, 90
Trd, 2591439.746, 106
Trd, 2591439.846, 118
Trd, 2591440.163, 122
Trd, 2591440.246, 92
Trd, 2591440.529, 91
Trd, 2591441.463, 94
Trd, 2591441.679, 105
Trd, 2591442.213, 99
Trd, 2591443.246, 95
Trd, 2591444.429, 96
Trd, 2591444.779, 95
Trd, 2591444.996, 95
Trd, 2591446.229, 96
Trd, 2591447.096, 95
Trd, 2591447.513, 96
Trd, 2591448.046, 95
Trd, 2591449.063, 98
Trd, 2591450.796, 102
Trd, 2591451.629, 103
Trd, 2591452.729, 105
Trd, 2591452.863, 108
Trd, 2591452.929, 95
Trd, 2591453.079, 94
Trd, 2591453.246, 109
Trd, 2591453.296, 110
Trd, 2591453.563, 97
Trd, 2591455.529, 90
Trd, 2591455.563, 102
Trd, 2591458.079, 95
Trd, 2591459.563, 95
Trd, 2591460.529, 101
Trd, 2591460.563, 102
Trd, 2591461.229, 107
Trd, 2591461.579, 110
Trd, 2591461.696, 112
Trd, 2591462.179, 108
Trd, 2591462.879, 110
Trd, 2591462.979, 115
Trd, 2591464.196, 112
Trd, 2591464.729, 112
Trd, 2591465.246, 112
Trd, 2591466.346, 114
Trd, 2591467.129, 107
Trd, 2591467.446, 108
Trd, 2591467.463, 105
Trd, 2591469.413, 109
Trd, 2591469.463, 95
Trd, 2591469.679, 94
Trd, 2591469.929, 95
Trd, 2591470.713, 97
Trd, 2591471.763, 100
Trd, 2591472.063, 96
Trd, 2591472.563, 98
Trd, 2591472.996, 97
Trd, 2591473.013, 111
Trd, 2591473.263, 99
Trd, 2591473.913, 118
Trd, 2591474.696, 117
Trd, 2591474.813, 103
Trd, 2591476.263, 105
Trd, 2591476.579, 105
Trd, 2591476.679, 103
Trd, 2591476.779, 131
Trd, 2591478.596, 127
Trd, 2591478.646, 125
Trd, 2591480.579, 108
Trd, 2591480.979, 98
Trd, 2591481.579, 97
Trd, 2591482.146, 98
Trd, 2591482.446, 106
Trd, 2591482.529, 107
Trd, 2591483.796, 95
Trd, 2591484.163, 107
Trd, 2591484.179, 108
Trd, 2591486.229, 100
Trd, 2591486.879, 94
Trd, 2591487.046, 120
Trd, 2591488.113, 94
Trd, 2591488.529, 100
Trd, 2591489.513, 99
Trd, 2591489.529, 98
Trd, 2591490.429, 97
Trd, 2591491.229, 98
Trd, 2591492.196, 98
Trd, 2591493.346, 97
Trd, 2591493.813, 96
Trd, 2591494.329, 94
Trd, 2591494.496, 98
Trd, 2591495.313, 101
Trd, 2591496.346, 100
Trd, 2591496.463, 101
Trd, 2591498.513, 84
Trd, 2591499.013, 89
Trd, 2591499.096, 92
Trd, 2591500.496, 94
Trd, 2591500.963, 94
Trd, 2591501.029, 97
Trd, 2591501.496, 102
Trd, 2591502.529, 98
Trd, 2591502.596, 104
Trd, 2591502.713, 101
Trd, 2591503.696, 101
Trd, 2591503.896, 106
Trd, 2591504.479, 110
Trd, 2591505.013, 102
Trd, 2591506.029, 104
Trd, 2591507.246, 107
Trd, 2591507.663, 106
Trd, 2591507.813, 106
Trd, 2591508.329, 107
Trd, 2591508.646, 105
Trd, 2591509.679, 102
Trd, 2591510.863, 113
Trd, 2591510.946, 115
Trd, 2591511.313, 102
Trd, 2591511.479, 101
Trd, 2591512.413, 85
Trd, 2591512.779, 82
Trd, 2591512.963, 83
Trd, 2591514.113, 85
Trd, 2591514.746, 105
Trd, 2591515.763, 102
Trd, 2591516.346, 116
Trd, 2591517.546, 103
Trd, 2591518.396, 102
Trd, 2591519.863, 113
Trd, 2591520.096, 112
Trd, 2591520.296, 111
Trd, 2591520.829, 111
Trd, 2591521.929, 108
Trd, 2591522.396, 105
Trd, 2591522.729, 108
Trd, 2591522.913, 94
Trd, 2591523.396, 97
Trd, 2591524.663, 104
Trd, 2591526.113, 98
Trd, 2591526.613, 98
Trd, 2591527.579, 108
Trd, 2591528.546, 97
Trd, 2591528.979, 96
Trd, 2591529.396, 92
Trd, 2591530.029, 106
Trd, 2591532.179, 97
Trd, 2591532.396, 104
Trd, 2591532.563, 115
Trd, 2591532.696, 126
Trd, 2591532.763, 98
Trd, 2591532.963, 97
Trd, 2591533.446, 97
Trd, 2591533.679, 106
Trd, 2591533.996, 94
Trd, 2591534.479, 111
Trd, 2591534.679, 81
Trd, 2591536.179, 113
Trd, 2591537.096, 90
Trd, 2591537.829, 99
Trd, 2591538.179, 100
Trd, 2591538.379, 101
Trd, 2591539.513, 106
Trd, 2591540.163, 105
Trd, 2591540.229, 104
Trd, 2591541.163, 102
Trd, 2591542.713, 107
Trd, 2591543.113, 110
Trd, 2591543.546, 103
Trd, 2591543.879, 102
Trd, 2591544.113, 94
Trd, 2591544.379, 107
Trd, 2591546.563, 108
Trd, 2591547.329, 105
Trd, 2591547.513, 117
Trd, 2591547.579, 109
Trd, 2591547.713, 126
Trd, 2591547.963, 107
Trd, 2591548.313, 104
Trd, 2591549.046, 107
Trd, 2591549.163, 105
Trd, 2591551.213, 106
Trd, 2591552.179, 105
Trd, 2591552.946, 105
Trd, 2591553.046, 101
Trd, 2591553.263, 104
Trd, 2591554.679, 95
Trd, 2591556.196, 104
Trd, 2591557.229, 103
Trd, 2591557.296, 104
Trd, 2591558.013, 104
Trd, 2591558.379, 103
Trd, 2591558.763, 105
Trd, 2591559.246, 103
Trd, 2591560.379, 105
Trd, 2591561.363, 104
Trd, 2591562.463, 104
Trd, 2591563.063, 103
Trd, 2591563.229, 115
Trd, 2591563.729, 119
Trd, 2591564.779, 120
Trd, 2591565.146, 106
Trd, 2591565.279, 105
Trd, 2591565.763, 103
Trd, 2591566.746, 104
Trd, 2591566.946, 101
Trd, 2591567.029, 95
Trd, 2591568.013, 102
Trd, 2591568.696, 115
Trd, 2591568.846, 118
Trd, 2591569.246, 96
Trd, 2591569.513, 96
Trd, 2591569.996, 101
Trd, 2591571.963, 104
Trd, 2591572.613, 103
Trd, 2591572.896, 95
Trd, 2591573.246, 94
Trd, 2591573.263, 104
Trd, 2591573.613, 91
Trd, 2591573.696, 81
Trd, 2591574.329, 105
Trd, 2591575.679, 76
Trd, 2591576.929, 81
Trd, 2591577.779, 82
Trd, 2591578.163, 86
Trd, 2591578.296, 101
Trd, 2591579.963, 110
Trd, 2591580.246, 109
Trd, 2591581.246, 111
Trd, 2591581.413, 111
Trd, 2591581.696, 108
Trd, 2591581.796, 101
Trd, 2591583.013, 117
Trd, 2591583.179, 100
Trd, 2591583.613, 99
Trd, 2591585.029, 98
Trd, 2591585.196, 103
Trd, 2591585.546, 104
Trd, 2591585.663, 116
Trd, 2591586.429, 102
Trd, 2591586.779, 120
Trd, 2591587.029, 118
Trd, 2591587.913, 119
Trd, 2591588.229, 104
Trd, 2591588.763, 102
Trd, 2591590.129, 106
Trd, 2591590.879, 105
Trd, 2591591.196, 104
Trd, 2591591.629, 129
Trd, 2591592.296, 101
Trd, 2591593.879, 95
Trd, 2591594.446, 94
Trd, 2591595.029, 99
Trd, 2591595.329, 100
Trd, 2591595.529, 101
Trd, 2591596.146, 99
Trd, 2591597.646, 98
Trd, 2591597.763, 106
Trd, 2591598.429, 103
Trd, 2591598.629, 105
Trd, 2591599.129, 101
Trd, 2591600.729, 102
Trd, 2591601.296, 98
Trd, 2591601.879, 95
Trd, 2591602.913, 94
Trd, 2591603.496, 103
Trd, 2591604.029, 106
Trd, 2591605.329, 103
Trd, 2591605.346, 102
Trd, 2591605.696, 97
Trd, 2591607.313, 89
Trd, 2591607.363, 91
Trd, 2591607.579, 84
Trd, 2591607.863, 85
Trd, 2591608.079, 108
Trd, 2591610.079, 89
Trd, 2591611.163, 89
Trd, 2591612.279, 100
Trd, 2591612.296, 102
Trd, 2591612.513, 81
Trd, 2591614.929, 102
Trd, 2591615.596, 103
Trd, 2591616.829, 106
Trd, 2591617.696, 103
Trd, 2591618.596, 103
Trd, 2591619.096, 101
Trd, 2591619.213, 98
Trd, 2591619.229, 104
Trd, 2591619.429, 106
Trd, 2591619.479, 97
Trd, 2591619.646, 94
Trd, 2591619.813, 106
Trd, 2591620.946, 89
Trd, 2591621.563, 106
Trd, 2591621.746, 105
Trd, 2591624.313, 98
Trd, 2591625.229, 102
Trd, 2591626.129, 104
Trd, 2591626.329, 110
Trd, 2591627.329, 111
Trd, 2591627.963, 109
Trd, 2591628.213, 118
Trd, 2591629.129, 118
Trd, 2591629.913, 106
Trd, 2591630.063, 120
Trd, 2591630.963, 90
Trd, 2591631.113, 90
Trd, 2591631.296, 88
Trd, 2591632.079, 102
Trd, 2591632.996, 107
Trd, 2591633.913, 93
Trd, 2591633.946, 92
Trd, 2591634.613, 92
Trd, 2591634.863, 106
Trd, 2591634.929, 105
Trd, 2591637.329, 108
Trd, 2591637.713, 111
Trd, 2591637.813, 98
Trd, 2591637.896, 96
Trd, 2591638.629, 99
Trd, 2591639.029, 112
Trd, 2591639.479, 99
Trd, 2591639.629, 98
Trd, 2591641.329, 98
Trd, 2591641.363, 99
Trd, 2591642.163, 103
Trd, 2591642.346, 101
Trd, 2591643.113, 102
Trd, 2591644.813, 105
Trd, 2591645.396, 108
Trd, 2591645.413, 105
Trd, 2591647.796, 110
Trd, 2591647.979, 105
Trd, 2591648.363, 115
Trd, 2591648.913, 109
Trd, 2591649.313, 107
Trd, 2591650.029, 94
Trd, 2591650.629, 107
Trd, 2591651.546, 85
Trd, 2591651.696, 96
Trd, 2591652.363, 99
Trd, 2591652.579, 100
Trd, 2591653.896, 106
Trd, 2591654.346, 92
Trd, 2591656.163, 102
Trd, 2591657.163, 101
Trd, 2591657.246, 98
Trd, 2591658.729, 105
Trd, 2591658.813, 104
Trd, 2591658.929, 103
Trd, 2591658.963, 111
Trd, 2591659.879, 103
Trd, 2591660.213, 103
Trd, 2591661.213, 104
Trd, 2591661.329, 106
Trd, 2591662.029, 102
Trd, 2591662.413, 105
Trd, 2591664.013, 105
Trd, 2591664.829, 105
Trd, 2591665.379, 104
Trd, 2591665.446, 101
Trd, 2591665.646, 107
Trd, 2591665.929, 100
Trd, 2591665.946, 94
Trd, 2591666.346, 108
Trd, 2591667.013, 78
Trd, 2591668.496, 95
Trd, 2591668.529, 88
Trd, 2591670.213, 101
Trd, 2591671.479, 94
Trd, 2591671.963, 92
Trd, 2591673.429, 96
Trd, 2591673.513, 85
Trd, 2591674.863, 91
Trd, 2591675.829, 100
Trd, 2591675.979, 106
Trd, 2591676.946, 104
Trd, 2591677.796, 110
Trd, 2591678.446, 109
Trd, 2591678.513, 108
Trd, 2591678.629, 106
Trd, 2591679.479, 105
Trd, 2591680.429, 114
Trd, 2591680.563, 105
Trd, 2591682.263, 101
Trd, 2591682.863, 99
Trd, 2591684.563, 100
Trd, 2591684.996, 100
Trd, 2591685.379, 108
Trd, 2591685.613, 100
Trd, 2591686.263, 101
Trd, 2591686.329, 93
Trd, 2591686.496, 86
Trd, 2591688.996, 95
Trd, 2591690.146, 94
Trd, 2591691.063, 95
Trd, 2591691.229, 102
Trd, 2591691.779, 102
Trd, 2591691.846, 101
Trd, 2591692.413, 101
Trd, 2591693.413, 106
Trd, 2591694.163, 108
Trd, 2591694.313, 109
Trd, 2591694.613, 107
Trd, 2591694.663, 107
Trd, 2591694.713, 115
Trd, 2591694.863, 116
Trd, 2591695.913, 109
Trd, 2591696.779, 94
Trd, 2591698.546, 98
Trd, 2591698.713, 111
Trd, 2591702.196, 91
Trd, 2591702.246, 90
Trd, 2591703.296, 100
Trd, 2591703.763, 92
Trd, 2591704.213, 93
Trd, 2591705.263, 99
Trd, 2591705.546, 103
Trd, 2591706.113, 99
Trd, 2591706.779, 105
Trd, 2591708.346, 105
Trd, 2591708.829, 108
Trd, 2591710.363, 108
Trd, 2591710.979, 105
Trd, 2591711.113, 104
Trd, 2591711.229, 101
Trd, 2591711.929, 109
Trd, 2591712.146, 94
Trd, 2591712.579, 105
Trd, 2591713.246, 107
Trd, 2591713.446, 108
Trd, 2591713.679, 108
Trd, 2591713.779, 105
Trd, 2591713.813, 119
Trd, 2591714.046, 119
Trd, 2591714.279, 118
Trd, 2591714.413, 108
Trd, 2591714.496, 105
Trd, 2591714.896, 116
Trd, 2591715.846, 100
Trd, 2591716.463, 101
Trd, 2591716.679, 98
Trd, 2591717.879, 98
Trd, 2591719.296, 105
Trd, 2591721.379, 98
Trd, 2591721.613, 98
Trd, 2591721.779, 97
Trd, 2591722.213, 98
Trd, 2591722.663, 92
Trd, 2591723.346, 88
Trd, 2591723.413, 89
Trd, 2591723.629, 94
Trd, 2591724.679, 97
Trd, 2591725.196, 99
Trd, 2591726.613, 103
Trd, 2591727.713, 99
Trd, 2591728.479, 110
Trd, 2591728.946, 102
Trd, 2591729.979, 105
Trd, 2591730.029, 111
Trd, 2591731.129, 105
Trd, 2591731.263, 104
Trd, 2591731.313, 108
Trd, 2591731.663, 109
Trd, 2591734.079, 105
Trd, 2591734.713, 108
Trd, 2591734.846, 115
Trd, 2591735.896, 108
Trd, 2591737.879, 108
Trd, 2591737.929, 107
Trd, 2591738.896, 115
Trd, 2591739.629, 114
Trd, 2591739.963, 102
Trd, 2591740.796, 104
Trd, 2591741.213, 101
Trd, 2591741.613, 115
Trd, 2591742.296, 116
Trd, 2591742.529, 96
Trd, 2591742.613, 95
Trd, 2591744.096, 101
Trd, 2591744.113, 100
Trd, 2591744.213, 98
Trd, 2591744.663, 96
Trd, 2591744.963, 94
Trd, 2591746.463, 81
Trd, 2591746.579, 100
Trd, 2591748.163, 87
Trd, 2591748.263, 90
Trd, 2591748.363, 98
Trd, 2591748.596, 106
Trd, 2591749.463, 99
Trd, 2591749.613, 106
Trd, 2591750.896, 107
Trd, 2591751.729, 107
Trd, 2591751.779, 106
Trd, 2591752.513, 107
Trd, 2591753.063, 107
Trd, 2591753.529, 106
Trd, 2591754.313, 105
Trd, 2591754.529, 101
Trd, 2591756.546, 98
Trd, 2591757.913, 105
Trd, 2591758.163, 107
Trd, 2591759.779, 104
Trd, 2591760.329, 107
Trd, 2591760.513, 110
Trd, 2591760.596, 106
Trd, 2591760.829, 111
Trd, 2591761.313, 108
Trd, 2591761.529, 121
Trd, 2591761.879, 119
Trd, 2591762.163, 108
Trd, 2591762.313, 102
Trd, 2591764.213, 101
Trd, 2591764.879, 95
Trd, 2591765.563, 99
Trd, 2591766.663, 98
Trd, 2591766.796, 99
Trd, 2591766.863, 96
Trd, 2591767.379, 107
Trd, 2591767.579, 114
Trd, 2591768.413, 108
Trd, 2591769.263, 107
Trd, 2591769.513, 105
Trd, 2591769.963, 101
Trd, 2591770.079, 95
Trd, 2591770.513, 94
Trd, 2591772.263, 98
Trd, 2591773.263, 110
Trd, 2591775.479, 96
Trd, 2591775.963, 108
Trd, 2591775.996, 98
Trd, 2591776.413, 95
Trd, 2591778.413, 89
Trd, 2591778.696, 102
Trd, 2591779.946, 91
Trd, 2591780.113, 90
Trd, 2591780.146, 88
Trd, 2591781.196, 92
Trd, 2591781.346, 83
Trd, 2591782.296, 85
Trd, 2591782.396, 87
Trd, 2591782.996, 91
Trd, 2591783.113, 89
Trd, 2591783.896, 86
Trd, 2591784.013, 87
Trd, 2591784.046, 104
Trd, 2591784.363, 106
Trd, 2591784.829, 110
Trd, 2591785.329, 117
Trd, 2591785.863, 110
Trd, 2591786.229, 108
Trd, 2591787.246, 121
Trd, 2591788.646, 110
Trd, 2591788.729, 108
Trd, 2591788.779, 106
Trd, 2591789.546, 105
Trd, 2591789.679, 125
Trd, 2591789.963, 124
Trd, 2591790.179, 94
Trd, 2591791.163, 91
Trd, 2591791.829, 88
Trd, 2591791.963, 106
Trd, 2591793.279, 88
Trd, 2591793.863, 89
Trd, 2591795.029, 88
Trd, 2591795.546, 90
Trd, 2591795.729, 98
Trd, 2591796.546, 105
Trd, 2591798.129, 106
Trd, 2591799.929, 109
Trd, 2591800.029, 108
Trd, 2591800.113, 105
Trd, 2591800.229, 111
Trd, 2591800.396, 102
Trd, 2591801.113, 108
Trd, 2591803.363, 106
Trd, 2591803.379, 107
Trd, 2591804.079, 107
Trd, 2591804.196, 106
Trd, 2591804.429, 108
Trd, 2591804.996, 109
Trd, 2591807.713, 110
Trd, 2591808.179, 110
Trd, 2591808.596, 110
Trd, 2591808.663, 107
Trd, 2591808.979, 105
Trd, 2591810.229, 101
Trd, 2591811.113, 98
Trd, 2591812.246, 96
Trd, 2591812.596, 94
Trd, 2591812.663, 97
Trd, 2591812.713, 81
Trd, 2591813.763, 107
Trd, 2591813.979, 108
Trd, 2591814.296, 111
Trd, 2591814.396, 108
Trd, 2591814.413, 101
Trd, 2591815.363, 88
Trd, 2591815.813, 102
Trd, 2591816.413, 118
Trd, 2591816.913, 97
Trd, 2591818.646, 105
Trd, 2591819.546, 106
Trd, 2591821.479, 93
Trd, 2591821.796, 92
Trd, 2591821.846, 88
Trd, 2591822.913, 101
Trd, 2591823.013, 111
Trd, 2591824.096, 117
Trd, 2591824.146, 90
Trd, 2591824.946, 108
Trd, 2591825.963, 111
Trd, 2591826.179, 114
Trd, 2591826.329, 110
Trd, 2591827.546, 106
Trd, 2591828.429, 105
Trd, 2591828.679, 101
Trd, 2591829.296, 94
Trd, 2591830.813, 107
Trd, 2591832.396, 105
Trd, 2591832.446, 98
Trd, 2591832.696, 97
Trd, 2591833.346, 96
Trd, 2591833.846, 100
Trd, 2591833.946, 97
Trd, 2591834.196, 96
Trd, 2591834.229, 96
Trd, 2591835.279, 99
Trd, 2591835.479, 98
Trd, 2591835.779, 97
Trd, 2591836.146, 112
Trd, 2591836.613, 85
Trd, 2591837.263, 90
Trd, 2591837.363, 94
Trd, 2591839.713, 116
Trd, 2591840.063, 110
Trd, 2591840.096, 109
Trd, 2591840.113, 107
Trd, 2591841.379, 122
Trd, 2591842.746, 98
Trd, 2591843.129, 102
Trd, 2591843.646, 98
Trd, 2591844.046, 104
Trd, 2591844.946, 98
Trd, 2591845.113, 102
Trd, 2591845.946, 94
Trd, 2591847.463, 82
Trd, 2591847.496, 85
Trd, 2591848.813, 103
Trd, 2591850.213, 85
Trd, 2591851.379, 90
Trd, 2591852.046, 90
Trd, 2591853.313, 98
Trd, 2591853.396, 101
Trd, 2591853.546, 93
Trd, 2591853.913, 97
Trd, 2591854.629, 100
Trd, 2591854.963, 98
Trd, 2591856.013, 101
Trd, 2591856.996, 107
Trd, 2591857.363, 108
Trd, 2591857.429, 103
Trd, 2591857.729, 95
Trd, 2591858.346, 87
Trd, 2591858.729, 83
Trd, 2591859.046, 109
Trd, 2591859.563, 94
Trd, 2591860.229, 89
Trd, 2591860.863, 91
Trd, 2591862.579, 102
Trd, 2591862.696, 105
Trd, 2591862.913, 94
Trd, 2591863.746, 97
Trd, 2591864.379, 97
Trd, 2591864.496, 97
Trd, 2591864.946, 98
Trd, 2591865.496, 101
Trd, 2591866.096, 103
Trd, 2591866.779, 101
Trd, 2591867.763, 99
Trd, 2591868.679, 100
Trd, 2591869.013, 100
Trd, 2591869.496, 100
Trd, 2591870.779, 100
Trd, 2591871.629, 107
Trd, 2591872.013, 105
Trd, 2591872.396, 105
Trd, 2591872.929, 105
Trd, 2591873.496, 108
Trd, 2591873.713, 118
Trd, 2591874.779, 115
Trd, 2591874.813, 110
Trd, 2591874.929, 106
Trd, 2591875.296, 103
Trd, 2591875.329, 102
Trd, 2591875.413, 94
Trd, 2591879.629, 87
Trd, 2591879.663, 88
Trd, 2591880.796, 112
Trd, 2591880.896, 89
Trd, 2591881.063, 89
Trd, 2591881.996, 101
Trd, 2591883.363, 97
Trd, 2591883.613, 108
Trd, 2591884.813, 97
Trd, 2591884.913, 98
Trd, 2591885.996, 99
Trd, 2591886.429, 99
Trd, 2591887.463, 109
Trd, 2591888.029, 94
Trd, 2591888.479, 116
Trd, 2591889.079, 83
Trd, 2591889.213, 85
Trd, 2591891.829, 91
Trd, 2591892.546, 102
Trd, 2591892.763, 106
Trd, 2591893.113, 106
Trd, 2591893.346, 104
Trd, 2591893.896, 103
Trd, 2591894.379, 105
Trd, 2591894.429, 104
Trd, 2591894.813, 102
Trd, 2591894.879, 101
Trd, 2591895.113, 108
Trd, 2591896.063, 116
Trd, 2591896.296, 119
Trd, 2591896.346, 119
Trd, 2591896.446, 118
Trd, 2591896.779, 107
Trd, 2591897.313, 95
Trd, 2591897.979, 96
Trd, 2591898.029, 94
Trd, 2591899.579, 98
Trd, 2591902.113, 92
Trd, 2591902.346, 91
Trd, 2591902.496, 98
Trd, 2591903.579, 102
Trd, 2591903.746, 89
Trd, 2591903.863, 87
Trd, 2591903.963, 103
Trd, 2591904.913, 81
Trd, 2591906.246, 106
Trd, 2591907.346, 91
Trd, 2591907.779, 107
Trd, 2591908.279, 102
Trd, 2591908.596, 102
Trd, 2591908.829, 89
Trd, 2591909.229, 95
Trd, 2591911.329, 94
Trd, 2591911.479, 94
Trd, 2591912.329, 106
Trd, 2591912.929, 102
Trd, 2591913.979, 108
Trd, 2591914.663, 106
Trd, 2591916.146, 105
Trd, 2591917.063, 107
Trd, 2591917.079, 110
Trd, 2591917.179, 106
Trd, 2591917.246, 105
Trd, 2591918.013, 108
Trd, 2591919.563, 102
Trd, 2591919.829, 109
Trd, 2591919.996, 100
Trd, 2591920.679, 110
Trd, 2591920.846, 100
Trd, 2591920.896, 94
Trd, 2591921.279, 107
Trd, 2591921.413, 86
Trd, 2591923.229, 100
Trd, 2591925.113, 98
Trd, 2591925.196, 101
Trd, 2591925.613, 103
Trd, 2591927.079, 107
Trd, 2591927.129, 104
Trd, 2591927.396, 110
Trd, 2591929.546, 104
Trd, 2591929.663, 101
Trd, 2591930.029, 118
Trd, 2591930.646, 94
Trd, 2591931.129, 89
Trd, 2591931.296, 80
Trd, 2591931.763, 102
Trd, 2591932.579, 103
Trd, 2591933.413, 110
Trd, 2591934.546, 88
Trd, 2591935.379, 112
Trd, 2591935.629, 97
Trd, 2591936.479, 101
Trd, 2591937.279, 106
Trd, 2591938.413, 103
Trd, 2591939.546, 101
Trd, 2591939.846, 101
Trd, 2591940.646, 102
Trd, 2591940.963, 100
Trd, 2591941.946, 100
Trd, 2591942.029, 108
Trd, 2591943.446, 101
Trd, 2591944.679, 113
Trd, 2591944.729, 112
Trd, 2591945.313, 108
Trd, 2591945.396, 113
Trd, 2591945.479, 94
Trd, 2591946.063, 106
Trd, 2591946.613, 108
Trd, 2591948.163, 97
Trd, 2591948.896, 98
Trd, 2591949.046, 94
Trd, 2591949.946, 105
Trd, 2591950.163, 95
Trd, 2591951.296, 95
Trd, 2591952.729, 104
Trd, 2591953.379, 101
Trd, 2591954.146, 101
Trd, 2591954.929, 101
Trd, 2591955.046, 104
Trd, 2591955.346, 101
Trd, 2591958.296, 102
Trd, 2591958.629, 102
Trd, 2591958.846, 101
Trd, 2591959.846, 107
Trd, 2591960.013, 94
Trd, 2591960.113, 112
Trd, 2591960.696, 113
Trd, 2591962.029, 99
Trd, 2591962.329, 109
Trd, 2591962.729, 99
Trd, 2591963.363, 112
Trd, 2591963.413, 113
Trd, 2591964.063, 109
Trd, 2591964.296, 101
Trd, 2591965.146, 107
Trd, 2591965.446, 120
Trd, 2591966.779, 107
Trd, 2591966.813, 105
Trd, 2591966.996, 121
Trd, 2591968.546, 108
Trd, 2591968.846, 101
Trd, 2591968.929, 112
Trd, 2591969.296, 84
Trd, 2591969.513, 119
Trd, 2591970.246, 77
Trd, 2591970.613, 84
Trd, 2591973.979, 99
Trd, 2591974.613, 99
Trd, 2591975.246, 101
Trd, 2591975.996, 102
Trd, 2591976.613, 101
Trd, 2591976.746, 106
Trd, 2591977.579, 107
Trd, 2591977.963, 101
Trd, 2591978.863, 109
Trd, 2591979.363, 103
Trd, 2591979.779, 109
Trd, 2591981.063, 97
Trd, 2591981.413, 106
Trd, 2591981.529, 94
Trd, 2591982.513, 114
Trd, 2591983.029, 86
Trd, 2591983.896, 118
Trd, 2591985.079, 96
Trd, 2591986.113, 118
Trd, 2591986.913, 97
Trd, 2591987.363, 97
Trd, 2591987.463, 98
Trd, 2591988.129, 98
Trd, 2591988.479, 109
Trd, 2591988.996, 117
Trd, 2591989.313, 98
Trd, 2591990.279, 97
Trd, 2591990.896, 116
Trd, 2591991.979, 102
Trd, 2591992.813, 95
Trd, 2591993.096, 95
Trd, 2591994.246, 95
Trd, 2591994.663, 106
Trd, 2591996.996, 101
Trd, 2591997.063, 100
Trd, 2591997.813, 101
Trd, 2591998.063, 101
Trd, 2591998.396, 106
Trd, 2591999.213, 95
