Trd, 2590633.779, 110
Trd, 2590635.063, 88
Trd, 2590635.763, 92
Trd, 2590636.229, 87
Trd, 2590637.063, 91
Trd, 2590637.313, 92
Trd, 2590639.179, 100
Trd, 2590640.513, 103
Trd, 2590640.696, 104
Trd, 2590640.763, 109
Trd, 2590640.779, 103
Trd, 2590642.129, 114
Trd, 2590642.446, 104
Trd, 2590643.496, 105
Trd, 2590644.263, 112
Trd, 2590644.546, 100
Trd, 2590644.763, 94
Trd, 2590645.346, 88
Trd, 2590645.396, 101
Trd, 2590646.746, 83
Trd, 2590648.213, 79
Trd, 2590648.813, 96
Trd, 2590650.746, 97
Trd, 2590651.863, 110
Trd, 2590652.013, 91
Trd, 2590652.963, 94
Trd, 2590655.513, 88
Trd, 2590656.629, 88
Trd, 2590656.646, 90
Trd, 2590657.563, 91
Trd, 2590657.863, 90
Trd, 2590658.896, 98
Trd, 2590659.096, 104
Trd, 2590659.363, 91
Trd, 2590659.596, 91
Trd, 2590661.363, 96
Trd, 2590661.929, 105
Trd, 2590662.096, 110
Trd, 2590662.296, 100
Trd, 2590662.746, 101
Trd, 2590663.046, 99
Trd, 2590666.513, 104
Trd, 2590667.046, 106
Trd, 2590667.479, 99
Trd, 2590667.529, 96
Trd, 2590667.796, 110
Trd, 2590667.879, 94
Trd, 2590670.463, 87
Trd, 2590671.396, 100
Trd, 2590671.879, 101
Trd, 2590672.496, 93
Trd, 2590673.429, 99
Trd, 2590674.246, 100
Trd, 2590675.913, 103
Trd, 2590676.113, 110
Trd, 2590677.313, 109
Trd, 2590678.029, 108
Trd, 2590678.396, 108
Trd, 2590678.613, 107
Trd, 2590679.479, 94
Trd, 2590679.529, 86
Trd, 2590680.829, 77
Trd, 2590681.113, 92
Trd, 2590683.679, 92
Trd, 2590684.279, 93
Trd, 2590684.329, 92
Trd, 2590685.896, 98
Trd, 2590686.429, 96
Trd, 2590687.129, 97
Trd, 2590687.663, 97
Trd, 2590688.146, 100
Trd, 2590688.629, 101
Trd, 2590689.679, 105
Trd, 2590689.696, 103
Trd, 2590689.896, 111
Trd, 2590690.246, 94
Trd, 2590692.563, 112
Trd, 2590693.279, 119
Trd, 2590693.896, 94
Trd, 2590694.796, 104
Trd, 2590694.813, 92
Trd, 2590695.346, 87
Trd, 2590695.513, 80
Trd, 2590697.429, 92
Trd, 2590698.379, 91
Trd, 2590698.913, 99
Trd, 2590699.446, 94
Trd, 2590700.246, 94
Trd, 2590700.363, 94
Trd, 2590700.613, 95
Trd, 2590704.063, 96
Trd, 2590704.279, 94
Trd, 2590704.296, 98
Trd, 2590704.529, 82
Trd, 2590704.846, 94
Trd, 2590705.613, 88
Trd, 2590706.813, 87
Trd, 2590707.163, 100
Trd, 2590708.113, 89
Trd, 2590708.779, 91
Trd, 2590709.396, 80
Trd, 2590709.513, 104
Trd, 2590709.696, 112
Trd, 2590711.096, 84
Trd, 2590714.963, 95
Trd, 2590715.163, 94
Trd, 2590715.596, 95
Trd, 2590716.329, 95
Trd, 2590716.463, 99
Trd, 2590716.546, 94
Trd, 2590717.146, 88
Trd, 2590717.413, 101
Trd, 2590717.713, 81
Trd, 2590717.996, 82
Trd, 2590718.163, 105
Trd, 2590718.813, 111
Trd, 2590720.696, 77
Trd, 2590722.096, 91
Trd, 2590722.579, 86
Trd, 2590724.163, 105
Trd, 2590724.546, 103
Trd, 2590725.479, 104
Trd, 2590727.196, 108
Trd, 2590728.279, 89
Trd, 2590728.296, 109
Trd, 2590728.379, 112
Trd, 2590728.529, 116
Trd, 2590728.929, 88
Trd, 2590731.529, 91
Trd, 2590731.729, 90
Trd, 2590732.113, 89
Trd, 2590733.263, 91
Trd, 2590733.596, 105
Trd, 2590735.046, 82
Trd, 2590736.263, 86
Trd, 2590736.513, 91
Trd, 2590736.596, 97
Trd, 2590737.596, 91
Trd, 2590739.279, 93
Trd, 2590739.346, 92
Trd, 2590740.079, 92
Trd, 2590741.446, 95
Trd, 2590742.413, 83
Trd, 2590745.213, 89
Trd, 2590745.296, 91
Trd, 2590746.079, 98
Trd, 2590746.263, 89
Trd, 2590746.279, 105
Trd, 2590747.129, 105
Trd, 2590747.813, 91
Trd, 2590747.963, 93
Trd, 2590749.313, 100
Trd, 2590749.613, 97
Trd, 2590750.963, 96
Trd, 2590752.579, 97
Trd, 2590752.829, 95
Trd, 2590753.013, 95
Trd, 2590753.413, 94
Trd, 2590754.279, 95
Trd, 2590754.779, 94
Trd, 2590755.496, 92
Trd, 2590755.946, 94
Trd, 2590756.263, 95
Trd, 2590757.579, 99
Trd, 2590758.529, 100
Trd, 2590758.713, 100
Trd, 2590759.396, 101
Trd, 2590759.463, 99
Trd, 2590761.563, 107
Trd, 2590761.779, 107
Trd, 2590762.646, 93
Trd, 2590763.079, 80
Trd, 2590764.046, 100
Trd, 2590764.429, 104
Trd, 2590764.746, 100
Trd, 2590765.596, 86
Trd, 2590767.479, 95
Trd, 2590769.163, 99
Trd, 2590770.246, 100
Trd, 2590770.429, 98
Trd, 2590771.146, 94
Trd, 2590771.296, 100
Trd, 2590772.029, 101
Trd, 2590772.129, 84
Trd, 2590772.463, 99
Trd, 2590775.346, 102
Trd, 2590775.796, 97
Trd, 2590776.346, 97
Trd, 2590776.779, 99
Trd, 2590777.263, 95
Trd, 2590777.379, 95
Trd, 2590778.213, 95
Trd, 2590779.879, 103
Trd, 2590780.029, 105
Trd, 2590781.279, 100
Trd, 2590781.779, 112
Trd, 2590782.013, 101
Trd, 2590782.129, 100
Trd, 2590785.163, 109
Trd, 2590785.813, 98
Trd, 2590785.979, 98
Trd, 2590786.913, 100
Trd, 2590787.546, 95
Trd, 2590787.846, 101
Trd, 2590789.796, 98
Trd, 2590789.929, 98
Trd, 2590790.063, 105
Trd, 2590790.963, 100
Trd, 2590791.146, 99
Trd, 2590791.213, 98
Trd, 2590792.996, 105
Trd, 2590794.346, 94
Trd, 2590795.129, 108
Trd, 2590795.179, 112
Trd, 2590795.813, 85
Trd, 2590795.963, 83
Trd, 2590797.029, 86
Trd, 2590797.496, 96
Trd, 2590798.229, 101
Trd, 2590799.279, 102
Trd, 2590799.496, 99
Trd, 2590801.596, 105
Trd, 2590801.779, 107
Trd, 2590802.013, 106
Trd, 2590802.396, 104
Trd, 2590803.213, 111
Trd, 2590803.296, 104
Trd, 2590803.596, 99
Trd, 2590803.663, 98
Trd, 2590805.246, 97
Trd, 2590806.046, 102
Trd, 2590807.363, 96
Trd, 2590808.413, 96
Trd, 2590808.463, 108
Trd, 2590810.029, 95
Trd, 2590810.329, 101
Trd, 2590812.696, 107
Trd, 2590813.013, 110
Trd, 2590813.763, 101
Trd, 2590814.713, 98
Trd, 2590814.746, 96
Trd, 2590815.513, 94
Trd, 2590816.646, 102
Trd, 2590817.446, 100
Trd, 2590817.946, 83
Trd, 2590819.896, 104
Trd, 2590820.096, 80
Trd, 2590822.546, 100
Trd, 2590822.913, 87
Trd, 2590823.013, 105
Trd, 2590823.279, 86
Trd, 2590823.513, 103
Trd, 2590823.763, 85
Trd, 2590824.246, 92
Trd, 2590826.096, 91
Trd, 2590826.896, 93
Trd, 2590827.213, 92
Trd, 2590827.613, 91
Trd, 2590828.196, 92
Trd, 2590830.379, 98
Trd, 2590830.646, 97
Trd, 2590831.946, 105
Trd, 2590832.029, 107
Trd, 2590833.263, 110
Trd, 2590833.463, 111
Trd, 2590833.763, 111
Trd, 2590833.896, 112
Trd, 2590834.246, 111
Trd, 2590834.379, 112
Trd, 2590834.529, 108
Trd, 2590836.796, 101
Trd, 2590838.863, 100
Trd, 2590839.379, 101
Trd, 2590839.879, 102
Trd, 2590840.629, 102
Trd, 2590842.329, 104
Trd, 2590842.879, 94
Trd, 2590843.329, 106
Trd, 2590845.679, 95
Trd, 2590845.763, 99
Trd, 2590846.013, 101
Trd, 2590846.313, 95
Trd, 2590847.396, 98
Trd, 2590847.929, 96
Trd, 2590848.179, 102
Trd, 2590848.863, 94
Trd, 2590850.429, 88
Trd, 2590851.046, 92
Trd, 2590851.096, 105
Trd, 2590851.279, 111
Trd, 2590851.596, 89
Trd, 2590851.996, 80
Trd, 2590852.729, 100
Trd, 2590853.113, 100
Trd, 2590856.796, 101
Trd, 2590857.129, 108
Trd, 2590857.863, 97
Trd, 2590857.979, 115
Trd, 2590857.996, 97
Trd, 2590858.446, 94
Trd, 2590858.946, 114
Trd, 2590860.063, 107
Trd, 2590861.629, 112
Trd, 2590861.646, 103
Trd, 2590861.779, 101
Trd, 2590863.363, 105
Trd, 2590863.979, 94
Trd, 2590866.329, 102
Trd, 2590867.263, 100
Trd, 2590867.913, 100
Trd, 2590868.213, 95
Trd, 2590869.029, 90
Trd, 2590870.163, 90
Trd, 2590870.363, 92
Trd, 2590870.463, 83
Trd, 2590871.029, 80
Trd, 2590871.596, 77
Trd, 2590872.113, 101
Trd, 2590872.729, 106
Trd, 2590874.896, 98
Trd, 2590875.313, 93
Trd, 2590877.229, 99
Trd, 2590877.396, 104
Trd, 2590877.563, 99
Trd, 2590878.696, 107
Trd, 2590879.846, 105
Trd, 2590879.963, 107
Trd, 2590880.346, 106
Trd, 2590880.779, 105
Trd, 2590881.096, 112
Trd, 2590884.413, 95
Trd, 2590884.913, 105
Trd, 2590885.896, 112
Trd, 2590886.829, 112
Trd, 2590887.246, 96
Trd, 2590887.463, 94
Trd, 2590887.846, 83
Trd, 2590888.496, 122
Trd, 2590889.929, 93
Trd, 2590889.996, 94
Trd, 2590890.929, 98
Trd, 2590891.513, 103
Trd, 2590891.629, 103
Trd, 2590891.663, 102
Trd, 2590892.046, 96
Trd, 2590892.713, 96
Trd, 2590893.963, 94
Trd, 2590894.063, 79
Trd, 2590895.379, 100
Trd, 2590896.079, 105
Trd, 2590896.996, 94
Trd, 2590897.729, 99
Trd, 2590898.796, 102
Trd, 2590898.863, 101
Trd, 2590900.263, 103
Trd, 2590900.863, 104
Trd, 2590901.763, 105
Trd, 2590902.679, 105
Trd, 2590903.329, 104
Trd, 2590903.746, 108
Trd, 2590904.963, 95
Trd, 2590905.163, 94
Trd, 2590905.946, 77
Trd, 2590906.563, 75
Trd, 2590906.663, 95
Trd, 2590908.413, 98
Trd, 2590909.379, 95
Trd, 2590909.929, 96
Trd, 2590910.296, 103
Trd, 2590911.246, 101
Trd, 2590911.829, 102
Trd, 2590912.396, 79
Trd, 2590912.413, 105
Trd, 2590912.513, 110
Trd, 2590913.213, 78
Trd, 2590913.263, 91
Trd, 2590914.146, 112
Trd, 2590917.079, 98
Trd, 2590917.496, 99
Trd, 2590918.613, 100
Trd, 2590918.863, 100
Trd, 2590919.563, 104
Trd, 2590919.863, 105
Trd, 2590919.929, 102
Trd, 2590920.046, 101
Trd, 2590920.613, 100
Trd, 2590921.763, 90
Trd, 2590921.829, 91
Trd, 2590923.479, 91
Trd, 2590924.063, 94
Trd, 2590924.963, 105
Trd, 2590925.446, 110
Trd, 2590927.429, 96
Trd, 2590927.613, 95
Trd, 2590927.796, 94
Trd, 2590928.429, 101
Trd, 2590928.713, 82
Trd, 2590929.213, 101
Trd, 2590930.313, 97
Trd, 2590931.229, 97
Trd, 2590931.479, 96
Trd, 2590931.679, 84
Trd, 2590932.229, 86
Trd, 2590932.896, 99
Trd, 2590934.946, 88
Trd, 2590935.063, 84
Trd, 2590936.046, 102
Trd, 2590936.329, 112
Trd, 2590936.579, 92
Trd, 2590937.513, 92
Trd, 2590938.579, 112
Trd, 2590938.679, 101
Trd, 2590940.346, 103
Trd, 2590940.563, 101
Trd, 2590942.329, 108
Trd, 2590942.479, 97
Trd, 2590942.579, 109
Trd, 2590943.163, 112
Trd, 2590943.246, 96
Trd, 2590944.196, 116
Trd, 2590944.346, 94
Trd, 2590946.296, 118
Trd, 2590946.329, 89
Trd, 2590947.129, 119
Trd, 2590948.496, 83
Trd, 2590950.346, 92
Trd, 2590950.979, 91
Trd, 2590951.513, 92
Trd, 2590952.163, 80
Trd, 2590953.496, 97
Trd, 2590954.813, 98
Trd, 2590956.446, 102
Trd, 2590956.979, 101
Trd, 2590957.396, 101
Trd, 2590958.246, 102
Trd, 2590958.563, 102
Trd, 2590959.413, 103
Trd, 2590960.446, 111
Trd, 2590960.613, 112
Trd, 2590960.829, 110
Trd, 2590961.929, 94
Trd, 2590963.179, 94
Trd, 2590963.763, 107
Trd, 2590964.213, 77
Trd, 2590964.229, 74
Trd, 2590965.029, 95
Trd, 2590965.196, 109
Trd, 2590966.746, 112
Trd, 2590966.863, 91
Trd, 2590966.879, 122
Trd, 2590970.246, 107
Trd, 2590970.313, 108
Trd, 2590970.879, 110
Trd, 2590971.346, 111
Trd, 2590971.629, 109
Trd, 2590971.896, 109
Trd, 2590972.646, 105
Trd, 2590973.146, 102
Trd, 2590973.596, 85
Trd, 2590973.796, 93
Trd, 2590976.146, 87
Trd, 2590976.813, 85
Trd, 2590976.929, 93
Trd, 2590977.646, 100
Trd, 2590977.713, 112
Trd, 2590980.079, 88
Trd, 2590980.196, 90
Trd, 2590980.396, 91
Trd, 2590980.979, 101
Trd, 2590981.813, 92
Trd, 2590984.313, 97
Trd, 2590984.913, 98
Trd, 2590985.529, 99
Trd, 2590985.646, 98
Trd, 2590985.879, 94
Trd, 2590986.463, 89
Trd, 2590986.963, 83
Trd, 2590988.379, 92
Trd, 2590988.563, 105
Trd, 2590988.813, 83
Trd, 2590989.529, 88
Trd, 2590990.713, 99
Trd, 2590990.896, 104
Trd, 2590992.963, 89
Trd, 2590993.713, 96
Trd, 2590994.013, 107
Trd, 2590994.229, 89
Trd, 2590995.896, 97
Trd, 2590996.763, 91
Trd, 2590997.329, 98
Trd, 2590998.363, 97
Trd, 2590998.729, 95
Trd, 2590999.829, 101
Trd, 2591000.046, 105
Trd, 2591000.463, 102
Trd, 2591001.363, 104
Trd, 2591001.546, 112
Trd, 2591001.563, 120
Trd, 2591002.779, 91
Trd, 2591003.629, 92
Trd, 2591004.863, 89
Trd, 2591005.679, 91
Trd, 2591005.979, 87
Trd, 2591007.096, 81
Trd, 2591008.463, 94
Trd, 2591009.229, 98
Trd, 2591009.546, 89
Trd, 2591009.829, 88
Trd, 2591009.913, 101
Trd, 2591010.629, 102
Trd, 2591010.796, 88
Trd, 2591012.979, 99
Trd, 2591013.229, 105
Trd, 2591014.579, 88
Trd, 2591014.713, 109
Trd, 2591015.463, 82
Trd, 2591016.213, 102
Trd, 2591016.946, 99
Trd, 2591019.846, 94
Trd, 2591019.963, 94
Trd, 2591019.996, 97
Trd, 2591021.429, 95
Trd, 2591021.913, 95
Trd, 2591022.963, 101
Trd, 2591023.313, 98
Trd, 2591023.729, 99
Trd, 2591024.496, 105
Trd, 2591025.446, 101
Trd, 2591026.613, 108
Trd, 2591027.129, 105
Trd, 2591027.446, 87
Trd, 2591028.863, 109
Trd, 2591029.913, 86
Trd, 2591029.979, 85
Trd, 2591030.096, 97
Trd, 2591030.579, 96
Trd, 2591032.479, 95
Trd, 2591032.646, 105
Trd, 2591032.963, 97
Trd, 2591033.013, 94
Trd, 2591034.029, 90
Trd, 2591034.329, 102
Trd, 2591034.579, 108
Trd, 2591034.929, 77
Trd, 2591035.946, 81
Trd, 2591036.796, 78
Trd, 2591039.496, 94
Trd, 2591040.063, 80
Trd, 2591040.163, 105
Trd, 2591041.996, 100
Trd, 2591043.446, 100
Trd, 2591043.596, 101
Trd, 2591043.963, 105
Trd, 2591046.229, 105
Trd, 2591046.679, 105
Trd, 2591047.629, 100
Trd, 2591048.163, 101
Trd, 2591048.196, 100
Trd, 2591048.346, 96
Trd, 2591049.013, 94
Trd, 2591049.779, 102
Trd, 2591051.263, 88
Trd, 2591051.413, 91
Trd, 2591051.613, 101
Trd, 2591053.729, 104
Trd, 2591054.463, 105
Trd, 2591055.563, 111
Trd, 2591055.913, 109
Trd, 2591056.713, 106
Trd, 2591056.996, 94
Trd, 2591058.063, 77
Trd, 2591058.696, 76
Trd, 2591060.779, 104
Trd, 2591060.879, 105
Trd, 2591061.796, 86
Trd, 2591063.246, 91
Trd, 2591064.529, 94
Trd, 2591064.979, 99
Trd, 2591065.146, 92
Trd, 2591065.479, 105
Trd, 2591065.496, 92
Trd, 2591066.063, 92
Trd, 2591067.963, 101
Trd, 2591068.063, 100
Trd, 2591068.946, 97
Trd, 2591069.729, 111
Trd, 2591069.746, 110
Trd, 2591071.579, 99
Trd, 2591071.763, 108
Trd, 2591072.696, 96
Trd, 2591075.029, 98
Trd, 2591075.279, 97
Trd, 2591075.363, 99
Trd, 2591075.496, 94
Trd, 2591076.146, 85
Trd, 2591078.729, 97
Trd, 2591078.896, 100
Trd, 2591079.646, 89
Trd, 2591079.879, 105
Trd, 2591080.129, 91
Trd, 2591080.446, 89
Trd, 2591080.546, 108
Trd, 2591082.513, 92
Trd, 2591083.579, 113
Trd, 2591083.946, 100
Trd, 2591086.263, 97
Trd, 2591087.563, 99
Trd, 2591087.729, 111
Trd, 2591088.379, 100
Trd, 2591089.946, 87
Trd, 2591090.413, 95
Trd, 2591090.613, 101
Trd, 2591090.929, 89
Trd, 2591091.279, 90
Trd, 2591091.479, 89
Trd, 2591091.713, 89
Trd, 2591092.813, 92
Trd, 2591093.129, 105
Trd, 2591094.646, 82
Trd, 2591096.363, 99
Trd, 2591096.629, 104
Trd, 2591096.946, 110
Trd, 2591097.496, 112
Trd, 2591099.763, 92
Trd, 2591099.846, 91
Trd, 2591100.513, 95
Trd, 2591100.829, 94
Trd, 2591100.979, 105
Trd, 2591103.429, 99
Trd, 2591104.146, 98
Trd, 2591105.463, 94
Trd, 2591106.363, 95
Trd, 2591106.746, 96
Trd, 2591107.796, 96
Trd, 2591107.879, 98
Trd, 2591108.296, 90
Trd, 2591108.346, 87
Trd, 2591109.629, 83
Trd, 2591110.546, 96
Trd, 2591111.446, 101
Trd, 2591111.513, 105
Trd, 2591113.613, 96
Trd, 2591114.329, 96
Trd, 2591114.746, 97
Trd, 2591115.013, 96
Trd, 2591115.129, 99
Trd, 2591115.163, 84
Trd, 2591115.446, 80
Trd, 2591116.429, 103
Trd, 2591116.863, 104
Trd, 2591117.529, 95
Trd, 2591118.096, 105
Trd, 2591118.629, 94
Trd, 2591120.163, 99
Trd, 2591121.263, 99
Trd, 2591122.113, 98
Trd, 2591122.846, 97
Trd, 2591123.029, 94
Trd, 2591123.196, 90
Trd, 2591124.096, 80
Trd, 2591124.646, 77
Trd, 2591124.863, 93
Trd, 2591126.146, 99
Trd, 2591126.746, 99
Trd, 2591126.996, 92
Trd, 2591127.096, 101
Trd, 2591127.913, 103
Trd, 2591127.946, 105
Trd, 2591128.579, 94
Trd, 2591129.113, 104
Trd, 2591129.413, 103
Trd, 2591129.913, 93
Trd, 2591131.496, 92
Trd, 2591132.413, 101
Trd, 2591132.563, 102
Trd, 2591133.413, 109
Trd, 2591133.579, 84
Trd, 2591133.879, 77
Trd, 2591136.779, 81
Trd, 2591138.079, 97
Trd, 2591138.596, 99
Trd, 2591139.396, 112
Trd, 2591141.096, 97
Trd, 2591141.763, 99
Trd, 2591142.113, 101
Trd, 2591142.479, 102
Trd, 2591143.079, 105
Trd, 2591143.329, 104
Trd, 2591144.846, 113
Trd, 2591145.429, 108
Trd, 2591145.763, 109
Trd, 2591146.896, 107
Trd, 2591146.996, 86
Trd, 2591149.146, 89
Trd, 2591149.829, 88
Trd, 2591151.229, 86
Trd, 2591151.496, 88
Trd, 2591152.096, 89
Trd, 2591152.413, 88
Trd, 2591152.846, 98
Trd, 2591154.363, 97
Trd, 2591154.629, 100
Trd, 2591154.996, 100
Trd, 2591155.146, 99
Trd, 2591155.596, 96
Trd, 2591155.629, 102
Trd, 2591155.879, 105
Trd, 2591156.196, 77
Trd, 2591158.263, 100
Trd, 2591159.596, 103
Trd, 2591160.846, 85
Trd, 2591162.246, 80
Trd, 2591162.879, 80
Trd, 2591164.563, 94
Trd, 2591165.113, 96
Trd, 2591165.129, 99
Trd, 2591167.629, 91
Trd, 2591168.479, 101
Trd, 2591168.646, 105
Trd, 2591169.463, 103
Trd, 2591170.896, 103
Trd, 2591171.113, 102
Trd, 2591172.263, 79
Trd, 2591172.679, 100
Trd, 2591173.163, 97
Trd, 2591174.413, 112
Trd, 2591175.196, 87
Trd, 2591175.746, 86
Trd, 2591176.763, 93
Trd, 2591177.279, 91
Trd, 2591177.329, 92
Trd, 2591177.796, 87
Trd, 2591181.229, 94
Trd, 2591181.863, 97
Trd, 2591181.913, 95
Trd, 2591182.779, 96
Trd, 2591184.179, 97
Trd, 2591185.079, 90
Trd, 2591186.729, 99
Trd, 2591186.946, 101
Trd, 2591187.163, 98
Trd, 2591187.213, 116
Trd, 2591188.729, 92
Trd, 2591189.063, 117
Trd, 2591190.296, 98
Trd, 2591190.446, 95
Trd, 2591190.529, 95
Trd, 2591191.013, 94
Trd, 2591191.213, 110
Trd, 2591191.629, 100
Trd, 2591191.779, 86
Trd, 2591192.046, 111
Trd, 2591192.063, 79
Trd, 2591192.646, 97
Trd, 2591192.813, 101
Trd, 2591194.213, 80
Trd, 2591196.213, 96
Trd, 2591198.163, 90
Trd, 2591198.279, 92
Trd, 2591200.213, 100
Trd, 2591200.246, 105
Trd, 2591201.213, 105
Trd, 2591201.329, 106
Trd, 2591201.963, 100
Trd, 2591202.029, 99
Trd, 2591202.263, 109
Trd, 2591204.596, 100
Trd, 2591205.313, 104
Trd, 2591205.396, 100
Trd, 2591205.813, 99
Trd, 2591206.896, 108
Trd, 2591207.379, 94
Trd, 2591208.629, 77
Trd, 2591209.129, 110
Trd, 2591209.896, 99
Trd, 2591210.196, 81
Trd, 2591210.513, 112
Trd, 2591210.563, 77
Trd, 2591210.729, 77
Trd, 2591212.613, 82
Trd, 2591213.029, 75
Trd, 2591213.296, 100
Trd, 2591214.179, 103
Trd, 2591215.446, 89
Trd, 2591216.129, 90
Trd, 2591217.629, 97
Trd, 2591217.913, 97
Trd, 2591218.679, 92
Trd, 2591220.563, 101
Trd, 2591220.746, 107
Trd, 2591221.829, 104
Trd, 2591222.096, 107
Trd, 2591223.479, 102
Trd, 2591224.029, 102
Trd, 2591224.096, 101
Trd, 2591225.079, 116
Trd, 2591227.079, 102
Trd, 2591227.346, 117
Trd, 2591228.413, 103
Trd, 2591229.263, 95
Trd, 2591230.246, 109
Trd, 2591231.796, 96
Trd, 2591232.229, 95
Trd, 2591232.863, 88
Trd, 2591233.113, 97
Trd, 2591235.146, 92
Trd, 2591235.863, 99
Trd, 2591236.579, 95
Trd, 2591237.363, 92
Trd, 2591237.563, 103
Trd, 2591237.946, 104
Trd, 2591238.129, 105
Trd, 2591238.513, 95
Trd, 2591239.063, 87
Trd, 2591240.229, 90
Trd, 2591242.329, 105
Trd, 2591243.463, 102
Trd, 2591243.663, 100
Trd, 2591243.863, 100
Trd, 2591245.079, 102
Trd, 2591245.579, 102
Trd, 2591246.679, 95
Trd, 2591246.729, 94
Trd, 2591246.913, 100
Trd, 2591248.529, 95
Trd, 2591248.579, 90
Trd, 2591249.863, 97
Trd, 2591249.913, 106
Trd, 2591250.329, 108
Trd, 2591251.529, 101
Trd, 2591251.863, 102
Trd, 2591251.996, 99
Trd, 2591252.529, 105
Trd, 2591253.096, 94
Trd, 2591254.279, 112
Trd, 2591254.679, 117
Trd, 2591255.813, 101
Trd, 2591256.263, 99
Trd, 2591257.813, 98
Trd, 2591258.596, 92
Trd, 2591259.063, 98
Trd, 2591259.079, 101
Trd, 2591259.813, 105
Trd, 2591260.679, 96
Trd, 2591260.779, 108
Trd, 2591261.913, 98
Trd, 2591263.013, 99
Trd, 2591264.596, 94
Trd, 2591264.729, 93
Trd, 2591266.429, 103
Trd, 2591266.446, 82
Trd, 2591267.613, 79
Trd, 2591267.729, 103
Trd, 2591267.896, 112
Trd, 2591268.279, 108
Trd, 2591268.846, 78
Trd, 2591271.163, 111
Trd, 2591271.613, 113
Trd, 2591271.846, 113
Trd, 2591273.063, 118
Trd, 2591273.313, 117
Trd, 2591274.279, 112
Trd, 2591274.396, 94
Trd, 2591276.329, 115
Trd, 2591276.479, 108
Trd, 2591277.996, 92
Trd, 2591278.363, 100
Trd, 2591278.396, 99
Trd, 2591278.446, 93
Trd, 2591280.679, 99
Trd, 2591280.796, 98
Trd, 2591280.846, 96
Trd, 2591280.863, 94
Trd, 2591282.579, 98
Trd, 2591282.696, 105
Trd, 2591283.096, 95
Trd, 2591286.713, 90
Trd, 2591287.279, 92
Trd, 2591287.846, 90
Trd, 2591288.229, 95
Trd, 2591288.346, 90
Trd, 2591289.329, 98
Trd, 2591291.496, 96
Trd, 2591291.929, 82
Trd, 2591291.946, 81
Trd, 2591292.446, 93
Trd, 2591293.546, 102
Trd, 2591293.763, 95
Trd, 2591294.146, 82
Trd, 2591295.496, 91
Trd, 2591297.246, 105
Trd, 2591297.663, 106
Trd, 2591297.996, 108
Trd, 2591298.229, 107
Trd, 2591298.263, 112
Trd, 2591298.829, 106
Trd, 2591299.579, 106
Trd, 2591301.629, 100
Trd, 2591304.679, 86
Trd, 2591304.696, 85
Trd, 2591304.846, 97
Trd, 2591304.913, 98
Trd, 2591305.496, 102
Trd, 2591307.829, 83
Trd, 2591309.046, 92
Trd, 2591309.213, 78
Trd, 2591309.646, 105
Trd, 2591310.429, 112
Trd, 2591310.963, 110
Trd, 2591311.596, 79
Trd, 2591312.363, 100
Trd, 2591312.829, 83
Trd, 2591313.829, 98
Trd, 2591313.929, 84
Trd, 2591313.996, 82
Trd, 2591315.113, 112
Trd, 2591315.729, 83
Trd, 2591316.663, 87
Trd, 2591318.179, 91
Trd, 2591318.196, 85
Trd, 2591318.329, 96
Trd, 2591319.629, 89
Trd, 2591321.313, 93
Trd, 2591321.713, 102
Trd, 2591322.363, 104
Trd, 2591323.579, 107
Trd, 2591324.529, 116
Trd, 2591324.746, 112
Trd, 2591324.846, 122
Trd, 2591325.096, 125
Trd, 2591326.863, 99
Trd, 2591327.013, 96
Trd, 2591327.196, 94
Trd, 2591328.179, 105
Trd, 2591329.063, 95
Trd, 2591329.496, 101
Trd, 2591331.396, 95
Trd, 2591331.696, 94
Trd, 2591332.763, 87
Trd, 2591335.596, 88
Trd, 2591335.729, 93
Trd, 2591336.079, 83
Trd, 2591336.296, 92
Trd, 2591338.013, 101
Trd, 2591339.163, 102
Trd, 2591339.213, 103
Trd, 2591339.529, 104
Trd, 2591339.879, 79
Trd, 2591340.313, 77
Trd, 2591340.929, 103
Trd, 2591341.429, 80
Trd, 2591343.296, 105
Trd, 2591343.929, 84
Trd, 2591345.663, 111
Trd, 2591346.129, 111
Trd, 2591346.646, 102
Trd, 2591348.996, 100
Trd, 2591349.179, 99
Trd, 2591349.196, 98
Trd, 2591349.446, 101
Trd, 2591350.063, 94
Trd, 2591352.029, 96
Trd, 2591352.379, 94
Trd, 2591352.513, 92
Trd, 2591352.696, 82
Trd, 2591353.379, 106
Trd, 2591354.813, 87
Trd, 2591356.229, 92
Trd, 2591357.196, 102
Trd, 2591358.529, 92
Trd, 2591359.079, 92
Trd, 2591359.196, 92
Trd, 2591359.763, 93
Trd, 2591359.846, 92
Trd, 2591360.429, 92
Trd, 2591360.479, 103
Trd, 2591363.946, 103
Trd, 2591365.179, 111
Trd, 2591365.496, 101
Trd, 2591365.713, 112
Trd, 2591365.863, 96
Trd, 2591366.179, 95
Trd, 2591367.746, 95
Trd, 2591367.963, 94
Trd, 2591369.613, 95
Trd, 2591370.579, 85
Trd, 2591371.329, 95
Trd, 2591372.663, 92
Trd, 2591373.263, 101
Trd, 2591374.346, 96
Trd, 2591374.746, 95
Trd, 2591374.996, 98
Trd, 2591376.646, 94
Trd, 2591377.096, 103
Trd, 2591377.446, 91
Trd, 2591378.896, 80
Trd, 2591381.263, 91
Trd, 2591381.379, 92
Trd, 2591381.446, 101
Trd, 2591382.496, 94
Trd, 2591382.813, 93
Trd, 2591384.013, 105
Trd, 2591384.113, 87
Trd, 2591385.546, 85
Trd, 2591385.846, 105
Trd, 2591386.113, 95
Trd, 2591386.679, 107
Trd, 2591386.929, 108
Trd, 2591389.629, 112
Trd, 2591389.846, 104
Trd, 2591390.496, 122
Trd, 2591391.413, 113
Trd, 2591391.446, 112
Trd, 2591392.813, 110
Trd, 2591392.863, 111
Trd, 2591392.929, 109
Trd, 2591393.779, 95
Trd, 2591395.913, 97
Trd, 2591396.229, 101
Trd, 2591397.096, 105
Trd, 2591397.796, 98
Trd, 2591398.463, 97
Trd, 2591398.596, 95
Trd, 2591399.146, 98
Trd, 2591399.929, 86
Trd, 2591401.763, 98
Trd, 2591402.929, 110
Trd, 2591403.496, 81
Trd, 2591403.713, 111
Trd, 2591405.279, 101
Trd, 2591405.479, 100
Trd, 2591406.029, 99
Trd, 2591406.929, 101
Trd, 2591407.296, 100
Trd, 2591408.179, 100
Trd, 2591409.163, 96
Trd, 2591409.946, 111
Trd, 2591410.596, 99
Trd, 2591410.913, 98
Trd, 2591412.179, 111
Trd, 2591412.329, 105
Trd, 2591412.896, 103
Trd, 2591413.396, 93
Trd, 2591413.913, 84
Trd, 2591415.046, 77
Trd, 2591416.996, 81
Trd, 2591419.146, 92
Trd, 2591419.479, 92
Trd, 2591420.013, 92
Trd, 2591420.096, 98
Trd, 2591421.746, 97
Trd, 2591423.046, 99
Trd, 2591423.213, 103
Trd, 2591424.096, 104
Trd, 2591424.313, 105
Trd, 2591425.129, 95
Trd, 2591426.096, 88
Trd, 2591427.629, 90
Trd, 2591427.879, 90
Trd, 2591428.079, 95
Trd, 2591428.396, 96
Trd, 2591429.296, 93
Trd, 2591429.379, 88
Trd, 2591430.313, 102
Trd, 2591430.546, 105
Trd, 2591431.146, 104
Trd, 2591432.796, 89
Trd, 2591433.196, 104
Trd, 2591434.746, 95
Trd, 2591436.146, 95
Trd, 2591436.279, 94
Trd, 2591436.596, 93
Trd, 2591437.529, 89
Trd, 2591438.329, 89
Trd, 2591438.913, 91
Trd, 2591438.946, 86
Trd, 2591439.296, 105
Trd, 2591440.146, 93
Trd, 2591440.296, 112
Trd, 2591440.779, 116
Trd, 2591442.246, 103
Trd, 2591442.929, 83
Trd, 2591443.113, 110
Trd, 2591443.663, 82
Trd, 2591443.679, 80
Trd, 2591445.579, 101
Trd, 2591446.479, 85
Trd, 2591448.463, 98
Trd, 2591449.796, 99
Trd, 2591450.529, 92
Trd, 2591451.896, 98
Trd, 2591452.029, 99
Trd, 2591452.279, 94
Trd, 2591452.679, 101
Trd, 2591454.179, 99
Trd, 2591454.513, 97
Trd, 2591454.529, 98
Trd, 2591454.713, 112
Trd, 2591454.796, 94
Trd, 2591457.963, 100
Trd, 2591458.329, 108
Trd, 2591458.363, 101
Trd, 2591459.246, 101
Trd, 2591459.579, 112
Trd, 2591459.913, 122
Trd, 2591460.163, 104
Trd, 2591460.546, 85
Trd, 2591462.146, 80
Trd, 2591464.213, 88
Trd, 2591464.346, 96
Trd, 2591464.546, 98
Trd, 2591464.679, 98
Trd, 2591465.513, 83
Trd, 2591465.713, 84
Trd, 2591466.996, 85
Trd, 2591467.729, 96
Trd, 2591467.979, 80
Trd, 2591468.579, 98
Trd, 2591468.829, 99
Trd, 2591469.063, 86
Trd, 2591470.946, 98
Trd, 2591472.246, 97
Trd, 2591472.746, 105
Trd, 2591473.463, 94
Trd, 2591475.063, 91
Trd, 2591475.429, 91
Trd, 2591477.813, 101
Trd, 2591478.063, 100
Trd, 2591478.196, 99
Trd, 2591479.329, 101
Trd, 2591479.779, 103
Trd, 2591479.829, 112
Trd, 2591481.329, 108
Trd, 2591482.013, 101
Trd, 2591482.096, 113
Trd, 2591482.496, 94
Trd, 2591482.679, 115
Trd, 2591483.996, 74
Trd, 2591484.163, 78
Trd, 2591484.863, 76
Trd, 2591485.479, 102
Trd, 2591486.429, 105
Trd, 2591488.796, 110
Trd, 2591489.813, 109
Trd, 2591489.879, 94
Trd, 2591490.113, 112
Trd, 2591490.746, 115
Trd, 2591490.979, 109
Trd, 2591491.346, 110
Trd, 2591491.363, 90
Trd, 2591492.513, 112
Trd, 2591493.879, 91
Trd, 2591494.529, 84
Trd, 2591495.063, 100
Trd, 2591495.146, 80
Trd, 2591496.413, 84
Trd, 2591496.746, 85
Trd, 2591498.446, 97
Trd, 2591499.913, 98
Trd, 2591500.263, 99
Trd, 2591500.946, 99
Trd, 2591501.079, 98
Trd, 2591502.513, 101
Trd, 2591503.313, 101
Trd, 2591503.346, 103
Trd, 2591504.079, 105
Trd, 2591506.163, 101
Trd, 2591506.679, 111
Trd, 2591507.329, 103
Trd, 2591507.513, 97
Trd, 2591507.729, 94
Trd, 2591508.196, 100
Trd, 2591509.013, 78
Trd, 2591509.746, 77
Trd, 2591511.529, 101
Trd, 2591512.113, 114
Trd, 2591512.563, 84
Trd, 2591514.379, 98
Trd, 2591515.813, 102
Trd, 2591515.896, 107
Trd, 2591516.363, 101
Trd, 2591516.996, 99
Trd, 2591518.029, 96
Trd, 2591519.013, 102
Trd, 2591519.096, 104
Trd, 2591519.696, 98
Trd, 2591520.929, 105
Trd, 2591521.979, 114
Trd, 2591522.429, 101
Trd, 2591522.879, 100
Trd, 2591524.279, 110
Trd, 2591524.346, 95
Trd, 2591525.329, 116
Trd, 2591525.446, 94
Trd, 2591525.863, 81
Trd, 2591526.246, 77
Trd, 2591526.496, 98
Trd, 2591527.146, 97
Trd, 2591527.379, 105
Trd, 2591529.363, 108
Trd, 2591530.329, 108
Trd, 2591531.479, 107
Trd, 2591531.613, 108
Trd, 2591532.563, 103
Trd, 2591533.263, 104
Trd, 2591533.963, 112
Trd, 2591535.779, 108
Trd, 2591535.829, 107
Trd, 2591536.696, 101
Trd, 2591538.196, 90
Trd, 2591539.013, 91
Trd, 2591539.479, 96
Trd, 2591539.813, 91
Trd, 2591541.196, 94
Trd, 2591541.796, 98
Trd, 2591541.979, 93
Trd, 2591542.279, 104
Trd, 2591542.963, 91
Trd, 2591543.413, 111
Trd, 2591544.129, 93
Trd, 2591545.713, 109
Trd, 2591546.363, 109
Trd, 2591546.429, 108
Trd, 2591546.963, 110
Trd, 2591547.596, 112
Trd, 2591548.396, 109
Trd, 2591548.663, 78
Trd, 2591549.779, 89
Trd, 2591549.829, 81
Trd, 2591550.146, 91
Trd, 2591551.429, 101
Trd, 2591553.546, 104
Trd, 2591555.796, 106
Trd, 2591556.179, 108
Trd, 2591556.746, 112
Trd, 2591557.879, 110
Trd, 2591557.929, 109
Trd, 2591558.413, 110
Trd, 2591558.929, 108
Trd, 2591560.696, 100
Trd, 2591560.946, 101
Trd, 2591560.979, 100
Trd, 2591561.663, 102
Trd, 2591562.213, 95
Trd, 2591563.563, 96
Trd, 2591565.196, 96
Trd, 2591566.929, 110
Trd, 2591567.129, 110
Trd, 2591567.829, 111
Trd, 2591567.896, 112
Trd, 2591568.063, 110
Trd, 2591568.896, 115
Trd, 2591570.113, 120
Trd, 2591570.396, 116
Trd, 2591571.513, 112
Trd, 2591572.296, 94
Trd, 2591572.529, 84
Trd, 2591572.613, 79
Trd, 2591573.763, 97
Trd, 2591573.829, 99
Trd, 2591573.946, 77
Trd, 2591575.346, 99
Trd, 2591575.613, 106
Trd, 2591575.813, 88
Trd, 2591576.196, 112
Trd, 2591576.546, 85
Trd, 2591577.563, 118
Trd, 2591578.796, 86
Trd, 2591580.596, 102
Trd, 2591581.096, 96
Trd, 2591581.463, 105
Trd, 2591581.613, 97
Trd, 2591583.346, 102
Trd, 2591583.429, 101
Trd, 2591583.679, 105
Trd, 2591584.913, 105
Trd, 2591585.346, 105
Trd, 2591585.429, 103
Trd, 2591585.496, 112
Trd, 2591586.896, 91
Trd, 2591587.496, 105
Trd, 2591587.629, 87
Trd, 2591587.646, 112
Trd, 2591589.179, 79
Trd, 2591589.946, 78
Trd, 2591590.579, 70
Trd, 2591592.479, 92
Trd, 2591592.779, 100
Trd, 2591593.863, 105
Trd, 2591594.313, 97
Trd, 2591595.429, 112
Trd, 2591595.629, 115
Trd, 2591596.013, 100
Trd, 2591597.146, 107
Trd, 2591597.346, 108
Trd, 2591597.396, 107
Trd, 2591597.446, 104
Trd, 2591597.813, 94
Trd, 2591600.279, 87
Trd, 2591600.546, 103
Trd, 2591601.929, 88
Trd, 2591602.296, 88
Trd, 2591603.263, 92
Trd, 2591603.946, 91
Trd, 2591604.063, 103
Trd, 2591605.163, 91
Trd, 2591606.079, 101
Trd, 2591606.579, 101
Trd, 2591607.663, 115
Trd, 2591608.863, 86
Trd, 2591609.163, 77
Trd, 2591610.179, 112
Trd, 2591611.479, 98
Trd, 2591611.596, 97
Trd, 2591612.363, 100
Trd, 2591612.429, 98
Trd, 2591613.996, 97
Trd, 2591614.263, 99
Trd, 2591614.879, 98
Trd, 2591614.929, 100
Trd, 2591616.046, 99
Trd, 2591616.063, 104
Trd, 2591616.913, 101
Trd, 2591617.879, 100
Trd, 2591618.813, 94
Trd, 2591618.863, 94
Trd, 2591620.863, 100
Trd, 2591621.663, 105
Trd, 2591621.929, 102
Trd, 2591622.313, 101
Trd, 2591623.296, 98
Trd, 2591625.496, 95
Trd, 2591625.646, 104
Trd, 2591626.179, 94
Trd, 2591626.663, 96
Trd, 2591627.013, 110
Trd, 2591627.346, 111
Trd, 2591628.413, 112
Trd, 2591630.163, 101
Trd, 2591630.279, 98
Trd, 2591630.529, 97
Trd, 2591630.729, 101
Trd, 2591633.029, 96
Trd, 2591633.829, 105
Trd, 2591634.963, 98
Trd, 2591635.729, 112
Trd, 2591636.246, 94
Trd, 2591636.879, 91
Trd, 2591637.263, 88
Trd, 2591638.846, 104
Trd, 2591639.079, 104
Trd, 2591639.213, 105
Trd, 2591639.396, 92
Trd, 2591639.463, 105
Trd, 2591640.646, 91
Trd, 2591642.463, 79
Trd, 2591644.146, 100
Trd, 2591645.229, 88
Trd, 2591645.396, 92
Trd, 2591646.679, 92
Trd, 2591647.496, 92
Trd, 2591647.596, 84
Trd, 2591648.846, 111
Trd, 2591649.346, 85
Trd, 2591650.746, 104
Trd, 2591651.363, 112
Trd, 2591652.463, 93
Trd, 2591653.529, 94
Trd, 2591654.263, 95
Trd, 2591654.913, 97
Trd, 2591656.863, 97
Trd, 2591657.146, 100
Trd, 2591657.629, 111
Trd, 2591658.963, 98
Trd, 2591659.529, 101
Trd, 2591659.679, 112
Trd, 2591659.896, 100
Trd, 2591659.979, 99
Trd, 2591660.163, 116
Trd, 2591660.779, 94
Trd, 2591660.979, 116
Trd, 2591661.696, 92
Trd, 2591662.429, 112
Trd, 2591663.263, 99
Trd, 2591663.546, 92
Trd, 2591664.796, 101
Trd, 2591666.196, 102
Trd, 2591667.246, 100
Trd, 2591667.663, 100
Trd, 2591669.146, 94
Trd, 2591670.013, 82
Trd, 2591671.063, 82
Trd, 2591671.896, 95
Trd, 2591672.363, 84
Trd, 2591672.646, 98
Trd, 2591673.779, 89
Trd, 2591674.079, 99
Trd, 2591674.279, 104
Trd, 2591674.863, 90
Trd, 2591676.113, 91
Trd, 2591676.329, 105
Trd, 2591676.929, 110
Trd, 2591677.696, 98
Trd, 2591679.463, 112
Trd, 2591679.763, 99
Trd, 2591680.096, 98
Trd, 2591680.996, 93
Trd, 2591681.013, 92
Trd, 2591681.113, 104
Trd, 2591682.513, 79
Trd, 2591684.029, 99
Trd, 2591684.179, 91
Trd, 2591685.413, 99
Trd, 2591686.063, 85
Trd, 2591687.179, 92
Trd, 2591687.213, 98
Trd, 2591688.096, 90
Trd, 2591688.579, 91
Trd, 2591688.846, 101
Trd, 2591690.013, 104
Trd, 2591690.096, 93
Trd, 2591691.863, 96
Trd, 2591692.113, 97
Trd, 2591692.846, 99
Trd, 2591694.213, 82
Trd, 2591694.229, 81
Trd, 2591694.713, 101
Trd, 2591695.363, 105
Trd, 2591697.263, 92
Trd, 2591700.046, 97
Trd, 2591700.879, 95
Trd, 2591701.163, 96
Trd, 2591701.513, 105
Trd, 2591701.979, 110
Trd, 2591702.246, 100
Trd, 2591703.163, 99
Trd, 2591703.346, 97
Trd, 2591703.779, 100
Trd, 2591704.246, 97
Trd, 2591704.479, 94
Trd, 2591704.963, 112
Trd, 2591706.346, 94
Trd, 2591706.796, 91
Trd, 2591707.929, 82
Trd, 2591708.046, 99
Trd, 2591708.196, 102
Trd, 2591708.546, 88
Trd, 2591709.029, 82
Trd, 2591710.829, 100
Trd, 2591711.379, 97
Trd, 2591712.596, 101
Trd, 2591713.513, 101
Trd, 2591713.646, 105
Trd, 2591714.413, 103
Trd, 2591714.779, 104
Trd, 2591714.946, 105
Trd, 2591715.629, 93
Trd, 2591716.729, 110
Trd, 2591716.746, 112
Trd, 2591717.313, 112
Trd, 2591720.563, 120
Trd, 2591720.646, 115
Trd, 2591721.279, 116
Trd, 2591721.379, 115
Trd, 2591721.629, 114
Trd, 2591721.746, 106
Trd, 2591723.763, 97
Trd, 2591724.129, 108
Trd, 2591726.029, 95
Trd, 2591726.163, 91
Trd, 2591726.929, 95
Trd, 2591727.713, 96
Trd, 2591728.163, 96
Trd, 2591729.129, 96
Trd, 2591729.646, 95
Trd, 2591730.463, 95
Trd, 2591730.696, 98
Trd, 2591730.979, 94
Trd, 2591731.979, 96
Trd, 2591732.979, 99
Trd, 2591734.029, 98
Trd, 2591734.646, 91
Trd, 2591734.879, 92
Trd, 2591736.696, 91
Trd, 2591738.529, 101
Trd, 2591739.146, 101
Trd, 2591739.613, 101
Trd, 2591739.663, 105
Trd, 2591740.896, 99
Trd, 2591740.963, 92
Trd, 2591741.246, 90
Trd, 2591741.829, 105
Trd, 2591744.029, 88
Trd, 2591744.296, 88
Trd, 2591744.663, 110
Trd, 2591746.496, 112
Trd, 2591747.363, 93
Trd, 2591749.579, 100
Trd, 2591749.879, 91
Trd, 2591750.246, 104
Trd, 2591750.696, 104
Trd, 2591750.713, 82
Trd, 2591750.913, 116
Trd, 2591753.063, 90
Trd, 2591753.079, 89
Trd, 2591755.713, 93
Trd, 2591755.813, 91
Trd, 2591756.446, 92
Trd, 2591756.663, 92
Trd, 2591756.679, 98
Trd, 2591757.363, 100
Trd, 2591758.046, 90
Trd, 2591758.263, 106
Trd, 2591758.279, 87
Trd, 2591758.613, 100
Trd, 2591759.046, 108
Trd, 2591760.613, 105
Trd, 2591761.779, 81
Trd, 2591762.646, 80
Trd, 2591764.413, 102
Trd, 2591765.263, 102
Trd, 2591765.763, 79
Trd, 2591766.796, 80
Trd, 2591766.813, 105
Trd, 2591768.179, 82
Trd, 2591769.813, 91
Trd, 2591770.296, 98
Trd, 2591771.746, 97
Trd, 2591774.363, 106
Trd, 2591774.913, 98
Trd, 2591775.629, 99
Trd, 2591775.829, 95
Trd, 2591777.479, 111
Trd, 2591778.029, 114
Trd, 2591779.579, 114
Trd, 2591780.079, 116
Trd, 2591780.329, 119
Trd, 2591780.413, 117
Trd, 2591780.679, 115
Trd, 2591781.313, 114
Trd, 2591782.879, 112
Trd, 2591783.029, 113
Trd, 2591783.113, 97
Trd, 2591783.613, 101
Trd, 2591783.946, 117
Trd, 2591784.763, 105
Trd, 2591785.263, 104
Trd, 2591787.446, 106
Trd, 2591787.946, 104
Trd, 2591788.496, 106
Trd, 2591788.513, 105
Trd, 2591788.663, 107
Trd, 2591789.579, 108
Trd, 2591791.279, 99
Trd, 2591791.463, 98
Trd, 2591791.646, 94
Trd, 2591791.813, 91
Trd, 2591793.346, 86
Trd, 2591794.163, 100
Trd, 2591794.346, 105
Trd, 2591795.896, 108
Trd, 2591797.196, 98
Trd, 2591797.929, 97
Trd, 2591798.579, 102
Trd, 2591799.046, 82
Trd, 2591800.263, 109
Trd, 2591801.046, 90
Trd, 2591801.529, 97
Trd, 2591801.596, 112
Trd, 2591801.879, 87
Trd, 2591803.113, 87
Trd, 2591803.646, 88
Trd, 2591803.679, 110
Trd, 2591804.813, 91
Trd, 2591804.879, 88
Trd, 2591805.763, 97
Trd, 2591805.896, 87
Trd, 2591805.963, 81
Trd, 2591806.029, 78
Trd, 2591807.746, 100
Trd, 2591808.846, 102
Trd, 2591809.896, 97
Trd, 2591810.496, 108
Trd, 2591810.663, 109
Trd, 2591810.746, 112
Trd, 2591811.079, 94
Trd, 2591812.529, 112
Trd, 2591813.663, 104
Trd, 2591815.596, 102
Trd, 2591816.279, 100
Trd, 2591817.363, 101
Trd, 2591817.496, 96
Trd, 2591818.163, 98
Trd, 2591820.463, 102
Trd, 2591820.679, 108
Trd, 2591821.546, 94
Trd, 2591822.296, 82
Trd, 2591823.096, 93
Trd, 2591823.513, 94
Trd, 2591823.563, 105
Trd, 2591824.346, 112
Trd, 2591825.546, 93
Trd, 2591826.379, 98
Trd, 2591828.113, 110
Trd, 2591828.213, 109
Trd, 2591828.296, 99
Trd, 2591829.063, 111
Trd, 2591829.179, 104
Trd, 2591830.746, 105
Trd, 2591831.779, 107
Trd, 2591831.896, 106
Trd, 2591832.929, 111
Trd, 2591833.029, 108
Trd, 2591834.013, 94
Trd, 2591834.363, 101
Trd, 2591834.429, 112
Trd, 2591835.046, 115
Trd, 2591835.763, 81
Trd, 2591836.779, 104
Trd, 2591837.629, 100
Trd, 2591838.013, 91
Trd, 2591840.146, 101
Trd, 2591840.746, 101
Trd, 2591840.929, 101
Trd, 2591841.613, 101
Trd, 2591841.763, 103
Trd, 2591842.613, 102
Trd, 2591843.729, 99
Trd, 2591846.513, 101
Trd, 2591847.063, 94
Trd, 2591848.479, 105
Trd, 2591848.779, 100
Trd, 2591849.513, 106
Trd, 2591850.896, 111
Trd, 2591851.263, 112
Trd, 2591851.696, 111
Trd, 2591851.829, 111
Trd, 2591851.846, 112
Trd, 2591852.113, 110
Trd, 2591852.463, 99
Trd, 2591852.696, 94
Trd, 2591853.963, 80
Trd, 2591855.363, 98
Trd, 2591855.446, 97
Trd, 2591855.463, 99
Trd, 2591856.029, 94
Trd, 2591856.946, 77
Trd, 2591857.446, 96
Trd, 2591859.896, 101
Trd, 2591860.413, 97
Trd, 2591860.879, 100
Trd, 2591861.629, 101
Trd, 2591862.196, 88
Trd, 2591862.513, 92
Trd, 2591863.496, 97
Trd, 2591865.429, 86
Trd, 2591866.146, 89
Trd, 2591867.296, 91
Trd, 2591867.796, 92
Trd, 2591867.963, 100
Trd, 2591869.129, 99
Trd, 2591869.813, 74
Trd, 2591870.046, 101
Trd, 2591870.129, 105
Trd, 2591870.429, 112
Trd, 2591871.996, 86
Trd, 2591873.363, 103
Trd, 2591874.079, 103
Trd, 2591874.413, 105
Trd, 2591875.729, 108
Trd, 2591876.596, 111
Trd, 2591876.779, 111
Trd, 2591877.013, 112
Trd, 2591878.696, 118
Trd, 2591878.913, 117
Trd, 2591878.929, 94
Trd, 2591879.263, 100
Trd, 2591879.663, 109
Trd, 2591881.163, 90
Trd, 2591882.129, 92
Trd, 2591882.746, 81
Trd, 2591882.879, 96
Trd, 2591882.929, 112
Trd, 2591884.913, 110
Trd, 2591886.063, 101
Trd, 2591886.696, 102
Trd, 2591886.996, 102
Trd, 2591887.879, 92
Trd, 2591889.929, 94
Trd, 2591889.979, 81
Trd, 2591890.413, 78
Trd, 2591891.396, 97
Trd, 2591891.829, 96
Trd, 2591892.229, 98
Trd, 2591892.946, 93
Trd, 2591893.363, 101
Trd, 2591893.563, 105
Trd, 2591893.779, 85
Trd, 2591895.796, 99
Trd, 2591896.129, 101
Trd, 2591896.796, 86
Trd, 2591897.996, 92
Trd, 2591899.996, 92
Trd, 2591900.629, 95
Trd, 2591900.913, 102
Trd, 2591902.713, 99
Trd, 2591903.163, 100
Trd, 2591903.329, 94
Trd, 2591903.546, 101
Trd, 2591904.029, 100
Trd, 2591905.996, 100
Trd, 2591906.463, 99
Trd, 2591906.979, 95
Trd, 2591907.396, 97
Trd, 2591907.579, 100
Trd, 2591907.963, 101
Trd, 2591908.713, 105
Trd, 2591908.979, 96
Trd, 2591909.379, 94
Trd, 2591910.146, 88
Trd, 2591911.796, 77
Trd, 2591911.946, 111
Trd, 2591913.679, 82
Trd, 2591914.246, 112
Trd, 2591915.196, 104
Trd, 2591916.679, 103
Trd, 2591917.129, 91
Trd, 2591918.246, 116
Trd, 2591918.363, 118
Trd, 2591919.596, 102
Trd, 2591919.979, 108
Trd, 2591920.079, 114
Trd, 2591920.113, 90
Trd, 2591921.413, 112
Trd, 2591923.229, 91
Trd, 2591923.679, 92
Trd, 2591925.263, 96
Trd, 2591925.813, 110
Trd, 2591926.729, 99
Trd, 2591927.329, 98
Trd, 2591927.979, 82
Trd, 2591928.263, 106
Trd, 2591928.963, 112
Trd, 2591930.879, 79
Trd, 2591931.046, 101
Trd, 2591931.229, 87
Trd, 2591932.113, 92
Trd, 2591932.629, 100
Trd, 2591935.579, 100
Trd, 2591936.113, 102
Trd, 2591937.079, 104
Trd, 2591938.163, 104
Trd, 2591938.496, 102
Trd, 2591938.829, 105
Trd, 2591939.246, 95
Trd, 2591939.346, 108
Trd, 2591939.379, 94
Trd, 2591940.213, 87
Trd, 2591941.129, 93
Trd, 2591942.313, 95
Trd, 2591942.829, 96
Trd, 2591944.363, 102
Trd, 2591944.446, 105
Trd, 2591944.763, 91
Trd, 2591944.929, 112
Trd, 2591945.279, 90
Trd, 2591947.263, 91
Trd, 2591947.779, 97
Trd, 2591947.896, 98
Trd, 2591948.229, 98
Trd, 2591948.363, 98
Trd, 2591949.163, 103
Trd, 2591949.596, 105
Trd, 2591950.096, 99
Trd, 2591950.263, 112
Trd, 2591952.246, 98
Trd, 2591954.079, 115
Trd, 2591954.296, 99
Trd, 2591954.329, 87
Trd, 2591956.079, 82
Trd, 2591956.746, 81
Trd, 2591957.013, 110
Trd, 2591958.429, 79
Trd, 2591958.579, 96
Trd, 2591959.279, 111
Trd, 2591960.063, 99
Trd, 2591960.613, 99
Trd, 2591961.663, 89
Trd, 2591962.796, 91
Trd, 2591962.996, 92
Trd, 2591963.346, 105
Trd, 2591963.829, 110
Trd, 2591964.779, 80
Trd, 2591965.829, 77
Trd, 2591966.379, 92
Trd, 2591966.479, 93
Trd, 2591966.529, 82
Trd, 2591967.929, 84
Trd, 2591969.329, 97
Trd, 2591969.513, 98
Trd, 2591972.146, 99
Trd, 2591972.663, 101
Trd, 2591972.813, 116
Trd, 2591972.829, 97
Trd, 2591974.696, 105
Trd, 2591974.796, 102
Trd, 2591975.129, 100
Trd, 2591975.313, 99
Trd, 2591975.763, 101
Trd, 2591975.963, 99
Trd, 2591977.113, 109
Trd, 2591980.213, 108
Trd, 2591980.229, 109
Trd, 2591980.296, 106
Trd, 2591980.546, 112
Trd, 2591982.329, 109
Trd, 2591982.379, 117
Trd, 2591983.213, 89
Trd, 2591983.229, 88
Trd, 2591983.296, 89
Trd, 2591984.879, 107
Trd, 2591986.213, 108
Trd, 2591986.363, 96
Trd, 2591986.763, 112
Trd, 2591988.379, 114
Trd, 2591988.596, 114
Trd, 2591988.663, 111
Trd, 2591989.596, 94
Trd, 2591989.813, 95
Trd, 2591991.463, 99
Trd, 2591992.013, 99
Trd, 2591994.279, 95
Trd, 2591996.013, 95
Trd, 2591997.129, 98
Trd, 2591998.546, 98
Trd, 2591999.063, 100
