Trd, 2590682.846, 102
Trd, 2590684.163, 105
Trd, 2590685.363, 94
Trd, 2590685.663, 90
Trd, 2590687.429, 101
Trd, 2590687.929, 107
Trd, 2590689.596, 104
Trd, 2590689.863, 100
Trd, 2590689.929, 100
Trd, 2590690.979, 101
Trd, 2590691.379, 112
Trd, 2590691.946, 102
Trd, 2590691.963, 109
Trd, 2590692.329, 108
Trd, 2590693.996, 100
Trd, 2590694.679, 101
Trd, 2590695.896, 89
Trd, 2590696.246, 98
Trd, 2590696.613, 97
Trd, 2590698.179, 87
Trd, 2590698.479, 94
Trd, 2590699.329, 86
Trd, 2590699.379, 87
Trd, 2590699.679, 98
Trd, 2590700.129, 93
Trd, 2590700.613, 97
Trd, 2590700.863, 101
Trd, 2590700.946, 98
Trd, 2590700.979, 105
Trd, 2590701.213, 108
Trd, 2590701.779, 114
Trd, 2590702.813, 94
Trd, 2590703.063, 119
Trd, 2590703.829, 97
Trd, 2590704.613, 113
Trd, 2590704.863, 114
Trd, 2590705.479, 115
Trd, 2590705.996, 108
Trd, 2590706.029, 116
Trd, 2590707.479, 105
Trd, 2590707.846, 104
Trd, 2590708.979, 101
Trd, 2590710.263, 110
Trd, 2590710.596, 112
Trd, 2590711.646, 99
Trd, 2590713.546, 105
Trd, 2590713.613, 105
Trd, 2590713.929, 103
Trd, 2590714.496, 92
Trd, 2590714.629, 103
Trd, 2590714.729, 85
Trd, 2590716.579, 96
Trd, 2590716.663, 102
Trd, 2590716.679, 103
Trd, 2590717.796, 103
Trd, 2590718.696, 104
Trd, 2590718.863, 105
Trd, 2590719.579, 103
Trd, 2590719.796, 102
Trd, 2590720.263, 103
Trd, 2590720.679, 104
Trd, 2590721.513, 101
Trd, 2590721.663, 103
Trd, 2590722.546, 113
Trd, 2590723.496, 108
Trd, 2590723.996, 108
Trd, 2590724.346, 108
Trd, 2590724.979, 113
Trd, 2590726.696, 117
Trd, 2590727.146, 103
Trd, 2590728.113, 114
Trd, 2590728.129, 102
Trd, 2590728.296, 101
Trd, 2590729.063, 98
Trd, 2590729.296, 93
Trd, 2590730.096, 113
Trd, 2590731.713, 112
Trd, 2590731.779, 114
Trd, 2590732.629, 113
Trd, 2590733.379, 111
Trd, 2590733.763, 108
Trd, 2590733.979, 110
Trd, 2590734.413, 122
Trd, 2590735.763, 118
Trd, 2590736.379, 118
Trd, 2590736.596, 98
Trd, 2590737.463, 104
Trd, 2590738.363, 99
Trd, 2590739.813, 109
Trd, 2590740.713, 104
Trd, 2590740.946, 105
Trd, 2590741.313, 104
Trd, 2590741.513, 98
Trd, 2590742.413, 94
Trd, 2590743.346, 92
Trd, 2590743.413, 89
Trd, 2590743.579, 92
Trd, 2590743.879, 92
Trd, 2590745.096, 91
Trd, 2590745.579, 92
Trd, 2590745.779, 98
Trd, 2590746.463, 97
Trd, 2590747.979, 91
Trd, 2590749.329, 93
Trd, 2590749.646, 104
Trd, 2590750.196, 105
Trd, 2590750.613, 110
Trd, 2590750.713, 115
Trd, 2590751.563, 108
Trd, 2590753.529, 107
Trd, 2590755.046, 106
Trd, 2590755.846, 106
Trd, 2590756.129, 106
Trd, 2590756.313, 103
Trd, 2590756.413, 106
Trd, 2590756.529, 107
Trd, 2590757.246, 97
Trd, 2590758.513, 95
Trd, 2590759.496, 102
Trd, 2590759.513, 103
Trd, 2590760.979, 105
Trd, 2590761.113, 102
Trd, 2590761.196, 105
Trd, 2590761.413, 112
Trd, 2590761.429, 102
Trd, 2590764.746, 109
Trd, 2590765.779, 104
Trd, 2590767.396, 104
Trd, 2590768.046, 108
Trd, 2590768.079, 110
Trd, 2590768.346, 114
Trd, 2590768.996, 108
Trd, 2590769.263, 102
Trd, 2590769.463, 101
Trd, 2590769.529, 113
Trd, 2590770.146, 112
Trd, 2590770.613, 108
Trd, 2590771.729, 108
Trd, 2590772.763, 108
Trd, 2590773.079, 108
Trd, 2590773.179, 109
Trd, 2590773.463, 107
Trd, 2590774.579, 107
Trd, 2590774.713, 105
Trd, 2590775.096, 105
Trd, 2590775.496, 101
Trd, 2590775.929, 95
Trd, 2590778.246, 91
Trd, 2590778.313, 92
Trd, 2590778.413, 94
Trd, 2590778.779, 94
Trd, 2590779.446, 95
Trd, 2590779.579, 98
Trd, 2590780.579, 101
Trd, 2590780.779, 92
Trd, 2590781.313, 105
Trd, 2590781.913, 82
Trd, 2590782.546, 89
Trd, 2590782.679, 78
Trd, 2590782.763, 90
Trd, 2590783.046, 106
Trd, 2590783.329, 114
Trd, 2590784.746, 115
Trd, 2590784.946, 108
Trd, 2590785.946, 114
Trd, 2590786.079, 105
Trd, 2590787.096, 108
Trd, 2590789.579, 105
Trd, 2590789.879, 106
Trd, 2590790.213, 106
Trd, 2590790.863, 102
Trd, 2590790.996, 112
Trd, 2590791.463, 101
Trd, 2590792.213, 106
Trd, 2590793.196, 104
Trd, 2590793.613, 95
Trd, 2590794.763, 103
Trd, 2590795.413, 106
Trd, 2590795.846, 105
Trd, 2590797.229, 98
Trd, 2590797.679, 94
Trd, 2590798.313, 97
Trd, 2590798.596, 96
Trd, 2590799.046, 95
Trd, 2590799.146, 94
Trd, 2590799.496, 94
Trd, 2590800.296, 98
Trd, 2590803.279, 101
Trd, 2590803.529, 104
Trd, 2590803.679, 98
Trd, 2590804.329, 88
Trd, 2590804.396, 103
Trd, 2590804.429, 104
Trd, 2590805.296, 105
Trd, 2590805.963, 110
Trd, 2590806.063, 91
Trd, 2590806.446, 109
Trd, 2590807.763, 89
Trd, 2590808.646, 89
Trd, 2590809.646, 107
Trd, 2590810.429, 100
Trd, 2590810.646, 104
Trd, 2590811.196, 104
Trd, 2590811.263, 98
Trd, 2590812.179, 103
Trd, 2590812.429, 93
Trd, 2590813.879, 103
Trd, 2590814.763, 105
Trd, 2590815.163, 107
Trd, 2590815.596, 106
Trd, 2590816.379, 106
Trd, 2590817.329, 104
Trd, 2590817.929, 105
Trd, 2590819.929, 102
Trd, 2590819.946, 104
Trd, 2590819.979, 100
Trd, 2590820.363, 100
Trd, 2590822.046, 102
Trd, 2590822.279, 104
Trd, 2590822.879, 98
Trd, 2590823.363, 94
Trd, 2590823.663, 100
Trd, 2590823.829, 101
Trd, 2590825.346, 98
Trd, 2590826.096, 102
Trd, 2590826.229, 102
Trd, 2590826.296, 101
Trd, 2590826.913, 107
Trd, 2590827.396, 108
Trd, 2590827.696, 119
Trd, 2590828.479, 112
Trd, 2590830.013, 124
Trd, 2590830.429, 103
Trd, 2590831.696, 101
Trd, 2590832.613, 100
Trd, 2590833.179, 98
Trd, 2590833.829, 94
Trd, 2590834.263, 101
Trd, 2590834.363, 115
Trd, 2590835.129, 90
Trd, 2590836.846, 98
Trd, 2590837.913, 93
Trd, 2590838.096, 93
Trd, 2590838.246, 92
Trd, 2590838.546, 93
Trd, 2590839.096, 94
Trd, 2590839.279, 96
Trd, 2590839.996, 99
Trd, 2590840.929, 101
Trd, 2590841.696, 98
Trd, 2590842.363, 100
Trd, 2590842.996, 97
Trd, 2590843.313, 95
Trd, 2590843.496, 95
Trd, 2590844.996, 94
Trd, 2590845.096, 94
Trd, 2590845.146, 95
Trd, 2590846.413, 99
Trd, 2590847.146, 101
Trd, 2590847.529, 97
Trd, 2590847.896, 105
Trd, 2590848.213, 116
Trd, 2590848.546, 97
Trd, 2590849.629, 97
Trd, 2590849.863, 108
Trd, 2590850.879, 100
Trd, 2590851.746, 108
Trd, 2590853.113, 106
Trd, 2590853.129, 113
Trd, 2590853.463, 104
Trd, 2590854.613, 115
Trd, 2590854.879, 116
Trd, 2590854.913, 108
Trd, 2590855.879, 117
Trd, 2590855.946, 118
Trd, 2590856.596, 115
Trd, 2590857.329, 112
Trd, 2590857.879, 101
Trd, 2590858.996, 98
Trd, 2590859.829, 108
Trd, 2590860.329, 108
Trd, 2590860.846, 94
Trd, 2590860.979, 100
Trd, 2590860.996, 87
Trd, 2590862.046, 95
Trd, 2590862.463, 79
Trd, 2590862.913, 94
Trd, 2590863.429, 98
Trd, 2590863.579, 105
Trd, 2590864.596, 95
Trd, 2590865.013, 107
Trd, 2590865.096, 110
Trd, 2590865.113, 94
Trd, 2590867.979, 111
Trd, 2590868.696, 98
Trd, 2590869.846, 105
Trd, 2590870.129, 104
Trd, 2590870.813, 101
Trd, 2590872.863, 99
Trd, 2590873.363, 97
Trd, 2590873.729, 100
Trd, 2590874.213, 101
Trd, 2590874.346, 102
Trd, 2590874.729, 103
Trd, 2590874.763, 96
Trd, 2590874.896, 104
Trd, 2590875.313, 95
Trd, 2590875.396, 105
Trd, 2590877.863, 105
Trd, 2590878.013, 102
Trd, 2590878.229, 100
Trd, 2590878.829, 96
Trd, 2590880.113, 99
Trd, 2590880.329, 100
Trd, 2590880.446, 95
Trd, 2590880.546, 101
Trd, 2590881.063, 94
Trd, 2590881.363, 105
Trd, 2590884.246, 112
Trd, 2590884.546, 110
Trd, 2590884.763, 113
Trd, 2590885.079, 109
Trd, 2590885.846, 111
Trd, 2590885.979, 110
Trd, 2590886.263, 111
Trd, 2590887.363, 113
Trd, 2590887.846, 107
Trd, 2590888.613, 109
Trd, 2590889.479, 108
Trd, 2590889.829, 105
Trd, 2590890.463, 101
Trd, 2590890.796, 101
Trd, 2590891.263, 102
Trd, 2590891.413, 98
Trd, 2590891.429, 94
Trd, 2590891.913, 112
Trd, 2590892.646, 114
Trd, 2590895.629, 115
Trd, 2590895.913, 113
Trd, 2590896.296, 112
Trd, 2590897.029, 108
Trd, 2590897.129, 111
Trd, 2590897.163, 118
Trd, 2590897.913, 105
Trd, 2590899.479, 98
Trd, 2590899.679, 98
Trd, 2590899.763, 97
Trd, 2590900.196, 110
Trd, 2590900.546, 110
Trd, 2590900.763, 106
Trd, 2590902.679, 108
Trd, 2590902.713, 111
Trd, 2590902.979, 107
Trd, 2590903.396, 106
Trd, 2590903.496, 117
Trd, 2590903.863, 101
Trd, 2590904.646, 121
Trd, 2590906.063, 113
Trd, 2590906.746, 108
Trd, 2590907.363, 105
Trd, 2590908.479, 109
Trd, 2590909.029, 108
Trd, 2590909.879, 98
Trd, 2590910.179, 100
Trd, 2590910.613, 99
Trd, 2590910.863, 98
Trd, 2590911.246, 98
Trd, 2590911.863, 95
Trd, 2590912.446, 111
Trd, 2590913.163, 109
Trd, 2590913.279, 110
Trd, 2590914.213, 110
Trd, 2590914.363, 108
Trd, 2590915.913, 110
Trd, 2590917.213, 107
Trd, 2590918.146, 110
Trd, 2590918.879, 107
Trd, 2590918.979, 107
Trd, 2590920.579, 104
Trd, 2590920.779, 109
Trd, 2590921.246, 101
Trd, 2590922.096, 104
Trd, 2590922.113, 107
Trd, 2590922.146, 93
Trd, 2590924.529, 96
Trd, 2590924.696, 103
Trd, 2590925.046, 97
Trd, 2590925.863, 103
Trd, 2590926.396, 103
Trd, 2590926.446, 112
Trd, 2590927.296, 98
Trd, 2590928.429, 102
Trd, 2590928.913, 102
Trd, 2590929.296, 101
Trd, 2590929.779, 107
Trd, 2590929.929, 116
Trd, 2590930.179, 113
Trd, 2590930.213, 117
Trd, 2590930.679, 117
Trd, 2590931.329, 94
Trd, 2590932.746, 115
Trd, 2590934.896, 110
Trd, 2590934.946, 111
Trd, 2590935.129, 112
Trd, 2590935.363, 117
Trd, 2590935.396, 119
Trd, 2590936.229, 108
Trd, 2590937.196, 108
Trd, 2590937.763, 109
Trd, 2590938.213, 110
Trd, 2590938.329, 108
Trd, 2590939.513, 101
Trd, 2590940.129, 105
Trd, 2590941.346, 99
Trd, 2590941.563, 105
Trd, 2590941.579, 96
Trd, 2590942.263, 94
Trd, 2590943.113, 87
Trd, 2590944.946, 102
Trd, 2590945.113, 97
Trd, 2590945.146, 95
Trd, 2590945.196, 102
Trd, 2590945.263, 104
Trd, 2590946.146, 94
Trd, 2590946.663, 112
Trd, 2590946.879, 123
Trd, 2590948.646, 105
Trd, 2590949.196, 105
Trd, 2590950.629, 98
Trd, 2590950.696, 100
Trd, 2590951.363, 95
Trd, 2590952.096, 94
Trd, 2590952.546, 93
Trd, 2590952.646, 89
Trd, 2590953.846, 89
Trd, 2590954.629, 88
Trd, 2590954.879, 89
Trd, 2590955.013, 101
Trd, 2590955.746, 105
Trd, 2590957.429, 105
Trd, 2590957.913, 109
Trd, 2590958.146, 105
Trd, 2590958.563, 97
Trd, 2590959.296, 89
Trd, 2590959.946, 88
Trd, 2590960.596, 109
Trd, 2590960.629, 108
Trd, 2590961.163, 117
Trd, 2590962.346, 109
Trd, 2590962.379, 88
Trd, 2590962.413, 111
Trd, 2590964.279, 108
Trd, 2590964.429, 105
Trd, 2590964.679, 106
Trd, 2590964.696, 109
Trd, 2590964.829, 111
Trd, 2590964.946, 98
Trd, 2590965.279, 107
Trd, 2590965.529, 118
Trd, 2590965.813, 112
Trd, 2590968.446, 112
Trd, 2590968.546, 94
Trd, 2590970.729, 103
Trd, 2590971.396, 101
Trd, 2590971.779, 99
Trd, 2590971.963, 96
Trd, 2590972.279, 97
Trd, 2590972.329, 99
Trd, 2590972.746, 95
Trd, 2590973.146, 95
Trd, 2590973.613, 100
Trd, 2590973.663, 101
Trd, 2590973.796, 101
Trd, 2590974.963, 114
Trd, 2590975.563, 115
Trd, 2590976.263, 116
Trd, 2590976.763, 99
Trd, 2590978.463, 105
Trd, 2590979.229, 105
Trd, 2590980.113, 101
Trd, 2590980.413, 100
Trd, 2590980.779, 98
Trd, 2590981.146, 87
Trd, 2590981.979, 95
Trd, 2590982.246, 94
Trd, 2590983.179, 85
Trd, 2590983.246, 95
Trd, 2590984.463, 96
Trd, 2590984.629, 101
Trd, 2590985.446, 105
Trd, 2590986.763, 90
Trd, 2590987.779, 89
Trd, 2590988.129, 88
Trd, 2590988.579, 89
Trd, 2590989.246, 98
Trd, 2590989.496, 112
Trd, 2590990.096, 120
Trd, 2590990.813, 92
Trd, 2590991.279, 117
Trd, 2590991.696, 94
Trd, 2590993.346, 101
Trd, 2590993.446, 102
Trd, 2590993.813, 101
Trd, 2590993.879, 101
Trd, 2590994.429, 101
Trd, 2590995.079, 104
Trd, 2590996.229, 105
Trd, 2590997.529, 108
Trd, 2590997.763, 107
Trd, 2590997.896, 119
Trd, 2590998.279, 106
Trd, 2590998.463, 104
Trd, 2590999.396, 111
Trd, 2591000.496, 108
Trd, 2591000.829, 95
Trd, 2591001.213, 111
Trd, 2591001.313, 114
Trd, 2591002.429, 112
Trd, 2591002.996, 115
Trd, 2591003.096, 98
Trd, 2591004.013, 93
Trd, 2591004.179, 87
Trd, 2591004.479, 78
Trd, 2591004.813, 82
Trd, 2591004.913, 79
Trd, 2591004.996, 86
Trd, 2591005.596, 104
Trd, 2591007.413, 98
Trd, 2591009.096, 95
Trd, 2591009.763, 96
Trd, 2591010.463, 99
Trd, 2591011.029, 101
Trd, 2591011.979, 101
Trd, 2591012.113, 100
Trd, 2591012.979, 98
Trd, 2591014.263, 93
Trd, 2591014.713, 95
Trd, 2591015.063, 98
Trd, 2591015.563, 105
Trd, 2591016.329, 95
Trd, 2591016.613, 110
Trd, 2591017.213, 112
Trd, 2591017.363, 97
Trd, 2591017.546, 94
Trd, 2591018.629, 89
Trd, 2591018.763, 88
Trd, 2591019.096, 112
Trd, 2591021.779, 109
Trd, 2591021.979, 112
Trd, 2591022.579, 109
Trd, 2591022.729, 107
Trd, 2591023.229, 94
Trd, 2591024.629, 89
Trd, 2591024.896, 109
Trd, 2591025.463, 108
Trd, 2591025.646, 99
Trd, 2591026.029, 105
Trd, 2591026.296, 107
Trd, 2591026.546, 108
Trd, 2591026.979, 113
Trd, 2591028.163, 114
Trd, 2591029.396, 112
Trd, 2591029.463, 111
Trd, 2591029.496, 108
Trd, 2591029.963, 110
Trd, 2591031.846, 107
Trd, 2591032.479, 104
Trd, 2591032.729, 106
Trd, 2591033.829, 113
Trd, 2591034.029, 117
Trd, 2591034.446, 109
Trd, 2591034.613, 102
Trd, 2591035.129, 103
Trd, 2591035.396, 101
Trd, 2591037.546, 105
Trd, 2591037.946, 103
Trd, 2591038.113, 108
Trd, 2591039.696, 100
Trd, 2591040.629, 101
Trd, 2591040.713, 101
Trd, 2591041.163, 100
Trd, 2591041.179, 105
Trd, 2591041.913, 93
Trd, 2591042.363, 110
Trd, 2591044.013, 103
Trd, 2591044.229, 103
Trd, 2591044.529, 112
Trd, 2591045.146, 104
Trd, 2591045.663, 103
Trd, 2591046.963, 102
Trd, 2591047.513, 101
Trd, 2591047.746, 98
Trd, 2591048.446, 103
Trd, 2591049.129, 104
Trd, 2591049.196, 112
Trd, 2591049.313, 113
Trd, 2591050.563, 97
Trd, 2591050.713, 90
Trd, 2591050.746, 87
Trd, 2591051.129, 106
Trd, 2591051.413, 106
Trd, 2591051.913, 104
Trd, 2591053.079, 102
Trd, 2591053.113, 109
Trd, 2591053.496, 78
Trd, 2591054.679, 114
Trd, 2591056.096, 111
Trd, 2591056.946, 109
Trd, 2591056.996, 108
Trd, 2591058.229, 107
Trd, 2591059.696, 105
Trd, 2591060.179, 105
Trd, 2591060.196, 106
Trd, 2591060.546, 101
Trd, 2591061.579, 98
Trd, 2591062.046, 93
Trd, 2591063.779, 88
Trd, 2591063.963, 87
Trd, 2591064.729, 100
Trd, 2591065.179, 100
Trd, 2591065.246, 102
Trd, 2591065.679, 94
Trd, 2591067.013, 92
Trd, 2591067.346, 92
Trd, 2591067.463, 91
Trd, 2591067.996, 97
Trd, 2591068.013, 109
Trd, 2591069.746, 105
Trd, 2591070.363, 89
Trd, 2591070.629, 102
Trd, 2591071.096, 102
Trd, 2591072.246, 105
Trd, 2591072.263, 105
Trd, 2591072.429, 103
Trd, 2591073.563, 110
Trd, 2591074.363, 105
Trd, 2591074.596, 110
Trd, 2591074.679, 115
Trd, 2591074.846, 113
Trd, 2591076.929, 112
Trd, 2591077.329, 111
Trd, 2591077.863, 109
Trd, 2591078.829, 101
Trd, 2591079.663, 104
Trd, 2591079.696, 105
Trd, 2591080.146, 98
Trd, 2591080.363, 105
Trd, 2591081.529, 103
Trd, 2591081.696, 95
Trd, 2591082.896, 100
Trd, 2591082.913, 96
Trd, 2591083.329, 115
Trd, 2591083.413, 97
Trd, 2591083.813, 113
Trd, 2591084.046, 96
Trd, 2591086.579, 94
Trd, 2591086.746, 108
Trd, 2591087.313, 108
Trd, 2591088.763, 101
Trd, 2591089.113, 98
Trd, 2591089.163, 104
Trd, 2591089.813, 99
Trd, 2591090.563, 104
Trd, 2591091.563, 104
Trd, 2591092.029, 105
Trd, 2591093.996, 104
Trd, 2591094.863, 104
Trd, 2591095.363, 105
Trd, 2591096.146, 105
Trd, 2591096.213, 109
Trd, 2591096.396, 104
Trd, 2591096.879, 101
Trd, 2591097.313, 106
Trd, 2591097.363, 107
Trd, 2591097.496, 100
Trd, 2591099.863, 105
Trd, 2591100.346, 104
Trd, 2591100.513, 100
Trd, 2591100.763, 105
Trd, 2591102.046, 102
Trd, 2591102.763, 102
Trd, 2591102.913, 105
Trd, 2591103.579, 105
Trd, 2591103.896, 100
Trd, 2591103.913, 98
Trd, 2591104.463, 101
Trd, 2591104.996, 95
Trd, 2591105.513, 94
Trd, 2591106.096, 101
Trd, 2591107.329, 89
Trd, 2591107.913, 101
Trd, 2591109.096, 96
Trd, 2591110.396, 99
Trd, 2591111.046, 98
Trd, 2591111.529, 98
Trd, 2591111.663, 99
Trd, 2591111.963, 101
Trd, 2591112.263, 112
Trd, 2591112.396, 96
Trd, 2591112.746, 111
Trd, 2591112.779, 113
Trd, 2591113.796, 116
Trd, 2591114.529, 107
Trd, 2591114.846, 106
Trd, 2591115.529, 102
Trd, 2591118.096, 102
Trd, 2591118.313, 98
Trd, 2591119.363, 99
Trd, 2591119.696, 98
Trd, 2591120.046, 96
Trd, 2591120.279, 98
Trd, 2591120.529, 99
Trd, 2591121.179, 102
Trd, 2591121.913, 96
Trd, 2591123.546, 98
Trd, 2591124.363, 105
Trd, 2591124.646, 97
Trd, 2591125.846, 100
Trd, 2591125.879, 96
Trd, 2591126.679, 94
Trd, 2591126.829, 94
Trd, 2591127.163, 96
Trd, 2591127.379, 100
Trd, 2591127.863, 101
Trd, 2591128.996, 92
Trd, 2591130.696, 98
Trd, 2591130.813, 99
Trd, 2591131.146, 105
Trd, 2591131.679, 119
Trd, 2591132.313, 99
Trd, 2591132.813, 109
Trd, 2591132.829, 110
Trd, 2591132.863, 99
Trd, 2591135.213, 100
Trd, 2591135.579, 107
Trd, 2591136.146, 105
Trd, 2591136.513, 113
Trd, 2591136.963, 106
Trd, 2591137.879, 104
Trd, 2591138.813, 106
Trd, 2591139.029, 103
Trd, 2591139.246, 109
Trd, 2591140.663, 105
Trd, 2591141.446, 100
Trd, 2591142.413, 105
Trd, 2591142.896, 102
Trd, 2591143.513, 103
Trd, 2591144.646, 105
Trd, 2591144.696, 98
Trd, 2591144.863, 92
Trd, 2591145.229, 112
Trd, 2591146.229, 106
Trd, 2591146.813, 105
Trd, 2591147.096, 105
Trd, 2591147.196, 105
Trd, 2591147.329, 108
Trd, 2591147.479, 109
Trd, 2591149.096, 103
Trd, 2591149.529, 105
Trd, 2591149.579, 112
Trd, 2591150.529, 105
Trd, 2591151.496, 104
Trd, 2591152.413, 113
Trd, 2591153.046, 117
Trd, 2591153.396, 118
Trd, 2591154.879, 115
Trd, 2591155.029, 116
Trd, 2591155.063, 101
Trd, 2591156.429, 105
Trd, 2591156.863, 98
Trd, 2591157.029, 94
Trd, 2591157.529, 95
Trd, 2591157.629, 110
Trd, 2591158.746, 114
Trd, 2591160.679, 114
Trd, 2591160.729, 98
Trd, 2591161.413, 109
Trd, 2591161.746, 107
Trd, 2591163.513, 104
Trd, 2591163.563, 104
Trd, 2591164.079, 102
Trd, 2591164.096, 101
Trd, 2591164.346, 104
Trd, 2591164.763, 94
Trd, 2591166.146, 90
Trd, 2591166.213, 89
Trd, 2591167.313, 103
Trd, 2591167.746, 104
Trd, 2591168.113, 104
Trd, 2591169.046, 104
Trd, 2591169.546, 105
Trd, 2591170.329, 97
Trd, 2591170.579, 104
Trd, 2591171.496, 99
Trd, 2591171.613, 107
Trd, 2591173.013, 107
Trd, 2591173.579, 108
Trd, 2591175.129, 105
Trd, 2591175.229, 106
Trd, 2591175.396, 107
Trd, 2591176.179, 113
Trd, 2591177.063, 109
Trd, 2591178.046, 107
Trd, 2591178.179, 97
Trd, 2591179.146, 95
Trd, 2591179.429, 94
Trd, 2591180.429, 89
Trd, 2591181.463, 98
Trd, 2591181.513, 98
Trd, 2591181.696, 99
Trd, 2591181.913, 100
Trd, 2591182.479, 99
Trd, 2591182.513, 104
Trd, 2591183.896, 102
Trd, 2591183.963, 101
Trd, 2591184.279, 86
Trd, 2591186.829, 93
Trd, 2591187.079, 94
Trd, 2591187.329, 93
Trd, 2591187.563, 94
Trd, 2591188.179, 93
Trd, 2591188.229, 98
Trd, 2591189.763, 101
Trd, 2591189.846, 95
Trd, 2591189.913, 87
Trd, 2591191.129, 104
Trd, 2591191.213, 113
Trd, 2591192.229, 107
Trd, 2591192.779, 107
Trd, 2591193.263, 108
Trd, 2591193.579, 111
Trd, 2591194.346, 109
Trd, 2591195.146, 109
Trd, 2591196.679, 107
Trd, 2591197.079, 107
Trd, 2591197.196, 105
Trd, 2591198.013, 108
Trd, 2591198.096, 109
Trd, 2591200.079, 101
Trd, 2591200.096, 106
Trd, 2591202.029, 101
Trd, 2591202.113, 100
Trd, 2591202.413, 101
Trd, 2591202.813, 105
Trd, 2591203.113, 116
Trd, 2591204.479, 115
Trd, 2591204.513, 107
Trd, 2591204.596, 105
Trd, 2591204.613, 101
Trd, 2591207.179, 108
Trd, 2591207.513, 103
Trd, 2591208.413, 101
Trd, 2591208.729, 100
Trd, 2591208.846, 104
Trd, 2591209.063, 104
Trd, 2591210.546, 100
Trd, 2591210.996, 98
Trd, 2591211.046, 101
Trd, 2591212.029, 95
Trd, 2591212.129, 94
Trd, 2591212.179, 99
Trd, 2591212.613, 100
Trd, 2591213.029, 102
Trd, 2591213.846, 106
Trd, 2591214.263, 105
Trd, 2591216.379, 109
Trd, 2591216.929, 95
Trd, 2591217.379, 111
Trd, 2591219.629, 103
Trd, 2591219.696, 102
Trd, 2591220.646, 101
Trd, 2591220.746, 102
Trd, 2591220.796, 111
Trd, 2591220.963, 101
Trd, 2591221.213, 115
Trd, 2591221.613, 87
Trd, 2591222.713, 98
Trd, 2591223.229, 78
Trd, 2591224.146, 80
Trd, 2591224.313, 77
Trd, 2591225.396, 97
Trd, 2591226.229, 94
Trd, 2591226.479, 100
Trd, 2591226.896, 101
Trd, 2591227.363, 105
Trd, 2591227.929, 108
Trd, 2591229.079, 87
Trd, 2591229.163, 113
Trd, 2591229.179, 116
Trd, 2591231.879, 108
Trd, 2591232.213, 106
Trd, 2591232.663, 108
Trd, 2591233.229, 108
Trd, 2591233.579, 113
Trd, 2591233.613, 115
Trd, 2591233.996, 106
Trd, 2591234.779, 106
Trd, 2591235.163, 101
Trd, 2591236.613, 103
Trd, 2591236.879, 103
Trd, 2591236.946, 97
Trd, 2591238.129, 98
Trd, 2591238.996, 97
Trd, 2591239.213, 96
Trd, 2591239.479, 98
Trd, 2591240.596, 98
Trd, 2591240.713, 100
Trd, 2591241.613, 101
Trd, 2591241.646, 105
Trd, 2591241.979, 114
Trd, 2591242.946, 113
Trd, 2591243.113, 98
Trd, 2591244.279, 114
Trd, 2591244.963, 109
Trd, 2591246.596, 108
Trd, 2591246.746, 108
Trd, 2591247.729, 103
Trd, 2591248.013, 100
Trd, 2591248.129, 101
Trd, 2591248.379, 98
Trd, 2591249.029, 97
Trd, 2591249.229, 94
Trd, 2591249.479, 87
Trd, 2591250.696, 94
Trd, 2591250.929, 97
Trd, 2591251.429, 98
Trd, 2591251.646, 115
Trd, 2591252.746, 89
Trd, 2591253.729, 107
Trd, 2591254.313, 106
Trd, 2591254.696, 108
Trd, 2591254.946, 105
Trd, 2591256.463, 86
Trd, 2591257.346, 88
Trd, 2591257.879, 101
Trd, 2591259.713, 94
Trd, 2591259.979, 95
Trd, 2591261.096, 97
Trd, 2591261.196, 98
Trd, 2591262.929, 98
Trd, 2591263.146, 101
Trd, 2591263.496, 100
Trd, 2591263.863, 103
Trd, 2591264.496, 104
Trd, 2591264.779, 102
Trd, 2591264.996, 103
Trd, 2591265.963, 105
Trd, 2591266.296, 105
Trd, 2591266.513, 114
Trd, 2591267.696, 113
Trd, 2591268.296, 124
Trd, 2591268.713, 118
Trd, 2591269.563, 101
Trd, 2591269.646, 118
Trd, 2591270.913, 104
Trd, 2591272.046, 115
Trd, 2591273.129, 99
Trd, 2591273.663, 98
Trd, 2591273.779, 101
Trd, 2591274.946, 94
Trd, 2591275.096, 93
Trd, 2591276.113, 92
Trd, 2591276.129, 93
Trd, 2591277.363, 98
Trd, 2591277.479, 97
Trd, 2591278.096, 95
Trd, 2591278.129, 102
Trd, 2591278.929, 101
Trd, 2591279.963, 101
Trd, 2591279.979, 105
Trd, 2591280.029, 94
Trd, 2591280.079, 109
Trd, 2591280.363, 87
Trd, 2591281.179, 103
Trd, 2591282.513, 112
Trd, 2591284.429, 108
Trd, 2591284.813, 109
Trd, 2591285.329, 111
Trd, 2591285.696, 112
Trd, 2591286.163, 111
Trd, 2591286.746, 112
Trd, 2591287.179, 113
Trd, 2591287.479, 112
Trd, 2591287.529, 108
Trd, 2591288.913, 104
Trd, 2591288.996, 101
Trd, 2591289.079, 114
Trd, 2591289.729, 96
Trd, 2591289.796, 94
Trd, 2591290.479, 116
Trd, 2591292.046, 87
Trd, 2591292.163, 116
Trd, 2591293.196, 83
Trd, 2591294.163, 87
Trd, 2591295.463, 88
Trd, 2591296.146, 92
Trd, 2591296.913, 90
Trd, 2591297.413, 100
Trd, 2591297.646, 100
Trd, 2591297.829, 101
Trd, 2591298.279, 103
Trd, 2591298.579, 105
Trd, 2591299.413, 112
Trd, 2591299.946, 116
Trd, 2591300.996, 107
Trd, 2591302.063, 111
Trd, 2591303.396, 104
Trd, 2591303.796, 101
Trd, 2591304.879, 99
Trd, 2591304.896, 98
Trd, 2591305.863, 100
Trd, 2591306.329, 103
Trd, 2591306.813, 100
Trd, 2591307.263, 100
Trd, 2591308.246, 100
Trd, 2591308.613, 94
Trd, 2591309.013, 87
Trd, 2591309.696, 98
Trd, 2591310.096, 87
Trd, 2591310.463, 87
Trd, 2591310.879, 101
Trd, 2591311.196, 105
Trd, 2591311.296, 108
Trd, 2591313.279, 109
Trd, 2591314.163, 108
Trd, 2591314.629, 108
Trd, 2591314.779, 109
Trd, 2591315.479, 107
Trd, 2591316.363, 115
Trd, 2591317.479, 105
Trd, 2591317.696, 114
Trd, 2591319.346, 113
Trd, 2591319.429, 108
Trd, 2591320.296, 103
Trd, 2591320.896, 101
Trd, 2591321.129, 104
Trd, 2591321.429, 104
Trd, 2591321.579, 103
Trd, 2591321.696, 98
Trd, 2591323.546, 100
Trd, 2591323.879, 99
Trd, 2591324.513, 101
Trd, 2591325.346, 102
Trd, 2591325.879, 102
Trd, 2591326.029, 105
Trd, 2591326.246, 113
Trd, 2591326.979, 115
Trd, 2591328.096, 114
Trd, 2591329.379, 115
Trd, 2591329.896, 106
Trd, 2591330.363, 115
Trd, 2591330.663, 106
Trd, 2591331.813, 104
Trd, 2591331.829, 104
Trd, 2591332.596, 99
Trd, 2591332.629, 98
Trd, 2591332.796, 93
Trd, 2591334.796, 95
Trd, 2591335.346, 96
Trd, 2591335.563, 87
Trd, 2591335.863, 97
Trd, 2591336.263, 98
Trd, 2591336.296, 105
Trd, 2591336.646, 111
Trd, 2591337.896, 78
Trd, 2591338.413, 81
Trd, 2591338.896, 79
Trd, 2591339.696, 91
Trd, 2591339.979, 100
Trd, 2591340.146, 101
Trd, 2591342.079, 98
Trd, 2591342.263, 98
Trd, 2591343.113, 99
Trd, 2591343.179, 98
Trd, 2591343.296, 94
Trd, 2591344.079, 98
Trd, 2591344.346, 102
Trd, 2591344.746, 101
Trd, 2591344.813, 101
Trd, 2591345.429, 105
Trd, 2591346.829, 94
Trd, 2591348.879, 106
Trd, 2591349.063, 108
Trd, 2591349.913, 112
Trd, 2591350.396, 106
Trd, 2591350.913, 115
Trd, 2591351.296, 108
Trd, 2591352.163, 107
Trd, 2591352.979, 101
Trd, 2591353.079, 97
Trd, 2591354.179, 93
Trd, 2591355.063, 100
Trd, 2591355.813, 97
Trd, 2591356.863, 98
Trd, 2591356.979, 105
Trd, 2591357.746, 116
Trd, 2591358.029, 117
Trd, 2591359.246, 119
Trd, 2591359.763, 115
Trd, 2591359.979, 113
Trd, 2591360.363, 114
Trd, 2591361.596, 118
Trd, 2591361.663, 113
Trd, 2591363.179, 116
Trd, 2591363.796, 115
Trd, 2591363.979, 114
Trd, 2591364.129, 115
Trd, 2591364.296, 112
Trd, 2591364.546, 105
Trd, 2591366.729, 109
Trd, 2591367.096, 108
Trd, 2591367.963, 108
Trd, 2591368.113, 110
Trd, 2591368.329, 107
Trd, 2591368.613, 101
Trd, 2591369.379, 98
Trd, 2591371.296, 110
Trd, 2591371.663, 95
Trd, 2591372.146, 109
Trd, 2591372.546, 105
Trd, 2591372.646, 110
Trd, 2591373.179, 109
Trd, 2591374.163, 98
Trd, 2591376.196, 101
Trd, 2591376.296, 102
Trd, 2591376.429, 103
Trd, 2591377.529, 103
Trd, 2591377.563, 103
Trd, 2591377.713, 103
Trd, 2591378.946, 103
Trd, 2591379.046, 105
Trd, 2591379.429, 114
Trd, 2591380.096, 114
Trd, 2591380.396, 115
Trd, 2591380.896, 102
Trd, 2591381.713, 101
Trd, 2591382.563, 93
Trd, 2591383.329, 107
Trd, 2591383.813, 95
Trd, 2591383.979, 106
Trd, 2591385.663, 99
Trd, 2591386.013, 98
Trd, 2591386.146, 99
Trd, 2591386.513, 110
Trd, 2591387.196, 116
Trd, 2591387.496, 101
Trd, 2591387.979, 115
Trd, 2591388.113, 94
Trd, 2591389.013, 112
Trd, 2591389.863, 98
Trd, 2591389.929, 96
Trd, 2591391.096, 97
Trd, 2591392.196, 101
Trd, 2591393.429, 101
Trd, 2591394.096, 102
Trd, 2591394.579, 105
Trd, 2591394.746, 122
Trd, 2591395.879, 104
Trd, 2591396.696, 108
Trd, 2591397.329, 104
Trd, 2591398.463, 104
Trd, 2591398.696, 104
Trd, 2591398.729, 103
Trd, 2591399.246, 104
Trd, 2591399.729, 105
Trd, 2591399.813, 117
Trd, 2591400.179, 102
Trd, 2591401.146, 101
Trd, 2591402.679, 98
Trd, 2591402.779, 106
Trd, 2591404.329, 104
Trd, 2591404.813, 92
Trd, 2591406.263, 101
Trd, 2591407.196, 100
Trd, 2591407.346, 101
Trd, 2591407.513, 98
Trd, 2591407.979, 98
Trd, 2591408.546, 98
Trd, 2591409.129, 101
Trd, 2591409.179, 98
Trd, 2591409.629, 102
Trd, 2591410.529, 106
Trd, 2591410.963, 106
Trd, 2591412.196, 106
Trd, 2591413.013, 107
Trd, 2591413.696, 107
Trd, 2591414.013, 108
Trd, 2591415.046, 110
Trd, 2591415.646, 119
Trd, 2591415.679, 110
Trd, 2591415.846, 108
Trd, 2591416.046, 104
Trd, 2591416.213, 94
Trd, 2591416.896, 123
Trd, 2591417.363, 89
Trd, 2591417.629, 88
Trd, 2591421.163, 102
Trd, 2591421.529, 101
Trd, 2591422.113, 98
Trd, 2591422.729, 97
Trd, 2591423.496, 93
Trd, 2591423.896, 93
Trd, 2591424.196, 100
Trd, 2591424.796, 105
Trd, 2591425.196, 105
Trd, 2591425.529, 115
Trd, 2591426.413, 97
Trd, 2591426.863, 98
Trd, 2591427.246, 94
Trd, 2591428.463, 106
Trd, 2591429.546, 110
Trd, 2591429.746, 108
Trd, 2591430.563, 109
Trd, 2591431.029, 107
Trd, 2591431.413, 107
Trd, 2591431.896, 105
Trd, 2591432.079, 106
Trd, 2591433.013, 105
Trd, 2591435.563, 88
Trd, 2591435.763, 95
Trd, 2591435.946, 97
Trd, 2591436.063, 98
Trd, 2591436.579, 95
Trd, 2591437.046, 98
Trd, 2591437.996, 101
Trd, 2591440.496, 102
Trd, 2591440.513, 101
Trd, 2591440.979, 100
Trd, 2591441.179, 102
Trd, 2591441.613, 96
Trd, 2591441.829, 103
Trd, 2591441.963, 113
Trd, 2591442.179, 94
Trd, 2591443.013, 87
Trd, 2591443.046, 110
Trd, 2591443.429, 105
Trd, 2591443.746, 104
Trd, 2591444.779, 101
Trd, 2591446.646, 98
Trd, 2591447.363, 97
Trd, 2591448.613, 109
Trd, 2591449.363, 101
Trd, 2591449.663, 101
Trd, 2591449.763, 108
Trd, 2591449.796, 109
Trd, 2591450.713, 101
Trd, 2591451.113, 98
Trd, 2591451.279, 96
Trd, 2591452.863, 108
Trd, 2591452.879, 109
Trd, 2591453.013, 111
Trd, 2591454.229, 108
Trd, 2591455.213, 101
Trd, 2591455.596, 98
Trd, 2591455.929, 104
Trd, 2591456.363, 93
Trd, 2591456.613, 105
Trd, 2591457.296, 103
Trd, 2591458.246, 108
Trd, 2591459.846, 109
Trd, 2591460.046, 110
Trd, 2591460.229, 110
Trd, 2591461.229, 115
Trd, 2591461.346, 107
Trd, 2591461.546, 106
Trd, 2591461.679, 105
Trd, 2591464.079, 106
Trd, 2591464.113, 107
Trd, 2591464.963, 103
Trd, 2591465.079, 108
Trd, 2591465.929, 112
Trd, 2591466.146, 103
Trd, 2591467.413, 103
Trd, 2591468.179, 107
Trd, 2591468.563, 94
Trd, 2591469.363, 105
Trd, 2591469.496, 88
Trd, 2591469.613, 87
Trd, 2591471.296, 102
Trd, 2591471.596, 104
Trd, 2591472.146, 108
Trd, 2591472.463, 112
Trd, 2591473.663, 111
Trd, 2591474.046, 112
Trd, 2591474.163, 115
Trd, 2591474.679, 109
Trd, 2591475.046, 117
Trd, 2591475.063, 108
Trd, 2591476.046, 103
Trd, 2591476.346, 102
Trd, 2591476.463, 98
Trd, 2591476.913, 105
Trd, 2591477.613, 87
Trd, 2591480.513, 105
Trd, 2591481.246, 96
Trd, 2591482.663, 100
Trd, 2591482.896, 101
Trd, 2591483.979, 101
Trd, 2591485.113, 108
Trd, 2591485.496, 108
Trd, 2591485.663, 105
Trd, 2591486.163, 107
Trd, 2591486.663, 103
Trd, 2591486.929, 101
Trd, 2591487.046, 98
Trd, 2591487.163, 111
Trd, 2591488.096, 94
Trd, 2591489.379, 104
Trd, 2591489.613, 105
Trd, 2591489.713, 105
Trd, 2591490.179, 95
Trd, 2591490.363, 106
Trd, 2591490.663, 108
Trd, 2591492.763, 107
Trd, 2591493.363, 107
Trd, 2591495.579, 107
Trd, 2591495.813, 106
Trd, 2591496.796, 107
Trd, 2591496.863, 106
Trd, 2591496.996, 105
Trd, 2591497.013, 112
Trd, 2591497.263, 113
Trd, 2591498.496, 103
Trd, 2591498.813, 114
Trd, 2591498.946, 104
Trd, 2591499.063, 118
Trd, 2591499.929, 103
Trd, 2591502.229, 104
Trd, 2591503.496, 101
Trd, 2591504.163, 98
Trd, 2591504.829, 95
Trd, 2591505.063, 98
Trd, 2591505.296, 97
Trd, 2591505.979, 97
Trd, 2591506.379, 98
Trd, 2591506.746, 98
Trd, 2591507.679, 94
Trd, 2591509.579, 102
Trd, 2591509.963, 92
Trd, 2591510.163, 101
Trd, 2591510.279, 102
Trd, 2591510.313, 103
Trd, 2591510.629, 108
Trd, 2591513.079, 102
Trd, 2591513.446, 100
Trd, 2591513.996, 100
Trd, 2591514.729, 107
Trd, 2591515.429, 107
Trd, 2591516.113, 99
Trd, 2591517.096, 103
Trd, 2591517.129, 104
Trd, 2591518.029, 101
Trd, 2591518.763, 103
Trd, 2591519.046, 94
Trd, 2591519.263, 109
Trd, 2591519.646, 112
Trd, 2591520.129, 94
Trd, 2591520.629, 112
Trd, 2591521.563, 109
Trd, 2591522.013, 113
Trd, 2591522.363, 114
Trd, 2591522.679, 114
Trd, 2591524.379, 112
Trd, 2591524.996, 113
Trd, 2591525.713, 114
Trd, 2591526.163, 103
Trd, 2591527.129, 109
Trd, 2591528.346, 109
Trd, 2591528.379, 110
Trd, 2591528.779, 111
Trd, 2591529.696, 107
Trd, 2591531.196, 108
Trd, 2591531.713, 115
Trd, 2591531.729, 116
Trd, 2591532.563, 102
Trd, 2591533.029, 101
Trd, 2591533.346, 109
Trd, 2591533.596, 96
Trd, 2591533.779, 88
Trd, 2591535.046, 104
Trd, 2591535.229, 94
Trd, 2591535.413, 105
Trd, 2591535.746, 104
Trd, 2591535.813, 105
Trd, 2591535.979, 87
Trd, 2591536.129, 105
Trd, 2591537.146, 80
Trd, 2591537.379, 110
Trd, 2591538.946, 102
Trd, 2591539.329, 97
Trd, 2591539.879, 99
Trd, 2591540.829, 98
Trd, 2591541.579, 98
Trd, 2591542.946, 90
Trd, 2591543.713, 91
Trd, 2591544.213, 97
Trd, 2591545.429, 97
Trd, 2591546.429, 97
Trd, 2591547.313, 98
Trd, 2591547.946, 101
Trd, 2591548.913, 113
Trd, 2591549.163, 116
Trd, 2591549.579, 116
Trd, 2591549.879, 115
Trd, 2591550.046, 109
Trd, 2591550.213, 108
Trd, 2591553.379, 102
Trd, 2591553.463, 102
Trd, 2591554.613, 102
Trd, 2591554.796, 103
Trd, 2591555.379, 104
Trd, 2591555.796, 105
Trd, 2591556.063, 103
Trd, 2591556.229, 109
Trd, 2591556.896, 125
Trd, 2591557.579, 101
Trd, 2591558.079, 98
Trd, 2591560.729, 92
Trd, 2591560.979, 88
Trd, 2591561.196, 90
Trd, 2591561.446, 91
Trd, 2591561.829, 92
Trd, 2591562.613, 94
Trd, 2591563.363, 98
Trd, 2591564.096, 103
Trd, 2591564.346, 85
Trd, 2591564.596, 103
Trd, 2591564.946, 94
Trd, 2591565.079, 105
Trd, 2591565.729, 111
Trd, 2591566.496, 112
Trd, 2591568.163, 108
Trd, 2591568.946, 106
Trd, 2591569.963, 109
Trd, 2591570.079, 116
Trd, 2591570.613, 108
Trd, 2591570.879, 107
Trd, 2591571.729, 105
Trd, 2591572.879, 109
Trd, 2591573.246, 106
Trd, 2591573.346, 105
Trd, 2591573.713, 101
Trd, 2591574.346, 99
Trd, 2591575.129, 82
Trd, 2591575.696, 95
Trd, 2591576.179, 89
Trd, 2591576.863, 95
Trd, 2591576.979, 96
Trd, 2591577.663, 95
Trd, 2591577.846, 95
Trd, 2591578.013, 96
Trd, 2591578.446, 94
Trd, 2591578.913, 101
Trd, 2591579.563, 111
Trd, 2591579.763, 93
Trd, 2591580.346, 108
Trd, 2591581.146, 97
Trd, 2591582.313, 97
Trd, 2591583.213, 110
Trd, 2591583.596, 112
Trd, 2591584.663, 115
Trd, 2591585.246, 116
Trd, 2591585.579, 103
Trd, 2591587.046, 91
Trd, 2591587.379, 113
Trd, 2591588.279, 104
Trd, 2591588.896, 107
Trd, 2591589.679, 108
Trd, 2591589.846, 109
Trd, 2591590.113, 103
Trd, 2591590.329, 102
Trd, 2591592.513, 104
Trd, 2591592.846, 99
Trd, 2591593.813, 99
Trd, 2591594.379, 100
Trd, 2591595.129, 102
Trd, 2591595.213, 97
Trd, 2591595.946, 94
Trd, 2591596.396, 78
Trd, 2591597.013, 71
Trd, 2591597.379, 99
Trd, 2591598.063, 96
Trd, 2591598.563, 109
Trd, 2591599.379, 108
Trd, 2591599.696, 110
Trd, 2591599.746, 111
Trd, 2591600.163, 102
Trd, 2591600.663, 110
Trd, 2591602.496, 104
Trd, 2591603.113, 104
Trd, 2591603.779, 102
Trd, 2591604.596, 102
Trd, 2591604.779, 103
Trd, 2591606.813, 91
Trd, 2591607.096, 102
Trd, 2591607.579, 95
Trd, 2591607.946, 105
Trd, 2591608.213, 106
Trd, 2591609.746, 105
Trd, 2591610.629, 102
Trd, 2591610.946, 105
Trd, 2591611.129, 106
Trd, 2591612.779, 109
Trd, 2591613.096, 109
Trd, 2591614.329, 109
Trd, 2591615.229, 110
Trd, 2591615.646, 105
Trd, 2591616.529, 99
Trd, 2591616.696, 98
Trd, 2591617.446, 108
Trd, 2591617.813, 110
Trd, 2591618.579, 108
Trd, 2591619.129, 115
Trd, 2591620.163, 113
Trd, 2591621.029, 111
Trd, 2591621.063, 114
Trd, 2591621.746, 111
Trd, 2591621.796, 109
Trd, 2591622.829, 107
Trd, 2591623.396, 106
Trd, 2591623.446, 107
Trd, 2591624.296, 102
Trd, 2591625.529, 98
Trd, 2591625.696, 94
Trd, 2591626.163, 103
Trd, 2591627.396, 100
Trd, 2591627.713, 102
Trd, 2591627.729, 101
Trd, 2591628.096, 101
Trd, 2591628.496, 101
Trd, 2591628.679, 104
Trd, 2591629.213, 105
Trd, 2591629.646, 118
Trd, 2591630.096, 118
Trd, 2591630.929, 105
Trd, 2591631.496, 104
Trd, 2591632.896, 108
Trd, 2591634.213, 103
Trd, 2591634.446, 101
Trd, 2591635.646, 102
Trd, 2591636.113, 98
Trd, 2591636.163, 101
Trd, 2591636.513, 96
Trd, 2591636.563, 113
Trd, 2591637.063, 112
Trd, 2591638.429, 113
Trd, 2591639.546, 106
Trd, 2591640.229, 101
Trd, 2591640.496, 100
Trd, 2591641.629, 100
Trd, 2591641.946, 101
Trd, 2591642.246, 98
Trd, 2591643.996, 98
Trd, 2591644.879, 100
Trd, 2591645.846, 98
Trd, 2591646.346, 98
Trd, 2591647.096, 98
Trd, 2591647.196, 99
Trd, 2591647.713, 98
Trd, 2591648.679, 101
Trd, 2591648.946, 97
Trd, 2591649.213, 102
Trd, 2591649.296, 105
Trd, 2591651.196, 108
Trd, 2591651.646, 102
Trd, 2591652.063, 110
Trd, 2591652.229, 105
Trd, 2591652.946, 112
Trd, 2591653.413, 101
Trd, 2591653.563, 113
Trd, 2591654.246, 94
Trd, 2591654.613, 96
Trd, 2591654.846, 98
Trd, 2591655.996, 95
Trd, 2591656.913, 110
Trd, 2591658.163, 106
Trd, 2591658.996, 104
Trd, 2591659.229, 102
Trd, 2591659.479, 101
Trd, 2591660.179, 108
Trd, 2591660.363, 108
Trd, 2591660.579, 95
Trd, 2591661.163, 113
Trd, 2591661.946, 114
Trd, 2591662.696, 106
Trd, 2591663.896, 101
Trd, 2591664.063, 103
Trd, 2591664.763, 103
Trd, 2591664.979, 102
Trd, 2591665.729, 97
Trd, 2591666.613, 98
Trd, 2591666.946, 94
Trd, 2591668.279, 89
Trd, 2591668.463, 88
Trd, 2591669.529, 88
Trd, 2591669.546, 89
Trd, 2591669.563, 90
Trd, 2591669.613, 91
Trd, 2591670.813, 101
Trd, 2591670.946, 87
Trd, 2591671.129, 105
Trd, 2591672.113, 89
Trd, 2591675.363, 97
Trd, 2591676.146, 97
Trd, 2591676.363, 95
Trd, 2591676.479, 101
Trd, 2591677.796, 91
Trd, 2591679.329, 99
Trd, 2591679.679, 92
Trd, 2591680.396, 100
Trd, 2591680.513, 91
Trd, 2591681.279, 98
Trd, 2591681.313, 99
Trd, 2591682.346, 100
Trd, 2591683.263, 100
Trd, 2591683.496, 101
Trd, 2591683.629, 105
Trd, 2591684.813, 110
Trd, 2591685.363, 111
Trd, 2591685.513, 110
Trd, 2591685.629, 107
Trd, 2591686.229, 102
Trd, 2591687.096, 105
Trd, 2591687.829, 106
Trd, 2591688.263, 106
Trd, 2591689.513, 106
Trd, 2591689.763, 107
Trd, 2591690.263, 107
Trd, 2591691.063, 106
Trd, 2591692.446, 107
Trd, 2591692.729, 105
Trd, 2591693.013, 101
Trd, 2591693.279, 108
Trd, 2591694.646, 114
Trd, 2591695.013, 113
Trd, 2591695.229, 119
Trd, 2591695.263, 98
Trd, 2591695.529, 118
Trd, 2591697.163, 95
Trd, 2591697.696, 121
Trd, 2591698.996, 108
Trd, 2591699.163, 120
Trd, 2591699.913, 107
Trd, 2591700.179, 105
Trd, 2591701.129, 96
Trd, 2591702.913, 101
Trd, 2591703.429, 94
Trd, 2591703.663, 93
Trd, 2591704.946, 91
Trd, 2591705.263, 91
Trd, 2591706.013, 92
Trd, 2591706.096, 86
Trd, 2591706.496, 101
Trd, 2591708.979, 103
Trd, 2591709.079, 94
Trd, 2591709.379, 105
Trd, 2591710.663, 100
Trd, 2591710.879, 102
Trd, 2591710.896, 99
Trd, 2591711.129, 102
Trd, 2591711.429, 104
Trd, 2591711.713, 116
Trd, 2591711.746, 105
Trd, 2591712.063, 108
Trd, 2591713.846, 106
Trd, 2591714.579, 103
Trd, 2591716.363, 100
Trd, 2591717.313, 100
Trd, 2591718.063, 101
Trd, 2591719.029, 96
Trd, 2591719.179, 87
Trd, 2591719.313, 74
Trd, 2591719.529, 92
Trd, 2591719.663, 100
Trd, 2591720.046, 74
Trd, 2591720.413, 98
Trd, 2591721.513, 100
Trd, 2591722.246, 95
Trd, 2591722.546, 97
Trd, 2591722.929, 97
Trd, 2591723.479, 97
Trd, 2591723.579, 105
Trd, 2591724.196, 110
Trd, 2591724.229, 112
Trd, 2591725.629, 94
Trd, 2591726.163, 94
Trd, 2591726.463, 110
Trd, 2591726.646, 113
Trd, 2591728.446, 93
Trd, 2591728.763, 109
Trd, 2591729.363, 110
Trd, 2591729.563, 109
Trd, 2591729.596, 108
Trd, 2591732.029, 108
Trd, 2591732.429, 107
Trd, 2591733.363, 105
Trd, 2591733.379, 97
Trd, 2591733.396, 107
Trd, 2591734.896, 103
Trd, 2591734.963, 91
Trd, 2591735.246, 103
Trd, 2591737.663, 101
Trd, 2591737.829, 110
Trd, 2591738.396, 109
Trd, 2591738.563, 112
Trd, 2591739.096, 108
Trd, 2591739.246, 111
Trd, 2591740.796, 108
Trd, 2591741.963, 108
Trd, 2591741.996, 107
Trd, 2591742.196, 105
Trd, 2591743.746, 101
Trd, 2591743.979, 99
Trd, 2591744.446, 99
Trd, 2591744.929, 99
Trd, 2591746.329, 97
Trd, 2591746.413, 94
Trd, 2591747.279, 86
Trd, 2591747.513, 87
Trd, 2591748.463, 98
Trd, 2591749.129, 97
Trd, 2591749.946, 110
Trd, 2591749.979, 112
Trd, 2591750.763, 97
Trd, 2591751.929, 105
Trd, 2591752.329, 112
Trd, 2591752.579, 112
Trd, 2591752.663, 115
Trd, 2591753.879, 98
Trd, 2591754.146, 98
Trd, 2591754.379, 98
Trd, 2591754.563, 109
Trd, 2591754.663, 97
Trd, 2591754.896, 94
Trd, 2591756.529, 103
Trd, 2591758.079, 101
Trd, 2591758.313, 101
Trd, 2591760.079, 111
Trd, 2591760.496, 122
Trd, 2591761.696, 121
Trd, 2591762.113, 108
Trd, 2591762.196, 125
Trd, 2591763.196, 108
Trd, 2591763.946, 107
Trd, 2591764.029, 106
Trd, 2591764.279, 106
Trd, 2591764.746, 105
Trd, 2591764.846, 106
Trd, 2591765.546, 101
Trd, 2591765.663, 98
Trd, 2591765.863, 108
Trd, 2591765.963, 109
Trd, 2591766.363, 98
Trd, 2591766.563, 112
Trd, 2591766.579, 118
Trd, 2591767.229, 115
Trd, 2591770.013, 110
Trd, 2591770.479, 103
Trd, 2591771.613, 106
Trd, 2591772.596, 105
Trd, 2591772.663, 106
Trd, 2591773.263, 106
Trd, 2591774.896, 108
Trd, 2591775.246, 109
Trd, 2591775.529, 110
Trd, 2591775.813, 107
Trd, 2591776.879, 101
Trd, 2591777.813, 107
Trd, 2591778.063, 94
Trd, 2591780.113, 101
Trd, 2591780.163, 102
Trd, 2591781.146, 104
Trd, 2591781.296, 105
Trd, 2591782.063, 113
Trd, 2591782.396, 104
Trd, 2591782.646, 101
Trd, 2591782.679, 115
Trd, 2591783.046, 97
Trd, 2591783.296, 91
Trd, 2591785.079, 111
Trd, 2591785.913, 92
Trd, 2591786.629, 108
Trd, 2591786.813, 86
Trd, 2591787.429, 105
Trd, 2591787.496, 106
Trd, 2591787.546, 105
Trd, 2591789.129, 95
Trd, 2591789.263, 113
Trd, 2591789.696, 109
Trd, 2591789.863, 112
Trd, 2591790.329, 114
Trd, 2591791.246, 115
Trd, 2591792.129, 118
Trd, 2591792.279, 94
Trd, 2591794.179, 114
Trd, 2591794.346, 115
Trd, 2591794.463, 98
Trd, 2591795.029, 117
Trd, 2591795.113, 118
Trd, 2591795.279, 105
Trd, 2591796.479, 99
Trd, 2591797.063, 100
Trd, 2591797.529, 98
Trd, 2591797.829, 103
Trd, 2591798.413, 99
Trd, 2591798.546, 103
Trd, 2591800.913, 100
Trd, 2591801.113, 94
Trd, 2591801.479, 87
Trd, 2591802.013, 97
Trd, 2591804.046, 90
Trd, 2591804.596, 93
Trd, 2591805.679, 97
Trd, 2591806.296, 98
Trd, 2591807.829, 98
Trd, 2591808.046, 101
Trd, 2591808.296, 100
Trd, 2591809.546, 112
Trd, 2591809.746, 106
Trd, 2591809.879, 106
Trd, 2591810.696, 105
Trd, 2591811.629, 105
Trd, 2591812.213, 110
Trd, 2591812.679, 94
Trd, 2591812.879, 93
Trd, 2591813.013, 90
Trd, 2591813.996, 110
Trd, 2591814.929, 105
Trd, 2591815.263, 114
Trd, 2591816.479, 99
Trd, 2591816.696, 96
Trd, 2591817.129, 94
Trd, 2591817.429, 103
Trd, 2591818.013, 104
Trd, 2591818.329, 87
Trd, 2591820.429, 96
Trd, 2591820.763, 81
Trd, 2591821.196, 95
Trd, 2591821.229, 96
Trd, 2591821.796, 100
Trd, 2591822.113, 101
Trd, 2591823.279, 105
Trd, 2591824.263, 111
Trd, 2591826.146, 100
Trd, 2591826.163, 99
Trd, 2591826.413, 100
Trd, 2591826.613, 100
Trd, 2591826.829, 99
Trd, 2591826.846, 103
Trd, 2591827.596, 105
Trd, 2591828.413, 98
Trd, 2591830.579, 109
Trd, 2591830.829, 108
Trd, 2591831.029, 111
Trd, 2591832.113, 112
Trd, 2591832.896, 89
Trd, 2591833.263, 115
Trd, 2591834.213, 111
Trd, 2591834.246, 98
Trd, 2591834.579, 112
Trd, 2591834.613, 98
Trd, 2591835.046, 116
Trd, 2591835.979, 117
Trd, 2591836.179, 115
Trd, 2591836.429, 118
Trd, 2591836.813, 114
Trd, 2591837.046, 95
Trd, 2591837.329, 94
Trd, 2591838.629, 109
Trd, 2591838.896, 110
Trd, 2591840.413, 105
Trd, 2591840.513, 98
Trd, 2591840.796, 106
Trd, 2591841.513, 99
Trd, 2591841.746, 97
Trd, 2591844.313, 104
Trd, 2591845.229, 103
Trd, 2591845.346, 101
Trd, 2591847.046, 104
Trd, 2591848.929, 103
Trd, 2591849.479, 102
Trd, 2591850.329, 99
Trd, 2591851.546, 101
Trd, 2591851.596, 98
Trd, 2591852.013, 100
Trd, 2591852.129, 94
Trd, 2591852.496, 100
Trd, 2591853.329, 105
Trd, 2591853.829, 112
Trd, 2591854.179, 98
Trd, 2591855.296, 99
Trd, 2591855.846, 99
Trd, 2591855.863, 98
Trd, 2591856.029, 100
Trd, 2591856.063, 107
Trd, 2591856.079, 108
Trd, 2591856.263, 98
Trd, 2591858.679, 116
Trd, 2591860.563, 116
Trd, 2591860.796, 116
Trd, 2591860.813, 117
Trd, 2591861.046, 118
Trd, 2591861.229, 114
Trd, 2591861.363, 112
Trd, 2591861.529, 108
Trd, 2591862.629, 108
Trd, 2591863.413, 103
Trd, 2591863.879, 103
Trd, 2591864.646, 109
Trd, 2591866.179, 101
Trd, 2591866.663, 95
Trd, 2591866.779, 99
Trd, 2591867.313, 99
Trd, 2591868.013, 98
Trd, 2591868.746, 97
Trd, 2591868.913, 98
Trd, 2591869.779, 109
Trd, 2591869.913, 99
Trd, 2591869.979, 95
Trd, 2591870.479, 113
Trd, 2591872.113, 114
Trd, 2591873.329, 113
Trd, 2591873.396, 114
Trd, 2591874.063, 113
Trd, 2591874.179, 98
Trd, 2591874.713, 97
Trd, 2591874.813, 94
Trd, 2591876.346, 107
Trd, 2591876.613, 96
Trd, 2591876.813, 106
Trd, 2591878.396, 105
Trd, 2591878.446, 113
Trd, 2591878.646, 101
Trd, 2591878.713, 112
Trd, 2591878.846, 113
Trd, 2591879.863, 114
Trd, 2591880.429, 109
Trd, 2591880.929, 108
Trd, 2591882.863, 108
Trd, 2591883.563, 105
Trd, 2591883.979, 101
Trd, 2591885.463, 99
Trd, 2591886.396, 98
Trd, 2591887.313, 100
Trd, 2591887.963, 100
Trd, 2591888.179, 98
Trd, 2591888.296, 92
Trd, 2591889.129, 86
Trd, 2591889.763, 96
Trd, 2591889.979, 98
Trd, 2591890.096, 100
Trd, 2591890.963, 101
Trd, 2591891.113, 105
Trd, 2591891.229, 110
Trd, 2591891.429, 111
Trd, 2591893.163, 110
Trd, 2591893.229, 101
Trd, 2591894.163, 103
Trd, 2591895.546, 104
Trd, 2591895.629, 104
Trd, 2591897.163, 110
Trd, 2591897.179, 99
Trd, 2591898.796, 105
Trd, 2591899.229, 99
Trd, 2591900.046, 106
Trd, 2591900.929, 104
Trd, 2591901.629, 99
Trd, 2591902.463, 104
Trd, 2591902.746, 105
Trd, 2591902.829, 106
Trd, 2591903.863, 108
Trd, 2591905.113, 106
Trd, 2591905.813, 103
Trd, 2591906.463, 104
Trd, 2591906.679, 104
Trd, 2591906.729, 105
Trd, 2591906.896, 106
Trd, 2591908.479, 104
Trd, 2591909.563, 104
Trd, 2591909.579, 102
Trd, 2591911.279, 105
Trd, 2591911.879, 99
Trd, 2591912.296, 107
Trd, 2591913.079, 111
Trd, 2591913.563, 100
Trd, 2591914.663, 105
Trd, 2591915.563, 98
Trd, 2591915.763, 101
Trd, 2591916.296, 105
Trd, 2591916.496, 92
Trd, 2591916.779, 109
Trd, 2591916.879, 87
Trd, 2591917.479, 108
Trd, 2591917.629, 112
Trd, 2591918.696, 108
Trd, 2591920.163, 108
Trd, 2591921.229, 106
Trd, 2591922.913, 109
Trd, 2591923.196, 107
Trd, 2591923.596, 109
Trd, 2591923.763, 107
Trd, 2591925.096, 106
Trd, 2591925.129, 110
Trd, 2591926.513, 110
Trd, 2591926.796, 108
Trd, 2591927.179, 115
Trd, 2591927.779, 118
Trd, 2591928.329, 112
Trd, 2591928.446, 111
Trd, 2591928.463, 109
Trd, 2591930.846, 110
Trd, 2591931.213, 114
Trd, 2591931.313, 107
Trd, 2591931.829, 105
Trd, 2591931.846, 101
Trd, 2591933.479, 106
Trd, 2591933.713, 98
Trd, 2591934.213, 105
Trd, 2591934.313, 105
Trd, 2591934.496, 94
Trd, 2591934.696, 87
Trd, 2591934.829, 114
Trd, 2591935.029, 117
Trd, 2591935.163, 76
Trd, 2591937.313, 84
Trd, 2591937.579, 80
Trd, 2591938.129, 85
Trd, 2591940.613, 87
Trd, 2591941.029, 88
Trd, 2591941.879, 98
Trd, 2591943.229, 100
Trd, 2591943.363, 101
Trd, 2591944.113, 101
Trd, 2591944.713, 107
Trd, 2591945.429, 108
Trd, 2591945.779, 106
Trd, 2591946.246, 103
Trd, 2591946.463, 97
Trd, 2591946.563, 105
Trd, 2591947.413, 91
Trd, 2591947.563, 100
Trd, 2591948.029, 84
Trd, 2591948.596, 100
Trd, 2591949.929, 99
Trd, 2591950.529, 98
Trd, 2591950.813, 101
Trd, 2591952.579, 99
Trd, 2591952.729, 106
Trd, 2591953.179, 111
Trd, 2591953.279, 112
Trd, 2591953.563, 115
Trd, 2591953.729, 96
Trd, 2591954.563, 96
Trd, 2591954.763, 94
Trd, 2591956.896, 100
Trd, 2591957.796, 105
Trd, 2591958.746, 99
Trd, 2591959.429, 102
Trd, 2591960.146, 102
Trd, 2591961.079, 101
Trd, 2591961.096, 102
Trd, 2591962.013, 101
Trd, 2591962.563, 101
Trd, 2591962.679, 101
Trd, 2591962.813, 102
Trd, 2591962.913, 105
Trd, 2591963.329, 115
Trd, 2591963.413, 100
Trd, 2591963.946, 115
Trd, 2591964.629, 117
Trd, 2591966.879, 109
Trd, 2591967.746, 108
Trd, 2591968.046, 109
Trd, 2591968.579, 100
Trd, 2591969.346, 109
Trd, 2591969.429, 95
Trd, 2591970.679, 116
Trd, 2591970.929, 95
Trd, 2591971.329, 93
Trd, 2591971.913, 103
Trd, 2591972.813, 115
Trd, 2591973.496, 95
Trd, 2591973.546, 110
Trd, 2591975.029, 106
Trd, 2591975.246, 106
Trd, 2591975.446, 105
Trd, 2591975.796, 101
Trd, 2591976.163, 105
Trd, 2591976.479, 104
Trd, 2591977.396, 99
Trd, 2591977.579, 104
Trd, 2591978.096, 108
Trd, 2591979.596, 103
Trd, 2591980.029, 103
Trd, 2591982.129, 103
Trd, 2591982.663, 103
Trd, 2591982.713, 105
Trd, 2591983.046, 116
Trd, 2591983.413, 115
Trd, 2591984.613, 108
Trd, 2591986.163, 106
Trd, 2591987.129, 100
Trd, 2591987.146, 105
Trd, 2591987.196, 94
Trd, 2591988.163, 99
Trd, 2591988.346, 98
Trd, 2591988.846, 101
Trd, 2591989.596, 100
Trd, 2591989.863, 104
Trd, 2591989.879, 105
Trd, 2591991.063, 102
Trd, 2591991.929, 95
Trd, 2591993.129, 103
Trd, 2591993.646, 98
Trd, 2591994.263, 102
Trd, 2591994.429, 102
Trd, 2591994.729, 101
Trd, 2591995.129, 109
Trd, 2591995.446, 112
Trd, 2591995.546, 118
Trd, 2591995.896, 101
Trd, 2591998.346, 112
Trd, 2591998.896, 109
Trd, 2591999.513, 112
Trd, 2591999.829, 108
Trd, 2591999.879, 108
