Trd, 2590674.363, 95
Trd, 2590674.513, 91
Trd, 2590674.713, 113
Trd, 2590674.963, 93
Trd, 2590675.279, 92
Trd, 2590675.296, 91
Trd, 2590675.796, 90
Trd, 2590678.979, 95
Trd, 2590679.179, 96
Trd, 2590679.346, 94
Trd, 2590679.813, 95
Trd, 2590680.963, 88
Trd, 2590681.429, 92
Trd, 2590681.446, 85
Trd, 2590681.646, 94
Trd, 2590682.546, 98
Trd, 2590682.863, 98
Trd, 2590683.663, 98
Trd, 2590684.229, 100
Trd, 2590684.346, 101
Trd, 2590685.413, 100
Trd, 2590686.363, 109
Trd, 2590686.529, 108
Trd, 2590686.779, 110
Trd, 2590688.679, 101
Trd, 2590689.179, 102
Trd, 2590689.379, 98
Trd, 2590689.546, 91
Trd, 2590691.029, 98
Trd, 2590691.796, 100
Trd, 2590692.096, 98
Trd, 2590692.313, 95
Trd, 2590693.763, 101
Trd, 2590693.913, 92
Trd, 2590694.863, 92
Trd, 2590695.379, 108
Trd, 2590697.129, 93
Trd, 2590697.296, 93
Trd, 2590698.046, 94
Trd, 2590698.713, 97
Trd, 2590699.413, 96
Trd, 2590700.063, 97
Trd, 2590700.896, 98
Trd, 2590701.313, 98
Trd, 2590702.896, 99
Trd, 2590704.279, 97
Trd, 2590704.379, 94
Trd, 2590704.813, 99
Trd, 2590705.063, 95
Trd, 2590705.529, 96
Trd, 2590705.863, 94
Trd, 2590706.413, 98
Trd, 2590707.229, 93
Trd, 2590707.279, 101
Trd, 2590707.396, 91
Trd, 2590708.663, 107
Trd, 2590711.613, 103
Trd, 2590712.196, 104
Trd, 2590712.579, 104
Trd, 2590712.979, 105
Trd, 2590713.529, 105
Trd, 2590714.896, 104
Trd, 2590715.096, 103
Trd, 2590715.329, 110
Trd, 2590715.596, 97
Trd, 2590715.946, 111
Trd, 2590716.863, 107
Trd, 2590717.746, 101
Trd, 2590718.896, 105
Trd, 2590718.929, 105
Trd, 2590719.279, 106
Trd, 2590719.579, 104
Trd, 2590720.029, 106
Trd, 2590720.929, 107
Trd, 2590721.146, 103
Trd, 2590721.629, 116
Trd, 2590722.313, 114
Trd, 2590723.096, 105
Trd, 2590724.229, 109
Trd, 2590724.313, 98
Trd, 2590724.329, 94
Trd, 2590725.229, 95
Trd, 2590725.629, 94
Trd, 2590725.813, 108
Trd, 2590727.196, 105
Trd, 2590728.863, 106
Trd, 2590728.929, 110
Trd, 2590729.663, 107
Trd, 2590730.329, 108
Trd, 2590731.563, 107
Trd, 2590732.213, 99
Trd, 2590735.496, 103
Trd, 2590735.796, 106
Trd, 2590736.013, 98
Trd, 2590737.129, 109
Trd, 2590737.313, 108
Trd, 2590737.779, 108
Trd, 2590737.963, 109
Trd, 2590738.429, 111
Trd, 2590738.929, 103
Trd, 2590739.196, 101
Trd, 2590740.063, 101
Trd, 2590740.829, 111
Trd, 2590741.279, 110
Trd, 2590741.613, 111
Trd, 2590741.746, 112
Trd, 2590741.946, 111
Trd, 2590741.979, 110
Trd, 2590741.996, 107
Trd, 2590742.546, 118
Trd, 2590743.096, 99
Trd, 2590743.796, 99
Trd, 2590744.679, 98
Trd, 2590745.946, 95
Trd, 2590746.129, 114
Trd, 2590746.529, 94
Trd, 2590749.029, 92
Trd, 2590750.146, 91
Trd, 2590750.313, 106
Trd, 2590750.446, 87
Trd, 2590750.896, 81
Trd, 2590753.296, 101
Trd, 2590754.013, 89
Trd, 2590754.429, 87
Trd, 2590755.196, 99
Trd, 2590755.996, 98
Trd, 2590757.546, 92
Trd, 2590758.613, 91
Trd, 2590759.346, 89
Trd, 2590759.429, 90
Trd, 2590759.513, 92
Trd, 2590759.896, 95
Trd, 2590760.579, 98
Trd, 2590761.646, 99
Trd, 2590761.913, 99
Trd, 2590762.529, 101
Trd, 2590762.596, 100
Trd, 2590762.696, 98
Trd, 2590763.313, 98
Trd, 2590763.329, 94
Trd, 2590764.746, 99
Trd, 2590765.413, 96
Trd, 2590766.829, 106
Trd, 2590767.129, 107
Trd, 2590767.346, 108
Trd, 2590767.829, 104
Trd, 2590767.979, 97
Trd, 2590768.579, 91
Trd, 2590768.896, 87
Trd, 2590769.596, 117
Trd, 2590772.129, 102
Trd, 2590772.446, 103
Trd, 2590773.229, 103
Trd, 2590773.529, 104
Trd, 2590773.829, 104
Trd, 2590773.846, 105
Trd, 2590774.829, 107
Trd, 2590775.013, 109
Trd, 2590776.113, 112
Trd, 2590776.313, 108
Trd, 2590778.213, 107
Trd, 2590778.346, 107
Trd, 2590778.429, 97
Trd, 2590778.996, 94
Trd, 2590779.329, 109
Trd, 2590780.596, 114
Trd, 2590780.763, 115
Trd, 2590783.513, 105
Trd, 2590783.979, 107
Trd, 2590784.063, 106
Trd, 2590784.729, 106
Trd, 2590784.763, 98
Trd, 2590785.946, 112
Trd, 2590787.079, 109
Trd, 2590787.563, 101
Trd, 2590788.429, 103
Trd, 2590788.963, 103
Trd, 2590789.079, 103
Trd, 2590789.496, 102
Trd, 2590790.213, 96
Trd, 2590790.679, 98
Trd, 2590791.079, 101
Trd, 2590791.446, 98
Trd, 2590792.079, 99
Trd, 2590792.179, 98
Trd, 2590792.379, 94
Trd, 2590793.129, 95
Trd, 2590794.079, 96
Trd, 2590794.113, 98
Trd, 2590794.246, 110
Trd, 2590795.329, 91
Trd, 2590797.563, 103
Trd, 2590797.896, 105
Trd, 2590798.496, 109
Trd, 2590798.713, 99
Trd, 2590800.179, 97
Trd, 2590800.663, 97
Trd, 2590801.196, 101
Trd, 2590801.596, 100
Trd, 2590802.146, 101
Trd, 2590803.796, 111
Trd, 2590803.996, 110
Trd, 2590804.846, 110
Trd, 2590804.963, 112
Trd, 2590805.779, 109
Trd, 2590806.146, 112
Trd, 2590808.046, 111
Trd, 2590808.696, 110
Trd, 2590808.863, 105
Trd, 2590809.846, 104
Trd, 2590809.879, 106
Trd, 2590810.229, 100
Trd, 2590811.913, 103
Trd, 2590813.263, 101
Trd, 2590814.196, 100
Trd, 2590814.679, 99
Trd, 2590815.146, 98
Trd, 2590815.479, 93
Trd, 2590815.779, 99
Trd, 2590817.713, 94
Trd, 2590817.963, 98
Trd, 2590818.396, 94
Trd, 2590818.546, 93
Trd, 2590818.663, 100
Trd, 2590819.279, 92
Trd, 2590819.346, 91
Trd, 2590819.713, 101
Trd, 2590820.213, 108
Trd, 2590820.379, 107
Trd, 2590821.246, 94
Trd, 2590821.746, 93
Trd, 2590822.463, 111
Trd, 2590823.546, 91
Trd, 2590823.596, 87
Trd, 2590824.563, 112
Trd, 2590824.663, 94
Trd, 2590826.263, 84
Trd, 2590826.713, 109
Trd, 2590827.446, 97
Trd, 2590829.663, 97
Trd, 2590829.913, 97
Trd, 2590831.096, 99
Trd, 2590831.479, 100
Trd, 2590831.613, 101
Trd, 2590831.779, 101
Trd, 2590831.796, 102
Trd, 2590832.446, 105
Trd, 2590832.463, 108
Trd, 2590832.479, 103
Trd, 2590832.546, 96
Trd, 2590833.446, 113
Trd, 2590833.596, 109
Trd, 2590833.913, 108
Trd, 2590834.179, 113
Trd, 2590834.463, 95
Trd, 2590834.979, 94
Trd, 2590835.046, 91
Trd, 2590839.696, 102
Trd, 2590839.996, 102
Trd, 2590840.513, 102
Trd, 2590841.046, 101
Trd, 2590841.213, 102
Trd, 2590841.496, 101
Trd, 2590843.413, 98
Trd, 2590843.546, 95
Trd, 2590844.129, 83
Trd, 2590845.663, 99
Trd, 2590846.846, 88
Trd, 2590847.263, 98
Trd, 2590847.329, 90
Trd, 2590847.646, 88
Trd, 2590848.496, 91
Trd, 2590848.813, 93
Trd, 2590849.646, 92
Trd, 2590850.113, 101
Trd, 2590851.063, 106
Trd, 2590852.029, 98
Trd, 2590852.746, 101
Trd, 2590852.963, 102
Trd, 2590853.246, 110
Trd, 2590854.279, 103
Trd, 2590854.746, 111
Trd, 2590854.763, 113
Trd, 2590855.579, 102
Trd, 2590856.496, 115
Trd, 2590856.563, 101
Trd, 2590857.896, 100
Trd, 2590858.046, 99
Trd, 2590859.379, 100
Trd, 2590860.329, 101
Trd, 2590860.646, 102
Trd, 2590861.763, 99
Trd, 2590861.929, 98
Trd, 2590862.196, 101
Trd, 2590862.763, 104
Trd, 2590863.096, 98
Trd, 2590863.429, 102
Trd, 2590866.346, 96
Trd, 2590866.563, 96
Trd, 2590867.846, 95
Trd, 2590867.879, 96
Trd, 2590868.079, 110
Trd, 2590868.313, 95
Trd, 2590869.796, 94
Trd, 2590870.563, 93
Trd, 2590871.163, 92
Trd, 2590871.396, 109
Trd, 2590872.296, 111
Trd, 2590872.513, 92
Trd, 2590872.929, 113
Trd, 2590873.796, 92
Trd, 2590874.613, 91
Trd, 2590874.779, 93
Trd, 2590875.163, 98
Trd, 2590875.363, 89
Trd, 2590876.396, 98
Trd, 2590878.096, 97
Trd, 2590879.713, 102
Trd, 2590880.146, 102
Trd, 2590880.446, 103
Trd, 2590880.813, 105
Trd, 2590881.413, 102
Trd, 2590882.296, 107
Trd, 2590883.663, 107
Trd, 2590883.779, 108
Trd, 2590885.646, 108
Trd, 2590886.113, 107
Trd, 2590887.029, 99
Trd, 2590887.913, 99
Trd, 2590888.113, 99
Trd, 2590888.279, 98
Trd, 2590889.046, 94
Trd, 2590889.229, 91
Trd, 2590889.563, 100
Trd, 2590889.829, 101
Trd, 2590889.863, 102
Trd, 2590890.213, 91
Trd, 2590890.929, 92
Trd, 2590891.196, 108
Trd, 2590892.429, 92
Trd, 2590893.546, 100
Trd, 2590894.129, 96
Trd, 2590894.346, 94
Trd, 2590894.496, 91
Trd, 2590895.029, 92
Trd, 2590895.163, 91
Trd, 2590895.296, 97
Trd, 2590896.113, 88
Trd, 2590897.913, 93
Trd, 2590898.063, 96
Trd, 2590898.579, 101
Trd, 2590899.579, 100
Trd, 2590901.479, 111
Trd, 2590901.979, 110
Trd, 2590902.163, 116
Trd, 2590902.496, 109
Trd, 2590904.963, 109
Trd, 2590905.329, 108
Trd, 2590906.629, 109
Trd, 2590906.846, 112
Trd, 2590906.946, 109
Trd, 2590907.263, 119
Trd, 2590907.713, 108
Trd, 2590907.996, 108
Trd, 2590908.196, 102
Trd, 2590909.079, 101
Trd, 2590909.096, 108
Trd, 2590909.713, 107
Trd, 2590910.313, 100
Trd, 2590910.363, 98
Trd, 2590912.513, 97
Trd, 2590912.813, 97
Trd, 2590913.263, 95
Trd, 2590915.213, 99
Trd, 2590915.796, 99
Trd, 2590916.579, 98
Trd, 2590916.629, 99
Trd, 2590916.946, 98
Trd, 2590917.296, 107
Trd, 2590917.679, 109
Trd, 2590918.629, 108
Trd, 2590919.163, 94
Trd, 2590919.329, 112
Trd, 2590919.779, 93
Trd, 2590919.829, 110
Trd, 2590920.779, 108
Trd, 2590921.679, 108
Trd, 2590923.696, 103
Trd, 2590923.763, 102
Trd, 2590924.629, 98
Trd, 2590924.646, 100
Trd, 2590925.946, 99
Trd, 2590925.963, 109
Trd, 2590926.513, 98
Trd, 2590927.629, 99
Trd, 2590928.579, 99
Trd, 2590928.863, 99
Trd, 2590929.379, 99
Trd, 2590930.363, 98
Trd, 2590930.963, 98
Trd, 2590931.946, 94
Trd, 2590932.346, 94
Trd, 2590932.796, 95
Trd, 2590933.929, 97
Trd, 2590934.163, 96
Trd, 2590935.196, 96
Trd, 2590935.379, 94
Trd, 2590935.796, 92
Trd, 2590936.179, 91
Trd, 2590936.863, 101
Trd, 2590937.063, 88
Trd, 2590937.813, 106
Trd, 2590938.779, 104
Trd, 2590939.713, 90
Trd, 2590939.896, 91
Trd, 2590940.796, 90
Trd, 2590940.879, 97
Trd, 2590941.946, 88
Trd, 2590942.196, 98
Trd, 2590943.913, 85
Trd, 2590944.613, 106
Trd, 2590945.379, 113
Trd, 2590945.429, 96
Trd, 2590945.779, 113
Trd, 2590946.879, 107
Trd, 2590948.279, 106
Trd, 2590948.313, 105
Trd, 2590949.613, 105
Trd, 2590950.113, 106
Trd, 2590950.213, 105
Trd, 2590950.563, 99
Trd, 2590950.979, 98
Trd, 2590952.046, 97
Trd, 2590952.213, 93
Trd, 2590953.829, 97
Trd, 2590954.629, 96
Trd, 2590954.896, 95
Trd, 2590955.179, 97
Trd, 2590955.546, 98
Trd, 2590955.713, 93
Trd, 2590955.746, 100
Trd, 2590955.963, 92
Trd, 2590956.413, 93
Trd, 2590958.046, 109
Trd, 2590958.146, 110
Trd, 2590958.713, 113
Trd, 2590959.546, 111
Trd, 2590960.629, 109
Trd, 2590960.696, 100
Trd, 2590960.746, 112
Trd, 2590962.629, 103
Trd, 2590964.213, 109
Trd, 2590964.713, 105
Trd, 2590966.063, 97
Trd, 2590966.279, 96
Trd, 2590966.363, 99
Trd, 2590966.746, 97
Trd, 2590967.429, 98
Trd, 2590967.879, 98
Trd, 2590969.029, 101
Trd, 2590969.613, 101
Trd, 2590969.779, 104
Trd, 2590970.613, 100
Trd, 2590971.796, 105
Trd, 2590972.196, 101
Trd, 2590972.946, 102
Trd, 2590973.196, 101
Trd, 2590973.229, 94
Trd, 2590973.429, 104
Trd, 2590976.446, 98
Trd, 2590977.563, 100
Trd, 2590977.696, 101
Trd, 2590977.779, 101
Trd, 2590978.329, 99
Trd, 2590978.813, 100
Trd, 2590978.913, 105
Trd, 2590980.329, 101
Trd, 2590980.829, 108
Trd, 2590982.213, 103
Trd, 2590983.096, 102
Trd, 2590984.079, 104
Trd, 2590984.979, 103
Trd, 2590985.363, 101
Trd, 2590986.163, 102
Trd, 2590986.213, 97
Trd, 2590987.413, 100
Trd, 2590988.096, 102
Trd, 2590988.829, 100
Trd, 2590989.479, 101
Trd, 2590990.379, 101
Trd, 2590990.729, 104
Trd, 2590991.246, 98
Trd, 2590991.296, 95
Trd, 2590991.646, 96
Trd, 2590993.179, 100
Trd, 2590993.729, 110
Trd, 2590994.063, 99
Trd, 2590995.946, 110
Trd, 2590997.363, 108
Trd, 2590997.813, 107
Trd, 2590997.979, 102
Trd, 2590998.546, 99
Trd, 2590999.729, 101
Trd, 2590999.846, 99
Trd, 2591000.013, 104
Trd, 2591000.179, 105
Trd, 2591000.996, 101
Trd, 2591001.679, 106
Trd, 2591001.946, 97
Trd, 2591002.129, 97
Trd, 2591002.279, 94
Trd, 2591002.913, 107
Trd, 2591004.646, 109
Trd, 2591005.563, 101
Trd, 2591005.613, 100
Trd, 2591006.996, 106
Trd, 2591007.429, 106
Trd, 2591008.013, 106
Trd, 2591008.029, 114
Trd, 2591008.496, 115
Trd, 2591009.913, 108
Trd, 2591011.246, 107
Trd, 2591011.263, 106
Trd, 2591011.279, 111
Trd, 2591012.363, 106
Trd, 2591012.963, 105
Trd, 2591013.229, 107
Trd, 2591014.546, 94
Trd, 2591014.913, 98
Trd, 2591015.179, 94
Trd, 2591016.379, 97
Trd, 2591016.629, 102
Trd, 2591018.179, 110
Trd, 2591019.329, 111
Trd, 2591019.763, 110
Trd, 2591020.429, 110
Trd, 2591020.713, 111
Trd, 2591020.863, 109
Trd, 2591021.346, 114
Trd, 2591022.046, 101
Trd, 2591022.513, 100
Trd, 2591022.613, 97
Trd, 2591023.829, 108
Trd, 2591025.713, 103
Trd, 2591025.813, 102
Trd, 2591026.796, 99
Trd, 2591027.813, 101
Trd, 2591027.929, 101
Trd, 2591028.029, 99
Trd, 2591028.246, 94
Trd, 2591029.629, 98
Trd, 2591029.863, 100
Trd, 2591031.279, 111
Trd, 2591032.096, 115
Trd, 2591033.296, 102
Trd, 2591034.263, 105
Trd, 2591035.046, 108
Trd, 2591035.513, 108
Trd, 2591036.213, 108
Trd, 2591036.463, 109
Trd, 2591037.346, 109
Trd, 2591037.546, 101
Trd, 2591038.463, 99
Trd, 2591038.513, 98
Trd, 2591039.879, 110
Trd, 2591040.613, 108
Trd, 2591041.146, 93
Trd, 2591042.513, 96
Trd, 2591042.613, 104
Trd, 2591044.063, 100
Trd, 2591044.313, 99
Trd, 2591044.596, 101
Trd, 2591044.713, 101
Trd, 2591045.329, 104
Trd, 2591047.079, 111
Trd, 2591047.463, 113
Trd, 2591048.129, 115
Trd, 2591048.379, 115
Trd, 2591048.829, 118
Trd, 2591049.079, 114
Trd, 2591049.846, 112
Trd, 2591050.579, 108
Trd, 2591051.013, 105
Trd, 2591052.679, 102
Trd, 2591053.563, 112
Trd, 2591054.463, 103
Trd, 2591054.963, 112
Trd, 2591055.946, 103
Trd, 2591056.613, 103
Trd, 2591057.229, 102
Trd, 2591058.629, 112
Trd, 2591059.546, 101
Trd, 2591059.796, 107
Trd, 2591060.829, 103
Trd, 2591061.263, 99
Trd, 2591061.679, 97
Trd, 2591063.179, 95
Trd, 2591063.513, 95
Trd, 2591064.496, 97
Trd, 2591065.079, 101
Trd, 2591065.729, 101
Trd, 2591065.913, 102
Trd, 2591066.179, 101
Trd, 2591068.396, 101
Trd, 2591068.663, 100
Trd, 2591069.579, 101
Trd, 2591070.329, 99
Trd, 2591070.463, 100
Trd, 2591070.613, 99
Trd, 2591071.613, 100
Trd, 2591071.913, 98
Trd, 2591072.596, 101
Trd, 2591073.546, 103
Trd, 2591073.763, 109
Trd, 2591074.513, 105
Trd, 2591074.813, 113
Trd, 2591075.913, 110
Trd, 2591076.013, 99
Trd, 2591076.096, 112
Trd, 2591076.663, 98
Trd, 2591077.329, 98
Trd, 2591079.579, 98
Trd, 2591079.979, 103
Trd, 2591080.479, 101
Trd, 2591081.329, 94
Trd, 2591081.863, 94
Trd, 2591082.063, 92
Trd, 2591082.113, 100
Trd, 2591082.696, 93
Trd, 2591082.879, 99
Trd, 2591083.196, 91
Trd, 2591084.796, 93
Trd, 2591085.279, 91
Trd, 2591085.396, 93
Trd, 2591086.563, 98
Trd, 2591087.129, 98
Trd, 2591087.946, 93
Trd, 2591089.063, 98
Trd, 2591090.313, 97
Trd, 2591090.913, 98
Trd, 2591091.496, 107
Trd, 2591091.579, 108
Trd, 2591092.246, 111
Trd, 2591092.379, 112
Trd, 2591093.879, 116
Trd, 2591094.613, 117
Trd, 2591094.946, 105
Trd, 2591096.779, 107
Trd, 2591097.113, 97
Trd, 2591097.329, 116
Trd, 2591097.763, 92
Trd, 2591099.646, 100
Trd, 2591100.029, 99
Trd, 2591100.346, 105
Trd, 2591101.079, 94
Trd, 2591102.213, 102
Trd, 2591102.779, 103
Trd, 2591103.613, 102
Trd, 2591103.846, 102
Trd, 2591103.863, 112
Trd, 2591104.096, 101
Trd, 2591104.829, 98
Trd, 2591105.129, 95
Trd, 2591105.613, 97
Trd, 2591105.829, 96
Trd, 2591106.146, 105
Trd, 2591106.496, 98
Trd, 2591106.796, 95
Trd, 2591107.429, 92
Trd, 2591108.096, 92
Trd, 2591108.463, 103
Trd, 2591111.279, 100
Trd, 2591112.313, 101
Trd, 2591112.863, 109
Trd, 2591113.163, 109
Trd, 2591113.296, 98
Trd, 2591114.179, 97
Trd, 2591115.896, 100
Trd, 2591116.179, 100
Trd, 2591117.363, 108
Trd, 2591117.729, 109
Trd, 2591118.329, 109
Trd, 2591118.979, 108
Trd, 2591119.013, 110
Trd, 2591119.663, 108
Trd, 2591120.846, 99
Trd, 2591121.079, 97
Trd, 2591123.013, 101
Trd, 2591123.213, 102
Trd, 2591123.413, 100
Trd, 2591123.479, 109
Trd, 2591123.529, 112
Trd, 2591124.513, 103
Trd, 2591125.579, 115
Trd, 2591125.796, 95
Trd, 2591126.313, 99
Trd, 2591126.679, 98
Trd, 2591126.746, 116
Trd, 2591126.913, 93
Trd, 2591127.779, 93
Trd, 2591127.796, 100
Trd, 2591130.896, 99
Trd, 2591131.096, 101
Trd, 2591131.896, 105
Trd, 2591133.013, 102
Trd, 2591133.629, 102
Trd, 2591133.813, 97
Trd, 2591133.913, 104
Trd, 2591134.196, 96
Trd, 2591134.563, 95
Trd, 2591134.846, 100
Trd, 2591135.896, 95
Trd, 2591136.563, 95
Trd, 2591136.763, 95
Trd, 2591138.813, 96
Trd, 2591139.579, 94
Trd, 2591140.146, 100
Trd, 2591140.463, 101
Trd, 2591141.496, 105
Trd, 2591141.596, 98
Trd, 2591142.029, 112
Trd, 2591143.096, 107
Trd, 2591143.579, 106
Trd, 2591144.829, 110
Trd, 2591145.313, 108
Trd, 2591146.629, 112
Trd, 2591146.813, 108
Trd, 2591147.296, 111
Trd, 2591147.663, 106
Trd, 2591147.679, 105
Trd, 2591149.279, 107
Trd, 2591149.313, 97
Trd, 2591150.879, 102
Trd, 2591151.079, 101
Trd, 2591151.446, 110
Trd, 2591153.446, 105
Trd, 2591153.629, 105
Trd, 2591153.879, 105
Trd, 2591155.296, 99
Trd, 2591155.529, 98
Trd, 2591156.629, 98
Trd, 2591157.079, 97
Trd, 2591157.629, 97
Trd, 2591158.529, 109
Trd, 2591159.613, 115
Trd, 2591159.846, 110
Trd, 2591160.096, 109
Trd, 2591160.296, 105
Trd, 2591161.363, 106
Trd, 2591161.946, 112
Trd, 2591163.563, 105
Trd, 2591164.179, 95
Trd, 2591164.446, 91
Trd, 2591165.613, 91
Trd, 2591165.646, 94
Trd, 2591166.729, 99
Trd, 2591167.046, 99
Trd, 2591167.063, 101
Trd, 2591168.179, 99
Trd, 2591168.529, 98
Trd, 2591169.046, 98
Trd, 2591169.463, 97
Trd, 2591169.863, 97
Trd, 2591170.829, 98
Trd, 2591172.046, 95
Trd, 2591172.613, 110
Trd, 2591172.696, 111
Trd, 2591173.279, 95
Trd, 2591173.746, 104
Trd, 2591173.879, 98
Trd, 2591174.363, 94
Trd, 2591174.963, 97
Trd, 2591175.963, 93
Trd, 2591176.729, 93
Trd, 2591177.663, 98
Trd, 2591178.263, 97
Trd, 2591178.279, 94
Trd, 2591179.313, 99
Trd, 2591179.563, 101
Trd, 2591180.196, 96
Trd, 2591180.913, 96
Trd, 2591182.379, 110
Trd, 2591183.746, 110
Trd, 2591185.096, 114
Trd, 2591185.713, 113
Trd, 2591186.846, 113
Trd, 2591187.829, 112
Trd, 2591188.196, 112
Trd, 2591188.213, 111
Trd, 2591188.246, 106
Trd, 2591189.013, 112
Trd, 2591189.046, 105
Trd, 2591189.529, 99
Trd, 2591189.696, 97
Trd, 2591190.846, 93
Trd, 2591191.113, 91
Trd, 2591192.629, 95
Trd, 2591192.729, 94
Trd, 2591193.063, 99
Trd, 2591193.213, 89
Trd, 2591194.563, 98
Trd, 2591195.713, 94
Trd, 2591196.079, 98
Trd, 2591196.829, 101
Trd, 2591196.979, 109
Trd, 2591197.313, 99
Trd, 2591197.413, 111
Trd, 2591200.346, 99
Trd, 2591200.946, 105
Trd, 2591201.263, 100
Trd, 2591201.396, 99
Trd, 2591203.113, 98
Trd, 2591203.863, 98
Trd, 2591204.063, 98
Trd, 2591204.346, 97
Trd, 2591204.996, 98
Trd, 2591205.463, 105
Trd, 2591205.913, 94
Trd, 2591206.879, 107
Trd, 2591208.329, 103
Trd, 2591209.163, 100
Trd, 2591209.213, 99
Trd, 2591209.346, 100
Trd, 2591210.196, 98
Trd, 2591211.196, 99
Trd, 2591211.229, 96
Trd, 2591211.613, 96
Trd, 2591211.979, 94
Trd, 2591212.713, 99
Trd, 2591213.246, 100
Trd, 2591213.896, 107
Trd, 2591214.079, 99
Trd, 2591214.763, 108
Trd, 2591214.996, 96
Trd, 2591215.029, 108
Trd, 2591217.296, 98
Trd, 2591218.896, 90
Trd, 2591219.646, 98
Trd, 2591219.879, 99
Trd, 2591221.596, 97
Trd, 2591221.663, 96
Trd, 2591221.796, 94
Trd, 2591221.813, 92
Trd, 2591222.596, 94
Trd, 2591223.479, 96
Trd, 2591224.229, 94
Trd, 2591225.063, 92
Trd, 2591225.096, 91
Trd, 2591225.179, 93
Trd, 2591225.629, 94
Trd, 2591225.946, 89
Trd, 2591226.429, 87
Trd, 2591226.529, 98
Trd, 2591227.263, 101
Trd, 2591228.246, 108
Trd, 2591228.863, 99
Trd, 2591228.913, 115
Trd, 2591230.379, 92
Trd, 2591230.463, 92
Trd, 2591231.896, 104
Trd, 2591232.879, 111
Trd, 2591233.079, 110
Trd, 2591233.196, 108
Trd, 2591234.363, 96
Trd, 2591236.746, 103
Trd, 2591236.996, 103
Trd, 2591238.013, 103
Trd, 2591238.246, 104
Trd, 2591239.096, 103
Trd, 2591239.429, 104
Trd, 2591239.446, 97
Trd, 2591240.063, 94
Trd, 2591240.363, 113
Trd, 2591241.196, 91
Trd, 2591241.379, 88
Trd, 2591242.796, 114
Trd, 2591243.796, 114
Trd, 2591244.679, 113
Trd, 2591245.079, 104
Trd, 2591245.146, 103
Trd, 2591245.163, 103
Trd, 2591247.763, 100
Trd, 2591248.746, 100
Trd, 2591249.546, 100
Trd, 2591250.113, 103
Trd, 2591250.846, 103
Trd, 2591250.913, 105
Trd, 2591250.946, 102
Trd, 2591251.196, 99
Trd, 2591251.479, 109
Trd, 2591252.013, 109
Trd, 2591253.646, 99
Trd, 2591255.329, 101
Trd, 2591256.379, 101
Trd, 2591256.796, 97
Trd, 2591257.163, 110
Trd, 2591257.629, 95
Trd, 2591257.796, 94
Trd, 2591258.713, 108
Trd, 2591258.963, 98
Trd, 2591259.929, 109
Trd, 2591260.879, 107
Trd, 2591261.113, 97
Trd, 2591261.663, 97
Trd, 2591262.713, 97
Trd, 2591263.579, 97
Trd, 2591264.013, 103
Trd, 2591264.279, 112
Trd, 2591265.246, 108
Trd, 2591266.479, 96
Trd, 2591266.663, 94
Trd, 2591266.696, 91
Trd, 2591267.396, 87
Trd, 2591267.479, 88
Trd, 2591267.779, 102
Trd, 2591269.113, 98
Trd, 2591269.496, 99
Trd, 2591270.163, 97
Trd, 2591271.129, 98
Trd, 2591271.429, 100
Trd, 2591271.563, 100
Trd, 2591271.963, 101
Trd, 2591272.663, 110
Trd, 2591273.263, 108
Trd, 2591273.613, 102
Trd, 2591273.813, 116
Trd, 2591273.979, 115
Trd, 2591274.429, 121
Trd, 2591275.346, 100
Trd, 2591276.429, 92
Trd, 2591277.679, 106
Trd, 2591278.729, 101
Trd, 2591279.196, 100
Trd, 2591281.079, 102
Trd, 2591281.196, 101
Trd, 2591281.279, 100
Trd, 2591281.929, 98
Trd, 2591282.579, 95
Trd, 2591282.879, 94
Trd, 2591283.379, 96
Trd, 2591283.846, 91
Trd, 2591284.729, 90
Trd, 2591284.813, 90
Trd, 2591285.313, 90
Trd, 2591285.529, 89
Trd, 2591285.896, 98
Trd, 2591286.013, 107
Trd, 2591286.329, 91
Trd, 2591286.946, 113
Trd, 2591287.246, 89
Trd, 2591288.163, 114
Trd, 2591289.613, 115
Trd, 2591290.013, 97
Trd, 2591290.979, 102
Trd, 2591292.163, 110
Trd, 2591292.346, 112
Trd, 2591292.863, 109
Trd, 2591292.896, 108
Trd, 2591293.263, 107
Trd, 2591293.529, 112
Trd, 2591293.579, 107
Trd, 2591294.346, 105
Trd, 2591296.313, 97
Trd, 2591296.846, 107
Trd, 2591299.096, 102
Trd, 2591299.113, 101
Trd, 2591299.529, 98
Trd, 2591299.629, 99
Trd, 2591299.896, 100
Trd, 2591301.229, 99
Trd, 2591302.146, 100
Trd, 2591304.046, 104
Trd, 2591304.213, 107
Trd, 2591304.496, 105
Trd, 2591304.813, 108
Trd, 2591305.479, 110
Trd, 2591306.029, 111
Trd, 2591306.663, 105
Trd, 2591307.129, 106
Trd, 2591308.013, 111
Trd, 2591308.396, 105
Trd, 2591308.629, 93
Trd, 2591311.613, 99
Trd, 2591311.963, 101
Trd, 2591312.629, 102
Trd, 2591313.629, 101
Trd, 2591313.696, 102
Trd, 2591313.946, 97
Trd, 2591314.096, 109
Trd, 2591315.596, 100
Trd, 2591316.596, 105
Trd, 2591316.846, 105
Trd, 2591317.146, 103
Trd, 2591317.913, 100
Trd, 2591318.646, 97
Trd, 2591318.829, 98
Trd, 2591319.046, 98
Trd, 2591319.213, 94
Trd, 2591319.313, 99
Trd, 2591319.396, 94
Trd, 2591321.079, 104
Trd, 2591321.613, 95
Trd, 2591322.013, 96
Trd, 2591322.996, 109
Trd, 2591323.829, 95
Trd, 2591325.446, 94
Trd, 2591326.129, 91
Trd, 2591327.263, 91
Trd, 2591327.529, 98
Trd, 2591327.829, 92
Trd, 2591328.346, 92
Trd, 2591329.013, 98
Trd, 2591329.896, 101
Trd, 2591330.079, 108
Trd, 2591330.246, 112
Trd, 2591331.129, 103
Trd, 2591332.179, 109
Trd, 2591332.246, 110
Trd, 2591332.613, 108
Trd, 2591333.079, 110
Trd, 2591333.146, 112
Trd, 2591333.546, 108
Trd, 2591334.713, 112
Trd, 2591335.229, 107
Trd, 2591336.496, 100
Trd, 2591338.263, 103
Trd, 2591339.446, 101
Trd, 2591339.513, 101
Trd, 2591339.679, 100
Trd, 2591339.846, 97
Trd, 2591340.246, 100
Trd, 2591340.896, 100
Trd, 2591342.263, 100
Trd, 2591342.713, 101
Trd, 2591343.279, 97
Trd, 2591343.729, 94
Trd, 2591344.713, 92
Trd, 2591346.429, 100
Trd, 2591346.613, 100
Trd, 2591347.029, 100
Trd, 2591347.446, 100
Trd, 2591348.096, 101
Trd, 2591348.229, 101
Trd, 2591348.963, 107
Trd, 2591349.463, 108
Trd, 2591350.163, 109
Trd, 2591350.229, 103
Trd, 2591351.279, 104
Trd, 2591351.329, 111
Trd, 2591351.629, 109
Trd, 2591352.246, 96
Trd, 2591353.696, 98
Trd, 2591355.579, 98
Trd, 2591355.879, 98
Trd, 2591356.163, 98
Trd, 2591356.913, 99
Trd, 2591357.279, 101
Trd, 2591358.913, 102
Trd, 2591359.329, 101
Trd, 2591360.596, 115
Trd, 2591360.913, 108
Trd, 2591361.296, 107
Trd, 2591361.346, 105
Trd, 2591361.913, 94
Trd, 2591361.996, 94
Trd, 2591362.279, 93
Trd, 2591363.246, 106
Trd, 2591364.513, 105
Trd, 2591364.863, 105
Trd, 2591365.696, 105
Trd, 2591365.946, 98
Trd, 2591367.446, 91
Trd, 2591367.863, 100
Trd, 2591367.913, 87
Trd, 2591368.379, 104
Trd, 2591369.246, 109
Trd, 2591370.413, 98
Trd, 2591370.529, 93
Trd, 2591371.346, 110
Trd, 2591372.046, 113
Trd, 2591372.763, 112
Trd, 2591372.813, 111
Trd, 2591372.829, 110
Trd, 2591373.613, 112
Trd, 2591373.863, 115
Trd, 2591375.646, 94
Trd, 2591375.796, 91
Trd, 2591375.996, 122
Trd, 2591378.463, 105
Trd, 2591378.729, 103
Trd, 2591378.913, 99
Trd, 2591379.913, 98
Trd, 2591380.496, 101
Trd, 2591381.046, 100
Trd, 2591381.296, 98
Trd, 2591381.596, 97
Trd, 2591381.729, 101
Trd, 2591381.763, 96
Trd, 2591381.846, 95
Trd, 2591382.313, 91
Trd, 2591384.479, 94
Trd, 2591385.429, 94
Trd, 2591385.513, 96
Trd, 2591385.529, 97
Trd, 2591386.763, 94
Trd, 2591387.779, 95
Trd, 2591388.496, 94
Trd, 2591389.596, 93
Trd, 2591390.546, 97
Trd, 2591391.079, 98
Trd, 2591391.246, 101
Trd, 2591392.346, 98
Trd, 2591392.513, 98
Trd, 2591392.796, 95
Trd, 2591392.896, 98
Trd, 2591394.213, 97
Trd, 2591394.813, 97
Trd, 2591396.529, 95
Trd, 2591397.096, 94
Trd, 2591398.013, 92
Trd, 2591398.396, 92
Trd, 2591398.829, 93
Trd, 2591399.046, 93
Trd, 2591399.613, 91
Trd, 2591399.629, 98
Trd, 2591399.946, 101
Trd, 2591401.213, 100
Trd, 2591402.379, 94
Trd, 2591402.746, 93
Trd, 2591402.863, 92
Trd, 2591403.679, 105
Trd, 2591404.696, 101
Trd, 2591404.929, 102
Trd, 2591405.413, 99
Trd, 2591406.263, 97
Trd, 2591406.696, 94
Trd, 2591407.629, 104
Trd, 2591408.546, 104
Trd, 2591409.346, 94
Trd, 2591409.796, 101
Trd, 2591410.246, 91
Trd, 2591410.279, 101
Trd, 2591410.479, 81
Trd, 2591411.979, 86
Trd, 2591412.963, 106
Trd, 2591413.663, 95
Trd, 2591414.729, 95
Trd, 2591414.829, 93
Trd, 2591414.896, 105
Trd, 2591416.746, 91
Trd, 2591416.813, 97
Trd, 2591417.463, 92
Trd, 2591417.796, 95
Trd, 2591419.413, 94
Trd, 2591420.113, 93
Trd, 2591420.879, 95
Trd, 2591421.313, 92
Trd, 2591421.796, 93
Trd, 2591421.829, 101
Trd, 2591422.113, 113
Trd, 2591422.179, 93
Trd, 2591422.563, 91
Trd, 2591423.263, 91
Trd, 2591426.729, 94
Trd, 2591427.546, 104
Trd, 2591427.963, 105
Trd, 2591428.046, 105
Trd, 2591428.279, 107
Trd, 2591429.763, 107
Trd, 2591430.479, 105
Trd, 2591430.496, 102
Trd, 2591430.513, 110
Trd, 2591430.763, 110
Trd, 2591431.079, 98
Trd, 2591432.163, 108
Trd, 2591434.029, 100
Trd, 2591434.446, 100
Trd, 2591434.929, 97
Trd, 2591435.563, 99
Trd, 2591435.979, 101
Trd, 2591436.146, 98
Trd, 2591437.213, 101
Trd, 2591437.963, 99
Trd, 2591438.513, 98
Trd, 2591440.313, 96
Trd, 2591440.663, 96
Trd, 2591440.696, 97
Trd, 2591440.746, 92
Trd, 2591440.946, 98
Trd, 2591441.996, 99
Trd, 2591442.296, 97
Trd, 2591443.846, 103
Trd, 2591444.146, 104
Trd, 2591444.529, 109
Trd, 2591444.713, 111
Trd, 2591445.463, 105
Trd, 2591445.563, 104
Trd, 2591445.696, 103
Trd, 2591446.513, 110
Trd, 2591446.913, 99
Trd, 2591447.013, 108
Trd, 2591447.413, 98
Trd, 2591448.029, 98
Trd, 2591450.179, 98
Trd, 2591450.346, 99
Trd, 2591450.396, 109
Trd, 2591450.546, 94
Trd, 2591453.029, 111
Trd, 2591453.429, 114
Trd, 2591454.979, 97
Trd, 2591455.696, 94
Trd, 2591456.863, 93
Trd, 2591457.146, 118
Trd, 2591459.313, 100
Trd, 2591459.563, 99
Trd, 2591460.313, 109
Trd, 2591460.529, 103
Trd, 2591460.546, 110
Trd, 2591460.763, 107
Trd, 2591461.179, 108
Trd, 2591461.696, 107
Trd, 2591461.996, 107
Trd, 2591462.079, 106
Trd, 2591462.246, 108
Trd, 2591464.096, 99
Trd, 2591464.929, 99
Trd, 2591465.179, 101
Trd, 2591465.379, 99
Trd, 2591466.079, 98
Trd, 2591466.529, 99
Trd, 2591467.063, 95
Trd, 2591467.746, 109
Trd, 2591468.229, 97
Trd, 2591470.029, 103
Trd, 2591470.763, 100
Trd, 2591471.129, 100
Trd, 2591471.196, 97
Trd, 2591472.096, 97
Trd, 2591472.479, 96
Trd, 2591472.613, 97
Trd, 2591473.279, 94
Trd, 2591474.329, 96
Trd, 2591474.463, 96
Trd, 2591475.429, 100
Trd, 2591476.179, 100
Trd, 2591476.196, 99
Trd, 2591476.713, 101
Trd, 2591478.179, 100
Trd, 2591478.579, 98
Trd, 2591478.813, 112
Trd, 2591479.129, 93
Trd, 2591480.596, 92
Trd, 2591481.096, 112
Trd, 2591481.713, 108
Trd, 2591482.379, 108
Trd, 2591482.946, 107
Trd, 2591483.096, 108
Trd, 2591484.196, 106
Trd, 2591484.213, 105
Trd, 2591484.763, 106
Trd, 2591485.396, 92
Trd, 2591487.629, 90
Trd, 2591487.646, 97
Trd, 2591487.746, 87
Trd, 2591488.313, 106
Trd, 2591488.929, 82
Trd, 2591490.646, 100
Trd, 2591490.863, 100
Trd, 2591490.896, 99
Trd, 2591491.646, 100
Trd, 2591492.196, 101
Trd, 2591492.696, 99
Trd, 2591492.796, 110
Trd, 2591493.463, 118
Trd, 2591494.029, 105
Trd, 2591494.096, 98
Trd, 2591494.396, 97
Trd, 2591495.963, 107
Trd, 2591497.013, 104
Trd, 2591497.629, 94
Trd, 2591497.646, 107
Trd, 2591497.663, 94
Trd, 2591499.346, 87
Trd, 2591500.263, 103
Trd, 2591501.246, 92
Trd, 2591502.496, 104
Trd, 2591502.813, 103
Trd, 2591503.379, 103
Trd, 2591503.746, 102
Trd, 2591504.929, 107
Trd, 2591506.596, 100
Trd, 2591506.979, 99
Trd, 2591507.113, 98
Trd, 2591507.529, 96
Trd, 2591508.263, 97
Trd, 2591508.346, 94
Trd, 2591508.713, 94
Trd, 2591508.763, 96
Trd, 2591509.213, 95
Trd, 2591510.213, 92
Trd, 2591510.546, 94
Trd, 2591511.279, 85
Trd, 2591512.529, 89
Trd, 2591512.663, 100
Trd, 2591513.129, 101
Trd, 2591514.313, 107
Trd, 2591514.713, 107
Trd, 2591515.679, 107
Trd, 2591516.296, 108
Trd, 2591517.096, 105
Trd, 2591517.846, 97
Trd, 2591517.929, 114
Trd, 2591518.313, 115
Trd, 2591518.529, 96
Trd, 2591520.329, 109
Trd, 2591521.429, 104
Trd, 2591521.463, 103
Trd, 2591521.796, 105
Trd, 2591522.529, 106
Trd, 2591522.846, 107
Trd, 2591523.179, 105
Trd, 2591523.513, 111
Trd, 2591523.779, 115
Trd, 2591524.363, 108
Trd, 2591524.596, 106
Trd, 2591525.063, 98
Trd, 2591526.379, 94
Trd, 2591526.563, 113
Trd, 2591527.846, 93
Trd, 2591528.796, 113
Trd, 2591528.846, 93
Trd, 2591530.896, 100
Trd, 2591531.529, 103
Trd, 2591531.929, 99
Trd, 2591532.496, 100
Trd, 2591532.546, 101
Trd, 2591533.496, 101
Trd, 2591534.129, 101
Trd, 2591534.396, 101
Trd, 2591535.329, 100
Trd, 2591535.646, 100
Trd, 2591535.829, 99
Trd, 2591536.363, 101
Trd, 2591536.929, 94
Trd, 2591537.363, 92
Trd, 2591538.263, 91
Trd, 2591539.096, 87
Trd, 2591539.813, 103
Trd, 2591540.529, 104
Trd, 2591541.046, 85
Trd, 2591543.013, 102
Trd, 2591543.029, 103
Trd, 2591543.063, 88
Trd, 2591544.296, 101
Trd, 2591544.579, 100
Trd, 2591545.196, 104
Trd, 2591546.179, 104
Trd, 2591547.229, 108
Trd, 2591547.813, 107
Trd, 2591547.929, 105
Trd, 2591548.129, 108
Trd, 2591549.046, 102
Trd, 2591550.263, 98
Trd, 2591550.396, 97
Trd, 2591551.396, 104
Trd, 2591552.246, 102
Trd, 2591553.063, 95
Trd, 2591553.313, 101
Trd, 2591554.063, 98
Trd, 2591554.296, 93
Trd, 2591554.746, 101
Trd, 2591554.963, 101
Trd, 2591555.096, 112
Trd, 2591556.113, 96
Trd, 2591557.746, 116
Trd, 2591558.646, 100
Trd, 2591559.813, 104
Trd, 2591560.196, 103
Trd, 2591560.396, 103
Trd, 2591561.213, 94
Trd, 2591561.296, 101
Trd, 2591561.963, 93
Trd, 2591562.546, 91
Trd, 2591562.963, 95
Trd, 2591563.079, 96
Trd, 2591563.146, 101
Trd, 2591564.446, 98
Trd, 2591565.113, 99
Trd, 2591565.913, 96
Trd, 2591566.463, 96
Trd, 2591567.446, 94
Trd, 2591568.179, 91
Trd, 2591569.196, 98
Trd, 2591569.563, 91
Trd, 2591569.779, 100
Trd, 2591571.146, 99
Trd, 2591571.679, 98
Trd, 2591571.963, 96
Trd, 2591572.396, 91
Trd, 2591573.996, 96
Trd, 2591574.396, 98
Trd, 2591575.679, 99
Trd, 2591576.496, 98
Trd, 2591576.563, 99
Trd, 2591576.613, 97
Trd, 2591577.196, 98
Trd, 2591577.463, 101
Trd, 2591577.963, 108
Trd, 2591578.296, 93
Trd, 2591578.329, 91
Trd, 2591578.579, 87
Trd, 2591578.663, 108
Trd, 2591578.696, 81
Trd, 2591582.496, 92
Trd, 2591583.163, 94
Trd, 2591583.279, 92
Trd, 2591584.746, 94
Trd, 2591586.513, 107
Trd, 2591587.563, 109
Trd, 2591588.496, 115
Trd, 2591588.829, 110
Trd, 2591589.063, 109
Trd, 2591589.513, 107
Trd, 2591590.263, 112
Trd, 2591590.413, 111
Trd, 2591590.713, 117
Trd, 2591590.996, 112
Trd, 2591592.029, 111
Trd, 2591592.296, 110
Trd, 2591592.396, 111
Trd, 2591592.913, 105
Trd, 2591594.513, 101
Trd, 2591595.063, 103
Trd, 2591595.496, 103
Trd, 2591595.996, 99
Trd, 2591596.063, 100
Trd, 2591597.479, 101
Trd, 2591597.646, 98
Trd, 2591597.896, 98
Trd, 2591598.563, 94
Trd, 2591599.879, 93
Trd, 2591600.429, 92
Trd, 2591600.579, 93
Trd, 2591601.679, 91
Trd, 2591602.163, 92
Trd, 2591602.463, 92
Trd, 2591602.479, 91
Trd, 2591602.863, 94
Trd, 2591602.913, 109
Trd, 2591603.013, 107
Trd, 2591603.146, 81
Trd, 2591605.479, 97
Trd, 2591607.113, 99
Trd, 2591607.329, 100
Trd, 2591607.429, 101
Trd, 2591607.996, 99
Trd, 2591609.046, 101
Trd, 2591609.446, 97
Trd, 2591609.479, 95
Trd, 2591609.529, 102
Trd, 2591610.329, 96
Trd, 2591610.729, 92
Trd, 2591612.163, 89
Trd, 2591612.863, 93
Trd, 2591612.946, 89
Trd, 2591613.396, 93
Trd, 2591613.579, 94
Trd, 2591613.829, 108
Trd, 2591615.663, 115
Trd, 2591616.813, 105
Trd, 2591618.463, 105
Trd, 2591618.596, 104
Trd, 2591618.979, 103
Trd, 2591619.413, 104
Trd, 2591619.596, 104
Trd, 2591620.113, 105
Trd, 2591621.413, 105
Trd, 2591621.829, 111
Trd, 2591621.846, 110
Trd, 2591621.929, 98
Trd, 2591621.996, 96
Trd, 2591622.663, 92
Trd, 2591622.879, 108
Trd, 2591622.913, 91
Trd, 2591623.629, 87
Trd, 2591624.679, 105
Trd, 2591624.713, 107
Trd, 2591625.896, 83
Trd, 2591626.396, 82
Trd, 2591626.646, 106
Trd, 2591627.079, 96
Trd, 2591627.196, 108
Trd, 2591627.946, 99
Trd, 2591627.979, 98
Trd, 2591631.729, 98
Trd, 2591632.046, 100
Trd, 2591632.496, 96
Trd, 2591632.729, 101
Trd, 2591634.279, 99
Trd, 2591634.479, 97
Trd, 2591635.646, 96
Trd, 2591635.863, 97
Trd, 2591636.463, 110
Trd, 2591636.479, 99
Trd, 2591636.813, 110
Trd, 2591636.979, 100
Trd, 2591637.946, 109
Trd, 2591638.179, 105
Trd, 2591639.246, 94
Trd, 2591639.296, 114
Trd, 2591640.196, 91
Trd, 2591641.079, 96
Trd, 2591641.329, 107
Trd, 2591643.629, 100
Trd, 2591644.313, 105
Trd, 2591645.429, 106
Trd, 2591645.529, 105
Trd, 2591646.963, 109
Trd, 2591647.246, 111
Trd, 2591648.146, 108
Trd, 2591649.129, 105
Trd, 2591649.329, 104
Trd, 2591649.846, 98
Trd, 2591650.463, 115
Trd, 2591651.246, 100
Trd, 2591651.263, 99
Trd, 2591651.629, 101
Trd, 2591653.263, 99
Trd, 2591653.379, 100
Trd, 2591653.963, 100
Trd, 2591654.396, 98
Trd, 2591654.779, 95
Trd, 2591655.363, 93
Trd, 2591656.179, 89
Trd, 2591657.029, 98
Trd, 2591657.429, 91
Trd, 2591657.763, 100
Trd, 2591658.046, 99
Trd, 2591658.429, 99
Trd, 2591659.629, 98
Trd, 2591660.479, 101
Trd, 2591662.429, 96
Trd, 2591662.929, 95
Trd, 2591663.413, 99
Trd, 2591663.929, 102
Trd, 2591664.946, 101
Trd, 2591665.263, 100
Trd, 2591665.363, 99
Trd, 2591666.096, 97
Trd, 2591667.113, 94
Trd, 2591667.779, 96
Trd, 2591668.363, 97
Trd, 2591669.379, 99
Trd, 2591669.396, 100
Trd, 2591669.879, 99
Trd, 2591670.396, 99
Trd, 2591670.979, 99
Trd, 2591671.796, 100
Trd, 2591672.663, 96
Trd, 2591672.713, 94
Trd, 2591673.846, 101
Trd, 2591675.163, 97
Trd, 2591675.479, 103
Trd, 2591675.613, 95
Trd, 2591675.913, 94
Trd, 2591676.496, 100
Trd, 2591677.846, 92
Trd, 2591678.046, 94
Trd, 2591678.746, 96
Trd, 2591680.296, 97
Trd, 2591680.696, 99
Trd, 2591681.063, 98
Trd, 2591683.163, 97
Trd, 2591683.263, 99
Trd, 2591683.463, 94
Trd, 2591684.663, 97
Trd, 2591685.096, 95
Trd, 2591686.163, 96
Trd, 2591686.179, 97
Trd, 2591686.796, 95
Trd, 2591687.363, 93
Trd, 2591687.813, 95
Trd, 2591688.263, 92
Trd, 2591689.029, 93
Trd, 2591689.346, 94
Trd, 2591689.696, 95
Trd, 2591690.329, 96
Trd, 2591690.696, 101
Trd, 2591691.396, 108
Trd, 2591691.796, 94
Trd, 2591692.246, 118
Trd, 2591693.496, 119
Trd, 2591693.513, 82
Trd, 2591694.463, 100
Trd, 2591694.496, 100
Trd, 2591694.913, 99
Trd, 2591695.563, 101
Trd, 2591697.446, 100
Trd, 2591697.663, 107
Trd, 2591698.413, 100
Trd, 2591700.146, 94
Trd, 2591700.163, 106
Trd, 2591702.663, 97
Trd, 2591702.946, 104
Trd, 2591703.079, 99
Trd, 2591703.913, 99
Trd, 2591704.413, 98
Trd, 2591704.879, 95
Trd, 2591705.163, 91
Trd, 2591707.263, 94
Trd, 2591707.496, 93
Trd, 2591708.213, 93
Trd, 2591708.313, 92
Trd, 2591708.929, 97
Trd, 2591709.029, 98
Trd, 2591709.296, 115
Trd, 2591709.829, 91
Trd, 2591711.246, 95
Trd, 2591711.496, 107
Trd, 2591712.379, 109
Trd, 2591713.213, 108
Trd, 2591713.446, 98
Trd, 2591715.679, 110
Trd, 2591715.829, 111
Trd, 2591716.013, 112
Trd, 2591716.263, 112
Trd, 2591716.629, 111
Trd, 2591717.729, 109
Trd, 2591718.129, 111
Trd, 2591718.563, 112
Trd, 2591718.913, 105
Trd, 2591720.263, 109
Trd, 2591720.529, 108
Trd, 2591722.013, 100
Trd, 2591722.063, 108
Trd, 2591722.279, 108
Trd, 2591722.663, 98
Trd, 2591723.029, 98
Trd, 2591723.796, 99
Trd, 2591725.013, 103
Trd, 2591725.829, 101
Trd, 2591726.179, 100
Trd, 2591726.546, 94
Trd, 2591726.663, 92
Trd, 2591727.646, 94
Trd, 2591727.729, 91
Trd, 2591728.463, 92
Trd, 2591729.813, 96
Trd, 2591729.879, 93
Trd, 2591730.213, 91
Trd, 2591731.029, 98
Trd, 2591731.213, 90
Trd, 2591731.596, 112
Trd, 2591732.746, 112
Trd, 2591733.679, 106
Trd, 2591733.763, 107
Trd, 2591735.929, 107
Trd, 2591736.463, 106
Trd, 2591736.779, 105
Trd, 2591736.879, 106
Trd, 2591737.063, 98
Trd, 2591737.396, 94
Trd, 2591738.096, 94
Trd, 2591738.979, 98
Trd, 2591739.396, 98
Trd, 2591739.546, 98
Trd, 2591740.896, 93
Trd, 2591741.396, 93
Trd, 2591742.263, 96
Trd, 2591742.429, 93
Trd, 2591742.463, 99
Trd, 2591742.979, 101
Trd, 2591743.046, 98
Trd, 2591743.296, 97
Trd, 2591744.079, 92
Trd, 2591746.063, 92
Trd, 2591746.229, 91
Trd, 2591746.363, 108
Trd, 2591746.463, 90
Trd, 2591747.663, 118
Trd, 2591748.679, 112
Trd, 2591749.596, 106
Trd, 2591750.446, 108
Trd, 2591750.963, 114
Trd, 2591751.829, 115
Trd, 2591752.379, 112
Trd, 2591752.563, 116
Trd, 2591753.679, 112
Trd, 2591754.113, 114
Trd, 2591754.229, 114
Trd, 2591754.546, 113
Trd, 2591755.963, 106
Trd, 2591756.446, 106
Trd, 2591756.479, 105
Trd, 2591757.129, 98
Trd, 2591757.363, 102
Trd, 2591757.496, 102
Trd, 2591757.979, 98
Trd, 2591759.046, 94
Trd, 2591760.329, 94
Trd, 2591760.946, 98
Trd, 2591761.563, 96
Trd, 2591761.613, 91
Trd, 2591762.679, 96
Trd, 2591763.463, 98
Trd, 2591763.646, 101
Trd, 2591763.679, 92
Trd, 2591763.829, 90
Trd, 2591764.779, 88
Trd, 2591767.513, 108
Trd, 2591768.529, 105
Trd, 2591768.713, 105
Trd, 2591768.763, 106
Trd, 2591769.013, 105
Trd, 2591769.563, 109
Trd, 2591769.629, 115
Trd, 2591770.896, 109
Trd, 2591771.263, 108
Trd, 2591772.013, 108
Trd, 2591772.329, 105
Trd, 2591772.763, 110
Trd, 2591775.413, 100
Trd, 2591775.713, 101
Trd, 2591776.263, 100
Trd, 2591776.479, 101
Trd, 2591776.846, 100
Trd, 2591776.879, 99
Trd, 2591777.179, 97
Trd, 2591777.596, 100
Trd, 2591778.546, 101
Trd, 2591779.596, 100
Trd, 2591779.613, 99
Trd, 2591779.929, 97
Trd, 2591779.963, 96
Trd, 2591780.863, 102
Trd, 2591782.746, 97
Trd, 2591783.046, 96
Trd, 2591783.363, 94
Trd, 2591783.613, 98
Trd, 2591783.813, 110
Trd, 2591784.596, 97
Trd, 2591784.646, 94
Trd, 2591785.013, 93
Trd, 2591786.396, 102
Trd, 2591787.013, 92
Trd, 2591787.496, 91
Trd, 2591787.829, 93
Trd, 2591788.163, 88
Trd, 2591789.913, 96
Trd, 2591790.513, 94
Trd, 2591791.096, 95
Trd, 2591792.979, 97
Trd, 2591793.363, 98
Trd, 2591793.729, 101
Trd, 2591794.579, 105
Trd, 2591795.029, 106
Trd, 2591795.879, 106
Trd, 2591796.096, 105
Trd, 2591796.446, 112
Trd, 2591798.479, 111
Trd, 2591798.596, 110
Trd, 2591799.413, 111
Trd, 2591799.829, 107
Trd, 2591799.846, 112
Trd, 2591800.163, 106
Trd, 2591800.246, 105
Trd, 2591800.929, 97
Trd, 2591804.046, 95
Trd, 2591804.329, 107
Trd, 2591805.363, 96
Trd, 2591806.963, 94
Trd, 2591807.296, 103
Trd, 2591807.329, 92
Trd, 2591807.579, 92
Trd, 2591807.713, 113
Trd, 2591808.729, 105
Trd, 2591810.313, 103
Trd, 2591810.363, 95
Trd, 2591811.629, 96
Trd, 2591812.013, 97
Trd, 2591813.013, 95
Trd, 2591813.429, 94
Trd, 2591813.629, 95
Trd, 2591814.229, 97
Trd, 2591814.429, 98
Trd, 2591814.879, 95
Trd, 2591814.996, 116
Trd, 2591817.029, 83
Trd, 2591817.346, 98
Trd, 2591818.546, 95
Trd, 2591819.229, 96
Trd, 2591819.713, 98
Trd, 2591820.229, 98
Trd, 2591821.013, 101
Trd, 2591822.246, 102
Trd, 2591822.363, 101
Trd, 2591823.163, 100
Trd, 2591823.196, 99
Trd, 2591823.346, 98
Trd, 2591823.879, 108
Trd, 2591826.896, 99
Trd, 2591827.079, 98
Trd, 2591827.579, 96
Trd, 2591827.863, 95
Trd, 2591828.013, 95
Trd, 2591828.396, 94
Trd, 2591830.396, 90
Trd, 2591830.479, 88
Trd, 2591831.296, 90
Trd, 2591831.763, 91
Trd, 2591831.996, 89
Trd, 2591832.279, 92
Trd, 2591833.163, 96
Trd, 2591833.696, 99
Trd, 2591834.213, 97
Trd, 2591834.996, 101
Trd, 2591835.013, 97
Trd, 2591835.463, 96
Trd, 2591836.363, 110
Trd, 2591836.446, 97
Trd, 2591836.546, 111
Trd, 2591837.346, 104
Trd, 2591838.296, 110
Trd, 2591840.213, 111
Trd, 2591841.179, 108
Trd, 2591841.679, 106
Trd, 2591842.129, 105
Trd, 2591842.696, 97
Trd, 2591843.146, 99
Trd, 2591843.663, 109
Trd, 2591843.779, 112
Trd, 2591843.996, 98
Trd, 2591845.263, 102
Trd, 2591845.979, 113
Trd, 2591847.129, 104
Trd, 2591847.579, 107
Trd, 2591847.863, 106
Trd, 2591848.046, 104
Trd, 2591848.346, 102
Trd, 2591849.429, 101
Trd, 2591849.663, 101
Trd, 2591851.279, 100
Trd, 2591851.596, 109
Trd, 2591853.079, 111
Trd, 2591853.296, 109
Trd, 2591853.663, 109
Trd, 2591854.196, 108
Trd, 2591854.296, 108
Trd, 2591855.429, 105
Trd, 2591855.479, 106
Trd, 2591856.029, 99
Trd, 2591856.629, 98
Trd, 2591858.329, 100
Trd, 2591859.263, 108
Trd, 2591859.629, 100
Trd, 2591860.013, 99
Trd, 2591860.213, 98
Trd, 2591860.296, 95
Trd, 2591861.979, 96
Trd, 2591862.029, 101
Trd, 2591863.129, 107
Trd, 2591863.279, 97
Trd, 2591863.413, 108
Trd, 2591863.896, 109
Trd, 2591864.179, 94
Trd, 2591864.846, 111
Trd, 2591865.596, 101
Trd, 2591865.963, 93
Trd, 2591866.929, 110
Trd, 2591867.096, 108
Trd, 2591867.929, 114
Trd, 2591867.996, 91
Trd, 2591869.163, 113
Trd, 2591871.063, 105
Trd, 2591872.113, 108
Trd, 2591872.179, 109
Trd, 2591872.329, 110
Trd, 2591873.246, 110
Trd, 2591874.913, 111
Trd, 2591875.029, 109
Trd, 2591875.329, 105
Trd, 2591876.113, 115
Trd, 2591876.213, 109
Trd, 2591878.013, 109
Trd, 2591878.096, 108
Trd, 2591878.413, 109
Trd, 2591879.313, 98
Trd, 2591879.346, 97
Trd, 2591879.746, 104
Trd, 2591880.463, 114
Trd, 2591882.629, 110
Trd, 2591883.313, 110
Trd, 2591883.346, 112
Trd, 2591883.446, 108
Trd, 2591884.263, 106
Trd, 2591885.296, 110
Trd, 2591885.846, 107
Trd, 2591885.963, 105
Trd, 2591886.279, 105
Trd, 2591888.146, 96
Trd, 2591888.546, 105
Trd, 2591888.979, 94
Trd, 2591889.296, 91
Trd, 2591889.346, 103
Trd, 2591889.679, 102
Trd, 2591890.629, 89
Trd, 2591891.313, 90
Trd, 2591891.796, 92
Trd, 2591892.079, 97
Trd, 2591892.213, 91
Trd, 2591892.563, 98
Trd, 2591893.246, 101
Trd, 2591894.346, 107
Trd, 2591896.196, 102
Trd, 2591897.963, 103
Trd, 2591898.563, 107
Trd, 2591900.363, 104
Trd, 2591900.646, 105
Trd, 2591901.163, 106
Trd, 2591901.329, 105
Trd, 2591901.613, 106
Trd, 2591901.796, 104
Trd, 2591902.013, 103
Trd, 2591902.663, 100
Trd, 2591902.879, 105
Trd, 2591903.929, 98
Trd, 2591905.563, 94
Trd, 2591906.546, 98
Trd, 2591906.696, 97
Trd, 2591907.613, 94
Trd, 2591908.563, 93
Trd, 2591909.513, 94
Trd, 2591909.613, 93
Trd, 2591909.879, 91
Trd, 2591909.946, 95
Trd, 2591911.329, 98
Trd, 2591911.346, 101
Trd, 2591911.863, 97
Trd, 2591912.446, 106
Trd, 2591912.546, 108
Trd, 2591912.629, 97
Trd, 2591913.663, 100
Trd, 2591914.163, 116
Trd, 2591914.379, 98
Trd, 2591914.913, 94
Trd, 2591917.479, 98
Trd, 2591918.346, 92
Trd, 2591918.479, 93
Trd, 2591918.779, 93
Trd, 2591919.413, 94
Trd, 2591920.679, 93
Trd, 2591921.046, 108
Trd, 2591921.363, 95
Trd, 2591921.613, 94
Trd, 2591922.596, 105
Trd, 2591923.613, 98
Trd, 2591923.829, 98
Trd, 2591924.013, 95
Trd, 2591924.613, 105
Trd, 2591925.329, 98
Trd, 2591925.963, 91
Trd, 2591926.946, 90
Trd, 2591927.246, 109
Trd, 2591927.913, 91
Trd, 2591928.446, 113
Trd, 2591928.996, 88
Trd, 2591929.963, 98
Trd, 2591930.863, 108
Trd, 2591931.046, 109
Trd, 2591931.279, 110
Trd, 2591931.379, 110
Trd, 2591931.796, 111
Trd, 2591932.429, 111
Trd, 2591932.546, 109
Trd, 2591932.763, 108
Trd, 2591934.279, 111
Trd, 2591934.813, 94
Trd, 2591935.313, 110
Trd, 2591936.729, 99
Trd, 2591936.813, 101
Trd, 2591936.929, 98
Trd, 2591938.829, 106
Trd, 2591939.496, 106
Trd, 2591939.779, 105
Trd, 2591940.429, 110
Trd, 2591941.346, 104
Trd, 2591941.663, 103
Trd, 2591942.263, 95
Trd, 2591943.863, 105
Trd, 2591943.913, 99
Trd, 2591944.846, 99
Trd, 2591945.279, 99
Trd, 2591945.479, 103
Trd, 2591946.763, 103
Trd, 2591947.229, 104
Trd, 2591947.829, 100
Trd, 2591948.046, 99
Trd, 2591949.496, 107
Trd, 2591950.946, 100
Trd, 2591951.246, 98
Trd, 2591952.279, 99
Trd, 2591953.229, 98
Trd, 2591953.896, 95
Trd, 2591954.329, 96
Trd, 2591954.646, 98
Trd, 2591954.813, 103
Trd, 2591957.496, 106
Trd, 2591957.879, 107
Trd, 2591957.979, 106
Trd, 2591958.663, 103
Trd, 2591959.413, 102
Trd, 2591959.463, 94
Trd, 2591959.513, 103
Trd, 2591960.363, 92
Trd, 2591961.213, 94
Trd, 2591961.913, 91
Trd, 2591962.313, 92
Trd, 2591963.063, 99
Trd, 2591963.079, 98
Trd, 2591964.529, 108
Trd, 2591965.296, 108
Trd, 2591966.163, 108
Trd, 2591966.713, 107
Trd, 2591966.929, 108
Trd, 2591967.696, 96
Trd, 2591967.996, 113
Trd, 2591968.129, 95
Trd, 2591968.146, 94
Trd, 2591969.263, 114
Trd, 2591970.429, 97
Trd, 2591970.513, 96
Trd, 2591970.729, 113
Trd, 2591971.829, 95
Trd, 2591973.463, 105
Trd, 2591973.946, 103
Trd, 2591974.563, 102
Trd, 2591975.329, 102
Trd, 2591976.079, 109
Trd, 2591976.663, 108
Trd, 2591976.846, 101
Trd, 2591977.046, 99
Trd, 2591977.979, 112
Trd, 2591978.213, 98
Trd, 2591980.179, 102
Trd, 2591982.096, 107
Trd, 2591982.463, 104
Trd, 2591982.796, 104
Trd, 2591982.963, 103
Trd, 2591983.746, 104
Trd, 2591984.313, 105
Trd, 2591984.463, 94
Trd, 2591986.613, 103
Trd, 2591986.963, 98
Trd, 2591987.163, 92
Trd, 2591987.513, 92
Trd, 2591988.096, 92
Trd, 2591989.163, 101
Trd, 2591989.629, 94
Trd, 2591990.229, 92
Trd, 2591990.446, 100
Trd, 2591990.729, 106
Trd, 2591991.129, 91
Trd, 2591993.479, 102
Trd, 2591994.346, 98
Trd, 2591994.679, 97
Trd, 2591994.879, 98
Trd, 2591996.029, 99
Trd, 2591996.263, 98
Trd, 2591996.763, 95
Trd, 2591997.096, 87
Trd, 2591997.213, 81
Trd, 2591997.413, 101
Trd, 2591998.846, 110
Trd, 2591999.229, 99
Trd, 2591999.263, 98
Trd, 2591999.746, 111
