Trd, 2590679.846, 101
Trd, 2590680.196, 103
Trd, 2590680.846, 105
Trd, 2590681.079, 100
Trd, 2590681.146, 108
Trd, 2590681.696, 115
Trd, 2590682.313, 111
Trd, 2590682.646, 97
Trd, 2590683.046, 92
Trd, 2590683.629, 112
Trd, 2590684.246, 92
Trd, 2590684.896, 93
Trd, 2590685.413, 100
Trd, 2590686.163, 87
Trd, 2590686.446, 103
Trd, 2590688.829, 90
Trd, 2590689.363, 90
Trd, 2590689.979, 91
Trd, 2590692.313, 96
Trd, 2590695.196, 101
Trd, 2590695.513, 102
Trd, 2590695.579, 101
Trd, 2590695.763, 99
Trd, 2590695.779, 98
Trd, 2590695.796, 93
Trd, 2590696.729, 91
Trd, 2590697.146, 88
Trd, 2590697.379, 87
Trd, 2590697.946, 87
Trd, 2590699.179, 89
Trd, 2590700.079, 86
Trd, 2590700.096, 100
Trd, 2590700.579, 100
Trd, 2590701.013, 85
Trd, 2590701.346, 95
Trd, 2590701.579, 101
Trd, 2590701.746, 105
Trd, 2590702.329, 108
Trd, 2590703.429, 87
Trd, 2590703.729, 107
Trd, 2590703.829, 84
Trd, 2590705.213, 81
Trd, 2590706.363, 92
Trd, 2590706.429, 90
Trd, 2590707.763, 115
Trd, 2590707.846, 93
Trd, 2590709.113, 89
Trd, 2590709.213, 113
Trd, 2590709.329, 115
Trd, 2590709.496, 100
Trd, 2590710.729, 111
Trd, 2590711.879, 95
Trd, 2590712.196, 114
Trd, 2590712.379, 92
Trd, 2590714.129, 83
Trd, 2590714.846, 86
Trd, 2590715.013, 108
Trd, 2590715.029, 85
Trd, 2590715.246, 87
Trd, 2590716.346, 85
Trd, 2590716.779, 81
Trd, 2590717.846, 93
Trd, 2590719.063, 91
Trd, 2590719.379, 93
Trd, 2590720.213, 94
Trd, 2590720.346, 91
Trd, 2590721.246, 93
Trd, 2590722.713, 97
Trd, 2590723.529, 97
Trd, 2590724.146, 97
Trd, 2590724.629, 94
Trd, 2590725.663, 99
Trd, 2590726.129, 100
Trd, 2590727.729, 91
Trd, 2590727.896, 90
Trd, 2590728.946, 95
Trd, 2590729.013, 87
Trd, 2590729.463, 94
Trd, 2590729.613, 101
Trd, 2590729.979, 115
Trd, 2590729.996, 118
Trd, 2590730.579, 105
Trd, 2590732.146, 98
Trd, 2590732.746, 97
Trd, 2590733.229, 92
Trd, 2590734.329, 97
Trd, 2590734.596, 96
Trd, 2590734.763, 100
Trd, 2590735.846, 89
Trd, 2590735.879, 99
Trd, 2590736.296, 88
Trd, 2590736.763, 87
Trd, 2590737.579, 106
Trd, 2590737.596, 87
Trd, 2590738.879, 90
Trd, 2590739.413, 106
Trd, 2590739.679, 107
Trd, 2590740.313, 108
Trd, 2590741.246, 111
Trd, 2590743.096, 112
Trd, 2590743.279, 114
Trd, 2590743.413, 98
Trd, 2590744.596, 111
Trd, 2590745.263, 91
Trd, 2590745.279, 120
Trd, 2590746.079, 90
Trd, 2590746.463, 88
Trd, 2590747.429, 91
Trd, 2590748.729, 95
Trd, 2590749.063, 91
Trd, 2590750.246, 90
Trd, 2590750.263, 89
Trd, 2590750.496, 90
Trd, 2590750.763, 92
Trd, 2590751.496, 96
Trd, 2590751.846, 88
Trd, 2590752.379, 95
Trd, 2590752.479, 101
Trd, 2590752.596, 101
Trd, 2590753.446, 92
Trd, 2590755.879, 97
Trd, 2590756.113, 95
Trd, 2590756.196, 98
Trd, 2590757.696, 96
Trd, 2590758.196, 100
Trd, 2590758.896, 93
Trd, 2590759.413, 92
Trd, 2590759.746, 100
Trd, 2590760.413, 93
Trd, 2590761.179, 95
Trd, 2590761.746, 91
Trd, 2590761.879, 101
Trd, 2590762.479, 88
Trd, 2590762.613, 104
Trd, 2590762.979, 110
Trd, 2590763.113, 87
Trd, 2590763.363, 114
Trd, 2590765.413, 89
Trd, 2590766.029, 88
Trd, 2590766.463, 92
Trd, 2590767.113, 90
Trd, 2590767.596, 93
Trd, 2590767.913, 90
Trd, 2590768.079, 94
Trd, 2590768.596, 88
Trd, 2590770.213, 88
Trd, 2590770.579, 87
Trd, 2590771.113, 103
Trd, 2590771.563, 84
Trd, 2590771.579, 102
Trd, 2590772.696, 79
Trd, 2590773.063, 78
Trd, 2590775.179, 82
Trd, 2590776.313, 77
Trd, 2590776.963, 75
Trd, 2590777.379, 98
Trd, 2590778.413, 95
Trd, 2590778.696, 100
Trd, 2590778.829, 101
Trd, 2590779.879, 96
Trd, 2590781.013, 96
Trd, 2590781.629, 95
Trd, 2590781.996, 98
Trd, 2590782.279, 97
Trd, 2590782.329, 94
Trd, 2590782.479, 93
Trd, 2590784.463, 89
Trd, 2590784.796, 99
Trd, 2590785.279, 99
Trd, 2590785.579, 87
Trd, 2590786.313, 101
Trd, 2590786.363, 87
Trd, 2590786.379, 119
Trd, 2590786.629, 85
Trd, 2590787.396, 84
Trd, 2590787.413, 83
Trd, 2590788.529, 99
Trd, 2590789.579, 100
Trd, 2590790.113, 87
Trd, 2590790.413, 106
Trd, 2590790.546, 86
Trd, 2590790.829, 81
Trd, 2590791.046, 110
Trd, 2590792.679, 114
Trd, 2590794.446, 106
Trd, 2590794.979, 99
Trd, 2590795.479, 98
Trd, 2590795.613, 93
Trd, 2590798.529, 94
Trd, 2590799.296, 101
Trd, 2590799.763, 102
Trd, 2590799.863, 96
Trd, 2590800.363, 95
Trd, 2590800.463, 93
Trd, 2590800.863, 106
Trd, 2590801.163, 104
Trd, 2590801.463, 106
Trd, 2590802.079, 106
Trd, 2590802.279, 90
Trd, 2590802.613, 87
Trd, 2590802.663, 87
Trd, 2590803.929, 91
Trd, 2590804.646, 88
Trd, 2590805.946, 98
Trd, 2590806.479, 93
Trd, 2590806.596, 104
Trd, 2590807.529, 105
Trd, 2590807.913, 102
Trd, 2590808.729, 104
Trd, 2590810.179, 105
Trd, 2590810.213, 104
Trd, 2590810.296, 99
Trd, 2590810.796, 99
Trd, 2590811.913, 103
Trd, 2590812.046, 92
Trd, 2590812.479, 104
Trd, 2590813.313, 106
Trd, 2590813.929, 94
Trd, 2590815.363, 87
Trd, 2590815.746, 85
Trd, 2590817.596, 95
Trd, 2590818.013, 95
Trd, 2590818.429, 101
Trd, 2590818.479, 108
Trd, 2590818.896, 94
Trd, 2590818.946, 92
Trd, 2590819.313, 84
Trd, 2590819.829, 103
Trd, 2590822.496, 113
Trd, 2590822.979, 84
Trd, 2590823.113, 114
Trd, 2590823.279, 82
Trd, 2590823.346, 81
Trd, 2590824.046, 94
Trd, 2590825.946, 108
Trd, 2590826.046, 107
Trd, 2590827.046, 106
Trd, 2590827.263, 117
Trd, 2590827.446, 101
Trd, 2590828.596, 98
Trd, 2590828.729, 98
Trd, 2590828.996, 95
Trd, 2590829.213, 106
Trd, 2590829.896, 92
Trd, 2590831.279, 103
Trd, 2590831.629, 88
Trd, 2590831.646, 106
Trd, 2590833.013, 90
Trd, 2590834.096, 104
Trd, 2590834.363, 105
Trd, 2590835.129, 108
Trd, 2590835.329, 95
Trd, 2590835.596, 93
Trd, 2590836.129, 105
Trd, 2590836.879, 106
Trd, 2590837.613, 94
Trd, 2590837.863, 89
Trd, 2590839.196, 90
Trd, 2590839.446, 108
Trd, 2590841.563, 98
Trd, 2590841.963, 89
Trd, 2590842.196, 87
Trd, 2590842.379, 86
Trd, 2590842.863, 95
Trd, 2590842.913, 85
Trd, 2590843.113, 84
Trd, 2590843.813, 97
Trd, 2590844.629, 87
Trd, 2590845.046, 111
Trd, 2590846.396, 100
Trd, 2590848.213, 90
Trd, 2590849.196, 93
Trd, 2590849.229, 87
Trd, 2590850.096, 93
Trd, 2590850.129, 84
Trd, 2590850.446, 85
Trd, 2590851.796, 99
Trd, 2590852.363, 106
Trd, 2590852.846, 109
Trd, 2590853.163, 96
Trd, 2590853.229, 111
Trd, 2590853.496, 111
Trd, 2590853.579, 95
Trd, 2590855.796, 96
Trd, 2590856.479, 110
Trd, 2590856.663, 111
Trd, 2590856.746, 96
Trd, 2590856.829, 96
Trd, 2590857.979, 106
Trd, 2590860.396, 94
Trd, 2590860.429, 93
Trd, 2590860.563, 93
Trd, 2590860.663, 90
Trd, 2590860.796, 102
Trd, 2590861.663, 101
Trd, 2590861.796, 87
Trd, 2590862.196, 103
Trd, 2590862.396, 87
Trd, 2590862.779, 85
Trd, 2590863.213, 108
Trd, 2590864.979, 91
Trd, 2590866.029, 91
Trd, 2590866.063, 99
Trd, 2590867.079, 99
Trd, 2590868.863, 99
Trd, 2590869.113, 92
Trd, 2590870.013, 90
Trd, 2590870.863, 96
Trd, 2590871.329, 97
Trd, 2590871.379, 90
Trd, 2590872.296, 94
Trd, 2590872.329, 108
Trd, 2590873.346, 90
Trd, 2590875.979, 105
Trd, 2590876.529, 105
Trd, 2590877.429, 101
Trd, 2590877.529, 99
Trd, 2590877.746, 98
Trd, 2590877.879, 98
Trd, 2590878.296, 93
Trd, 2590878.813, 98
Trd, 2590879.013, 100
Trd, 2590879.263, 108
Trd, 2590879.479, 87
Trd, 2590881.779, 112
Trd, 2590882.379, 103
Trd, 2590883.146, 100
Trd, 2590883.196, 101
Trd, 2590883.546, 92
Trd, 2590883.779, 101
Trd, 2590884.063, 90
Trd, 2590886.213, 100
Trd, 2590886.313, 98
Trd, 2590887.179, 101
Trd, 2590887.229, 101
Trd, 2590887.846, 99
Trd, 2590888.546, 97
Trd, 2590890.179, 92
Trd, 2590890.463, 97
Trd, 2590890.513, 91
Trd, 2590891.563, 96
Trd, 2590891.696, 89
Trd, 2590892.029, 89
Trd, 2590894.696, 101
Trd, 2590894.746, 94
Trd, 2590894.829, 108
Trd, 2590897.379, 100
Trd, 2590897.663, 104
Trd, 2590897.796, 105
Trd, 2590899.163, 88
Trd, 2590899.496, 93
Trd, 2590899.929, 88
Trd, 2590900.396, 99
Trd, 2590900.413, 87
Trd, 2590900.913, 84
Trd, 2590903.029, 98
Trd, 2590903.646, 100
Trd, 2590903.679, 91
Trd, 2590904.129, 101
Trd, 2590904.313, 88
Trd, 2590904.796, 85
Trd, 2590907.729, 95
Trd, 2590908.429, 89
Trd, 2590908.879, 94
Trd, 2590908.896, 89
Trd, 2590909.079, 95
Trd, 2590909.346, 97
Trd, 2590909.563, 101
Trd, 2590910.313, 92
Trd, 2590911.629, 87
Trd, 2590911.713, 112
Trd, 2590912.646, 85
Trd, 2590913.296, 84
Trd, 2590913.313, 82
Trd, 2590913.329, 87
Trd, 2590913.413, 105
Trd, 2590914.813, 95
Trd, 2590915.463, 101
Trd, 2590915.863, 86
Trd, 2590916.596, 83
Trd, 2590916.729, 82
Trd, 2590917.313, 99
Trd, 2590917.746, 100
Trd, 2590917.863, 109
Trd, 2590919.479, 87
Trd, 2590920.713, 100
Trd, 2590921.179, 89
Trd, 2590921.279, 101
Trd, 2590923.013, 96
Trd, 2590923.079, 95
Trd, 2590923.313, 94
Trd, 2590923.946, 113
Trd, 2590924.529, 84
Trd, 2590924.929, 85
Trd, 2590924.996, 119
Trd, 2590926.729, 92
Trd, 2590926.796, 88
Trd, 2590927.179, 104
Trd, 2590928.529, 113
Trd, 2590928.929, 125
Trd, 2590929.379, 113
Trd, 2590929.746, 112
Trd, 2590931.063, 108
Trd, 2590931.446, 117
Trd, 2590931.996, 88
Trd, 2590933.029, 88
Trd, 2590933.596, 87
Trd, 2590933.913, 114
Trd, 2590934.129, 94
Trd, 2590934.396, 93
Trd, 2590934.846, 113
Trd, 2590935.296, 89
Trd, 2590938.629, 94
Trd, 2590939.313, 103
Trd, 2590939.879, 96
Trd, 2590940.096, 95
Trd, 2590940.263, 91
Trd, 2590941.213, 97
Trd, 2590941.929, 97
Trd, 2590942.046, 92
Trd, 2590942.763, 97
Trd, 2590944.063, 99
Trd, 2590945.846, 97
Trd, 2590946.879, 95
Trd, 2590947.329, 96
Trd, 2590948.146, 100
Trd, 2590948.179, 107
Trd, 2590948.546, 94
Trd, 2590949.013, 108
Trd, 2590949.079, 91
Trd, 2590949.296, 89
Trd, 2590950.146, 114
Trd, 2590950.196, 112
Trd, 2590950.679, 87
Trd, 2590950.763, 98
Trd, 2590951.513, 85
Trd, 2590952.479, 96
Trd, 2590952.796, 84
Trd, 2590954.029, 105
Trd, 2590955.079, 104
Trd, 2590955.263, 87
Trd, 2590956.279, 104
Trd, 2590956.546, 105
Trd, 2590957.363, 119
Trd, 2590957.529, 92
Trd, 2590957.846, 119
Trd, 2590958.929, 95
Trd, 2590959.396, 92
Trd, 2590961.346, 99
Trd, 2590961.529, 95
Trd, 2590961.863, 94
Trd, 2590964.896, 89
Trd, 2590965.146, 90
Trd, 2590965.263, 91
Trd, 2590965.779, 91
Trd, 2590966.713, 92
Trd, 2590968.146, 92
Trd, 2590968.279, 96
Trd, 2590968.313, 87
Trd, 2590968.729, 87
Trd, 2590969.146, 99
Trd, 2590969.363, 87
Trd, 2590969.479, 84
Trd, 2590969.496, 101
Trd, 2590969.763, 103
Trd, 2590970.613, 106
Trd, 2590970.979, 95
Trd, 2590971.746, 86
Trd, 2590972.846, 85
Trd, 2590973.046, 84
Trd, 2590973.729, 94
Trd, 2590974.696, 103
Trd, 2590976.463, 95
Trd, 2590976.879, 94
Trd, 2590977.096, 109
Trd, 2590977.296, 92
Trd, 2590977.563, 107
Trd, 2590978.529, 92
Trd, 2590978.813, 87
Trd, 2590979.079, 98
Trd, 2590979.579, 101
Trd, 2590979.613, 87
Trd, 2590981.646, 102
Trd, 2590982.129, 102
Trd, 2590983.696, 106
Trd, 2590983.829, 110
Trd, 2590984.413, 92
Trd, 2590984.829, 89
Trd, 2590985.396, 100
Trd, 2590985.713, 96
Trd, 2590986.146, 88
Trd, 2590987.913, 103
Trd, 2590988.963, 89
Trd, 2590989.296, 94
Trd, 2590989.579, 90
Trd, 2590990.946, 104
Trd, 2590991.113, 106
Trd, 2590991.429, 94
Trd, 2590992.579, 106
Trd, 2590992.929, 107
Trd, 2590993.729, 108
Trd, 2590993.996, 106
Trd, 2590994.396, 105
Trd, 2590995.479, 97
Trd, 2590996.246, 98
Trd, 2590996.413, 95
Trd, 2590996.829, 90
Trd, 2590997.429, 88
Trd, 2590997.496, 101
Trd, 2590997.829, 87
Trd, 2590998.379, 100
Trd, 2590999.096, 84
Trd, 2590999.113, 81
Trd, 2590999.979, 96
Trd, 2591001.546, 96
Trd, 2591002.329, 96
Trd, 2591002.846, 98
Trd, 2591003.079, 93
Trd, 2591004.146, 91
Trd, 2591004.696, 93
Trd, 2591004.846, 97
Trd, 2591004.929, 90
Trd, 2591006.163, 99
Trd, 2591006.263, 100
Trd, 2591009.213, 101
Trd, 2591009.496, 96
Trd, 2591009.546, 95
Trd, 2591009.929, 95
Trd, 2591010.346, 94
Trd, 2591010.546, 107
Trd, 2591010.563, 119
Trd, 2591010.813, 87
Trd, 2591011.813, 118
Trd, 2591012.429, 89
Trd, 2591013.996, 91
Trd, 2591014.396, 95
Trd, 2591015.096, 101
Trd, 2591016.179, 96
Trd, 2591016.596, 106
Trd, 2591016.929, 94
Trd, 2591018.029, 108
Trd, 2591018.096, 120
Trd, 2591019.129, 116
Trd, 2591019.513, 98
Trd, 2591019.896, 94
Trd, 2591021.196, 88
Trd, 2591022.813, 94
Trd, 2591023.396, 92
Trd, 2591024.696, 92
Trd, 2591024.996, 97
Trd, 2591025.163, 90
Trd, 2591025.946, 98
Trd, 2591026.513, 96
Trd, 2591026.629, 95
Trd, 2591027.279, 101
Trd, 2591027.363, 87
Trd, 2591028.063, 106
Trd, 2591030.679, 102
Trd, 2591030.963, 101
Trd, 2591031.179, 102
Trd, 2591031.763, 100
Trd, 2591031.846, 103
Trd, 2591032.329, 96
Trd, 2591032.379, 94
Trd, 2591032.513, 101
Trd, 2591033.029, 93
Trd, 2591033.963, 85
Trd, 2591034.113, 106
Trd, 2591034.829, 84
Trd, 2591034.996, 84
Trd, 2591036.129, 108
Trd, 2591036.313, 109
Trd, 2591037.396, 102
Trd, 2591037.446, 92
Trd, 2591039.679, 85
Trd, 2591040.646, 85
Trd, 2591040.813, 86
Trd, 2591040.946, 87
Trd, 2591041.196, 85
Trd, 2591042.613, 96
Trd, 2591042.629, 101
Trd, 2591043.113, 99
Trd, 2591043.179, 93
Trd, 2591043.363, 102
Trd, 2591043.746, 102
Trd, 2591045.946, 100
Trd, 2591046.713, 99
Trd, 2591047.196, 99
Trd, 2591047.446, 98
Trd, 2591047.563, 93
Trd, 2591048.713, 92
Trd, 2591048.996, 91
Trd, 2591049.046, 93
Trd, 2591050.029, 101
Trd, 2591050.063, 90
Trd, 2591050.979, 87
Trd, 2591051.329, 101
Trd, 2591052.229, 102
Trd, 2591053.229, 110
Trd, 2591054.079, 108
Trd, 2591054.963, 108
Trd, 2591054.996, 106
Trd, 2591055.213, 110
Trd, 2591055.429, 100
Trd, 2591055.729, 96
Trd, 2591057.496, 96
Trd, 2591057.879, 96
Trd, 2591057.979, 95
Trd, 2591058.663, 105
Trd, 2591059.113, 103
Trd, 2591060.746, 104
Trd, 2591060.846, 103
Trd, 2591061.079, 98
Trd, 2591062.096, 103
Trd, 2591062.796, 87
Trd, 2591063.046, 87
Trd, 2591063.279, 89
Trd, 2591063.846, 90
Trd, 2591064.163, 91
Trd, 2591067.313, 92
Trd, 2591067.646, 91
Trd, 2591067.963, 103
Trd, 2591068.929, 91
Trd, 2591069.129, 97
Trd, 2591069.213, 100
Trd, 2591069.263, 104
Trd, 2591069.579, 108
Trd, 2591071.113, 92
Trd, 2591071.213, 91
Trd, 2591071.763, 98
Trd, 2591072.146, 93
Trd, 2591072.546, 103
Trd, 2591074.529, 96
Trd, 2591074.713, 98
Trd, 2591074.763, 109
Trd, 2591074.796, 97
Trd, 2591075.479, 96
Trd, 2591076.629, 91
Trd, 2591076.929, 88
Trd, 2591077.213, 100
Trd, 2591078.329, 104
Trd, 2591079.546, 108
Trd, 2591080.813, 91
Trd, 2591081.296, 92
Trd, 2591081.496, 87
Trd, 2591081.829, 93
Trd, 2591081.946, 94
Trd, 2591082.429, 101
Trd, 2591083.513, 107
Trd, 2591083.829, 108
Trd, 2591085.296, 86
Trd, 2591085.679, 84
Trd, 2591085.729, 83
Trd, 2591086.046, 84
Trd, 2591086.229, 92
Trd, 2591089.113, 85
Trd, 2591089.196, 83
Trd, 2591089.829, 86
Trd, 2591090.013, 85
Trd, 2591091.013, 86
Trd, 2591091.413, 87
Trd, 2591091.496, 99
Trd, 2591093.596, 96
Trd, 2591093.613, 95
Trd, 2591094.113, 99
Trd, 2591094.463, 111
Trd, 2591094.546, 90
Trd, 2591095.196, 107
Trd, 2591095.713, 108
Trd, 2591096.379, 97
Trd, 2591096.513, 90
Trd, 2591097.363, 109
Trd, 2591097.546, 87
Trd, 2591099.563, 87
Trd, 2591101.096, 91
Trd, 2591101.696, 104
Trd, 2591101.879, 90
Trd, 2591102.429, 105
Trd, 2591102.796, 92
Trd, 2591102.879, 113
Trd, 2591103.963, 108
Trd, 2591104.063, 116
Trd, 2591104.529, 96
Trd, 2591105.213, 97
Trd, 2591106.179, 109
Trd, 2591106.879, 108
Trd, 2591107.563, 106
Trd, 2591108.529, 106
Trd, 2591109.063, 94
Trd, 2591109.629, 91
Trd, 2591111.029, 89
Trd, 2591111.596, 92
Trd, 2591112.163, 92
Trd, 2591112.763, 90
Trd, 2591112.779, 89
Trd, 2591113.363, 88
Trd, 2591114.196, 92
Trd, 2591114.996, 88
Trd, 2591115.863, 90
Trd, 2591115.979, 88
Trd, 2591116.229, 95
Trd, 2591116.413, 96
Trd, 2591117.729, 87
Trd, 2591118.629, 85
Trd, 2591119.346, 90
Trd, 2591119.546, 97
Trd, 2591119.579, 99
Trd, 2591119.746, 82
Trd, 2591122.213, 85
Trd, 2591122.713, 84
Trd, 2591126.146, 101
Trd, 2591126.413, 94
Trd, 2591126.529, 103
Trd, 2591126.663, 103
Trd, 2591128.179, 97
Trd, 2591128.229, 94
Trd, 2591128.613, 98
Trd, 2591128.963, 96
Trd, 2591129.079, 98
Trd, 2591129.413, 99
Trd, 2591130.063, 97
Trd, 2591130.113, 108
Trd, 2591130.463, 87
Trd, 2591131.563, 87
Trd, 2591132.479, 99
Trd, 2591132.713, 110
Trd, 2591133.129, 91
Trd, 2591133.146, 90
Trd, 2591134.029, 92
Trd, 2591135.329, 110
Trd, 2591135.613, 112
Trd, 2591135.879, 85
Trd, 2591136.929, 114
Trd, 2591137.913, 104
Trd, 2591137.929, 108
Trd, 2591138.746, 116
Trd, 2591139.463, 90
Trd, 2591139.579, 97
Trd, 2591141.396, 96
Trd, 2591141.563, 94
Trd, 2591141.896, 98
Trd, 2591142.246, 92
Trd, 2591142.779, 98
Trd, 2591142.846, 89
Trd, 2591143.096, 104
Trd, 2591144.513, 115
Trd, 2591144.713, 98
Trd, 2591147.396, 90
Trd, 2591148.363, 93
Trd, 2591149.129, 98
Trd, 2591149.196, 88
Trd, 2591149.429, 87
Trd, 2591149.696, 87
Trd, 2591151.246, 95
Trd, 2591152.746, 94
Trd, 2591153.046, 94
Trd, 2591153.113, 92
Trd, 2591153.446, 91
Trd, 2591154.129, 91
Trd, 2591154.913, 98
Trd, 2591154.963, 85
Trd, 2591155.096, 101
Trd, 2591155.379, 106
Trd, 2591155.479, 111
Trd, 2591157.279, 99
Trd, 2591157.413, 117
Trd, 2591157.696, 91
Trd, 2591158.363, 102
Trd, 2591159.463, 87
Trd, 2591160.596, 87
Trd, 2591161.596, 104
Trd, 2591162.229, 89
Trd, 2591162.496, 99
Trd, 2591162.779, 100
Trd, 2591162.996, 88
Trd, 2591164.479, 89
Trd, 2591164.996, 97
Trd, 2591165.763, 99
Trd, 2591166.696, 94
Trd, 2591166.796, 87
Trd, 2591167.663, 104
Trd, 2591167.779, 105
Trd, 2591168.079, 85
Trd, 2591169.079, 86
Trd, 2591169.563, 87
Trd, 2591169.829, 84
Trd, 2591172.313, 90
Trd, 2591173.246, 90
Trd, 2591174.179, 89
Trd, 2591174.613, 91
Trd, 2591176.546, 107
Trd, 2591176.629, 107
Trd, 2591176.829, 92
Trd, 2591176.879, 107
Trd, 2591177.879, 90
Trd, 2591178.063, 107
Trd, 2591178.263, 109
Trd, 2591179.229, 90
Trd, 2591179.579, 97
Trd, 2591180.046, 87
Trd, 2591181.179, 111
Trd, 2591181.896, 88
Trd, 2591182.096, 87
Trd, 2591183.079, 93
Trd, 2591183.779, 79
Trd, 2591184.763, 84
Trd, 2591185.513, 87
Trd, 2591185.796, 84
Trd, 2591185.996, 87
Trd, 2591187.146, 90
Trd, 2591187.413, 90
Trd, 2591187.579, 91
Trd, 2591188.546, 96
Trd, 2591188.663, 95
Trd, 2591188.929, 105
Trd, 2591189.896, 109
Trd, 2591190.346, 93
Trd, 2591190.813, 93
Trd, 2591191.646, 103
Trd, 2591192.079, 95
Trd, 2591193.029, 98
Trd, 2591193.229, 95
Trd, 2591193.996, 91
Trd, 2591194.096, 101
Trd, 2591194.246, 91
Trd, 2591194.363, 101
Trd, 2591194.813, 83
Trd, 2591195.479, 101
Trd, 2591195.963, 101
Trd, 2591196.396, 91
Trd, 2591197.029, 90
Trd, 2591197.996, 101
Trd, 2591200.113, 102
Trd, 2591200.479, 98
Trd, 2591202.696, 104
Trd, 2591202.813, 101
Trd, 2591203.829, 98
Trd, 2591204.429, 105
Trd, 2591204.713, 94
Trd, 2591206.829, 90
Trd, 2591207.363, 94
Trd, 2591207.396, 103
Trd, 2591207.779, 86
Trd, 2591208.063, 104
Trd, 2591208.213, 108
Trd, 2591208.279, 109
Trd, 2591208.313, 84
Trd, 2591209.996, 105
Trd, 2591210.963, 104
Trd, 2591212.679, 117
Trd, 2591212.846, 116
Trd, 2591213.196, 115
Trd, 2591213.313, 122
Trd, 2591213.796, 111
Trd, 2591213.963, 109
Trd, 2591214.196, 119
Trd, 2591214.346, 121
Trd, 2591214.463, 91
Trd, 2591215.079, 88
Trd, 2591216.729, 96
Trd, 2591217.963, 87
Trd, 2591218.679, 97
Trd, 2591218.796, 87
Trd, 2591219.379, 93
Trd, 2591220.679, 95
Trd, 2591221.413, 98
Trd, 2591221.879, 98
Trd, 2591222.179, 101
Trd, 2591222.296, 109
Trd, 2591223.613, 99
Trd, 2591225.196, 98
Trd, 2591225.663, 97
Trd, 2591226.029, 98
Trd, 2591226.363, 97
Trd, 2591226.929, 96
Trd, 2591227.196, 101
Trd, 2591227.313, 101
Trd, 2591228.179, 117
Trd, 2591229.796, 95
Trd, 2591229.896, 87
Trd, 2591230.263, 93
Trd, 2591230.746, 91
Trd, 2591231.096, 103
Trd, 2591231.813, 95
Trd, 2591232.779, 102
Trd, 2591232.879, 103
Trd, 2591232.896, 94
Trd, 2591234.613, 95
Trd, 2591235.046, 94
Trd, 2591235.096, 97
Trd, 2591235.246, 87
Trd, 2591235.996, 88
Trd, 2591237.429, 95
Trd, 2591238.346, 96
Trd, 2591239.029, 101
Trd, 2591239.163, 97
Trd, 2591239.396, 95
Trd, 2591241.779, 102
Trd, 2591241.879, 105
Trd, 2591242.896, 103
Trd, 2591243.229, 102
Trd, 2591243.479, 98
Trd, 2591244.129, 105
Trd, 2591244.429, 102
Trd, 2591245.213, 103
Trd, 2591245.846, 109
Trd, 2591246.996, 96
Trd, 2591247.163, 95
Trd, 2591247.529, 90
Trd, 2591249.779, 85
Trd, 2591250.463, 90
Trd, 2591250.646, 91
Trd, 2591250.779, 88
Trd, 2591251.363, 95
Trd, 2591251.429, 96
Trd, 2591252.329, 89
Trd, 2591253.663, 94
Trd, 2591253.913, 90
Trd, 2591254.179, 88
Trd, 2591254.813, 100
Trd, 2591256.013, 100
Trd, 2591256.663, 90
Trd, 2591256.996, 87
Trd, 2591257.229, 98
Trd, 2591257.646, 85
Trd, 2591259.013, 98
Trd, 2591259.563, 101
Trd, 2591260.763, 92
Trd, 2591261.413, 96
Trd, 2591262.029, 111
Trd, 2591262.563, 96
Trd, 2591263.163, 95
Trd, 2591263.179, 113
Trd, 2591263.479, 96
Trd, 2591264.229, 111
Trd, 2591265.646, 104
Trd, 2591266.229, 103
Trd, 2591268.029, 102
Trd, 2591268.046, 106
Trd, 2591268.679, 103
Trd, 2591269.696, 116
Trd, 2591270.213, 119
Trd, 2591270.479, 105
Trd, 2591271.213, 104
Trd, 2591271.363, 99
Trd, 2591271.763, 98
Trd, 2591271.863, 95
Trd, 2591271.996, 87
Trd, 2591272.179, 108
Trd, 2591273.046, 89
Trd, 2591273.979, 84
Trd, 2591274.963, 105
Trd, 2591275.013, 106
Trd, 2591275.346, 86
Trd, 2591275.896, 105
Trd, 2591275.996, 83
Trd, 2591276.179, 98
Trd, 2591276.379, 121
Trd, 2591277.746, 83
Trd, 2591278.729, 87
Trd, 2591279.846, 109
Trd, 2591280.313, 116
Trd, 2591281.529, 105
Trd, 2591282.129, 103
Trd, 2591282.913, 102
Trd, 2591284.079, 89
Trd, 2591284.196, 84
Trd, 2591284.546, 94
Trd, 2591284.929, 84
Trd, 2591285.479, 92
Trd, 2591285.929, 93
Trd, 2591286.713, 92
Trd, 2591286.846, 96
Trd, 2591287.429, 91
Trd, 2591287.796, 97
Trd, 2591289.713, 89
Trd, 2591290.363, 90
Trd, 2591290.529, 94
Trd, 2591290.913, 89
Trd, 2591292.079, 99
Trd, 2591293.896, 99
Trd, 2591294.529, 95
Trd, 2591294.996, 101
Trd, 2591296.346, 106
Trd, 2591296.463, 96
Trd, 2591297.613, 97
Trd, 2591297.696, 94
Trd, 2591297.996, 92
Trd, 2591298.896, 97
Trd, 2591299.296, 99
Trd, 2591300.629, 102
Trd, 2591300.813, 101
Trd, 2591300.829, 105
Trd, 2591300.863, 108
Trd, 2591301.113, 96
Trd, 2591302.796, 98
Trd, 2591302.979, 106
Trd, 2591303.663, 100
Trd, 2591304.879, 88
Trd, 2591304.979, 87
Trd, 2591306.146, 93
Trd, 2591306.246, 93
Trd, 2591306.746, 101
Trd, 2591307.546, 92
Trd, 2591308.479, 110
Trd, 2591308.763, 92
Trd, 2591308.996, 110
Trd, 2591310.679, 93
Trd, 2591311.229, 90
Trd, 2591311.646, 98
Trd, 2591311.796, 101
Trd, 2591311.963, 87
Trd, 2591313.079, 91
Trd, 2591313.329, 113
Trd, 2591315.979, 90
Trd, 2591316.563, 88
Trd, 2591316.713, 87
Trd, 2591316.813, 87
Trd, 2591317.646, 91
Trd, 2591317.979, 88
Trd, 2591318.713, 93
Trd, 2591319.196, 86
Trd, 2591319.946, 92
Trd, 2591320.046, 94
Trd, 2591320.646, 94
Trd, 2591320.779, 96
Trd, 2591321.013, 84
Trd, 2591321.896, 104
Trd, 2591322.263, 105
Trd, 2591322.946, 107
Trd, 2591323.829, 105
Trd, 2591324.279, 106
Trd, 2591325.279, 105
Trd, 2591326.229, 98
Trd, 2591326.379, 93
Trd, 2591326.896, 93
Trd, 2591327.163, 89
Trd, 2591327.729, 91
Trd, 2591328.179, 88
Trd, 2591328.613, 94
Trd, 2591330.046, 93
Trd, 2591330.113, 94
Trd, 2591330.779, 105
Trd, 2591331.563, 92
Trd, 2591331.779, 108
Trd, 2591332.546, 95
Trd, 2591333.363, 93
Trd, 2591334.413, 93
Trd, 2591334.896, 89
Trd, 2591334.963, 87
Trd, 2591335.179, 97
Trd, 2591335.329, 104
Trd, 2591335.913, 116
Trd, 2591337.213, 113
Trd, 2591337.363, 84
Trd, 2591341.079, 94
Trd, 2591341.229, 95
Trd, 2591341.596, 96
Trd, 2591341.813, 99
Trd, 2591342.796, 107
Trd, 2591343.196, 105
Trd, 2591344.246, 102
Trd, 2591344.396, 101
Trd, 2591344.546, 100
Trd, 2591344.696, 98
Trd, 2591346.579, 98
Trd, 2591347.379, 100
Trd, 2591348.196, 91
Trd, 2591348.963, 97
Trd, 2591349.696, 98
Trd, 2591351.163, 101
Trd, 2591351.646, 108
Trd, 2591351.846, 109
Trd, 2591352.146, 111
Trd, 2591352.963, 111
Trd, 2591353.113, 108
Trd, 2591353.213, 116
Trd, 2591353.313, 109
Trd, 2591353.796, 109
Trd, 2591353.929, 108
Trd, 2591354.813, 98
Trd, 2591355.563, 90
Trd, 2591355.813, 99
Trd, 2591357.096, 92
Trd, 2591357.263, 89
Trd, 2591357.396, 96
Trd, 2591357.729, 98
Trd, 2591358.113, 108
Trd, 2591358.363, 91
Trd, 2591358.729, 109
Trd, 2591359.263, 111
Trd, 2591361.329, 116
Trd, 2591362.679, 89
Trd, 2591364.279, 94
Trd, 2591364.529, 88
Trd, 2591365.629, 116
Trd, 2591365.646, 118
Trd, 2591365.729, 95
Trd, 2591366.329, 84
Trd, 2591366.796, 81
Trd, 2591367.013, 98
Trd, 2591367.696, 82
Trd, 2591369.346, 105
Trd, 2591370.813, 101
Trd, 2591370.963, 104
Trd, 2591371.429, 91
Trd, 2591373.263, 97
Trd, 2591373.413, 97
Trd, 2591374.146, 98
Trd, 2591374.829, 99
Trd, 2591375.279, 101
Trd, 2591375.296, 95
Trd, 2591375.513, 106
Trd, 2591375.746, 94
Trd, 2591376.146, 89
Trd, 2591376.529, 88
Trd, 2591376.596, 106
Trd, 2591376.763, 88
Trd, 2591378.546, 87
Trd, 2591380.563, 86
Trd, 2591381.146, 101
Trd, 2591381.579, 102
Trd, 2591382.463, 102
Trd, 2591382.596, 103
Trd, 2591382.679, 101
Trd, 2591383.863, 102
Trd, 2591384.196, 106
Trd, 2591384.696, 98
Trd, 2591385.813, 105
Trd, 2591386.013, 91
Trd, 2591387.146, 84
Trd, 2591387.229, 83
Trd, 2591387.263, 81
Trd, 2591388.746, 92
Trd, 2591389.013, 81
Trd, 2591390.329, 100
Trd, 2591391.229, 99
Trd, 2591391.413, 101
Trd, 2591391.479, 108
Trd, 2591391.713, 107
Trd, 2591391.863, 98
Trd, 2591394.613, 98
Trd, 2591394.796, 98
Trd, 2591395.163, 88
Trd, 2591395.579, 89
Trd, 2591396.463, 111
Trd, 2591396.796, 92
Trd, 2591397.096, 91
Trd, 2591398.963, 90
Trd, 2591399.513, 93
Trd, 2591400.363, 95
Trd, 2591400.446, 102
Trd, 2591400.529, 92
Trd, 2591400.979, 92
Trd, 2591401.346, 107
Trd, 2591401.479, 110
Trd, 2591401.546, 91
Trd, 2591403.029, 108
Trd, 2591403.113, 97
Trd, 2591403.996, 92
Trd, 2591404.263, 94
Trd, 2591404.446, 87
Trd, 2591404.613, 84
Trd, 2591405.763, 96
Trd, 2591405.813, 100
Trd, 2591408.496, 93
Trd, 2591408.779, 94
Trd, 2591409.046, 96
Trd, 2591409.513, 101
Trd, 2591411.379, 104
Trd, 2591411.463, 103
Trd, 2591411.779, 102
Trd, 2591411.979, 103
Trd, 2591412.063, 100
Trd, 2591412.196, 98
Trd, 2591413.163, 84
Trd, 2591414.363, 86
Trd, 2591414.446, 107
Trd, 2591414.679, 85
Trd, 2591414.713, 108
Trd, 2591415.496, 84
Trd, 2591416.246, 102
Trd, 2591416.463, 81
Trd, 2591416.496, 78
Trd, 2591419.779, 85
Trd, 2591420.429, 101
Trd, 2591420.646, 89
Trd, 2591420.763, 88
Trd, 2591422.179, 102
Trd, 2591422.929, 99
Trd, 2591424.479, 101
Trd, 2591424.529, 106
Trd, 2591424.929, 98
Trd, 2591425.113, 93
Trd, 2591425.296, 93
Trd, 2591426.413, 92
Trd, 2591426.463, 91
Trd, 2591427.796, 92
Trd, 2591427.946, 93
Trd, 2591430.046, 98
Trd, 2591430.546, 101
Trd, 2591431.163, 102
Trd, 2591431.246, 101
Trd, 2591432.296, 103
Trd, 2591432.363, 100
Trd, 2591432.413, 104
Trd, 2591433.063, 115
Trd, 2591433.696, 115
Trd, 2591433.913, 98
Trd, 2591434.963, 87
Trd, 2591435.063, 106
Trd, 2591435.163, 85
Trd, 2591435.613, 109
Trd, 2591435.996, 115
Trd, 2591436.596, 110
Trd, 2591436.879, 110
Trd, 2591437.496, 110
Trd, 2591437.579, 95
Trd, 2591437.729, 84
Trd, 2591439.579, 94
Trd, 2591439.896, 121
Trd, 2591440.046, 127
Trd, 2591441.063, 92
Trd, 2591442.196, 95
Trd, 2591443.696, 98
Trd, 2591443.796, 98
Trd, 2591445.196, 98
Trd, 2591445.596, 99
Trd, 2591446.463, 100
Trd, 2591446.579, 99
Trd, 2591446.746, 98
Trd, 2591447.429, 91
Trd, 2591447.863, 86
Trd, 2591448.663, 101
Trd, 2591449.129, 121
Trd, 2591449.496, 132
Trd, 2591450.546, 118
Trd, 2591451.496, 100
Trd, 2591452.346, 102
Trd, 2591452.579, 102
Trd, 2591453.046, 103
Trd, 2591453.329, 102
Trd, 2591453.596, 101
Trd, 2591453.646, 108
Trd, 2591453.996, 98
Trd, 2591454.696, 109
Trd, 2591456.163, 99
Trd, 2591456.229, 98
Trd, 2591457.696, 99
Trd, 2591457.896, 88
Trd, 2591458.263, 94
Trd, 2591459.196, 90
Trd, 2591460.229, 89
Trd, 2591460.413, 87
Trd, 2591460.646, 84
Trd, 2591460.713, 99
Trd, 2591461.796, 98
Trd, 2591462.296, 92
Trd, 2591464.063, 86
Trd, 2591464.196, 101
Trd, 2591464.496, 86
Trd, 2591465.129, 109
Trd, 2591465.263, 87
Trd, 2591465.279, 116
Trd, 2591468.246, 90
Trd, 2591468.763, 89
Trd, 2591469.263, 93
Trd, 2591469.529, 87
Trd, 2591470.329, 98
Trd, 2591471.463, 85
Trd, 2591472.979, 92
Trd, 2591473.029, 87
Trd, 2591474.029, 93
Trd, 2591474.713, 93
Trd, 2591475.113, 93
Trd, 2591475.979, 94
Trd, 2591477.229, 96
Trd, 2591477.313, 94
Trd, 2591477.429, 99
Trd, 2591478.546, 95
Trd, 2591478.813, 95
Trd, 2591478.913, 101
Trd, 2591480.429, 96
Trd, 2591481.579, 93
Trd, 2591481.863, 104
Trd, 2591482.146, 109
Trd, 2591483.896, 90
Trd, 2591484.179, 88
Trd, 2591484.279, 101
Trd, 2591484.763, 87
Trd, 2591484.796, 85
Trd, 2591485.163, 105
Trd, 2591486.629, 106
Trd, 2591487.229, 84
Trd, 2591487.896, 90
Trd, 2591488.213, 86
Trd, 2591489.063, 83
Trd, 2591489.446, 95
Trd, 2591490.646, 97
Trd, 2591491.046, 97
Trd, 2591491.213, 98
Trd, 2591491.513, 101
Trd, 2591492.479, 105
Trd, 2591493.279, 104
Trd, 2591494.463, 106
Trd, 2591495.013, 110
Trd, 2591495.113, 119
Trd, 2591495.979, 119
Trd, 2591496.196, 113
Trd, 2591497.713, 114
Trd, 2591498.079, 112
Trd, 2591498.613, 109
Trd, 2591499.229, 108
Trd, 2591500.446, 98
Trd, 2591500.763, 112
Trd, 2591501.129, 98
Trd, 2591501.429, 96
Trd, 2591501.813, 88
Trd, 2591502.463, 85
Trd, 2591504.963, 101
Trd, 2591505.729, 88
Trd, 2591506.246, 100
Trd, 2591506.396, 87
Trd, 2591506.496, 84
Trd, 2591506.696, 99
Trd, 2591507.429, 77
Trd, 2591507.613, 95
Trd, 2591508.746, 93
Trd, 2591509.479, 78
Trd, 2591510.363, 90
Trd, 2591510.846, 96
Trd, 2591511.463, 105
Trd, 2591512.613, 98
Trd, 2591512.629, 107
Trd, 2591513.113, 99
Trd, 2591513.329, 111
Trd, 2591513.363, 98
Trd, 2591513.413, 95
Trd, 2591514.279, 100
Trd, 2591516.313, 103
Trd, 2591516.629, 94
Trd, 2591518.796, 98
Trd, 2591518.846, 97
Trd, 2591519.096, 99
Trd, 2591521.163, 96
Trd, 2591521.546, 87
Trd, 2591522.346, 93
Trd, 2591522.513, 97
Trd, 2591522.529, 92
Trd, 2591522.579, 98
Trd, 2591523.279, 101
Trd, 2591524.263, 95
Trd, 2591524.863, 103
Trd, 2591525.413, 93
Trd, 2591526.129, 96
Trd, 2591526.663, 87
Trd, 2591527.046, 86
Trd, 2591527.229, 103
Trd, 2591528.213, 85
Trd, 2591528.279, 102
Trd, 2591528.396, 105
Trd, 2591528.846, 108
Trd, 2591528.863, 84
Trd, 2591529.596, 111
Trd, 2591530.479, 88
Trd, 2591532.263, 107
Trd, 2591532.829, 94
Trd, 2591534.013, 95
Trd, 2591534.513, 94
Trd, 2591534.596, 93
Trd, 2591535.296, 98
Trd, 2591535.896, 98
Trd, 2591536.113, 101
Trd, 2591536.979, 94
Trd, 2591537.979, 95
Trd, 2591538.646, 96
Trd, 2591539.796, 92
Trd, 2591539.946, 93
Trd, 2591540.713, 102
Trd, 2591541.446, 94
Trd, 2591543.329, 93
Trd, 2591543.513, 88
Trd, 2591543.629, 101
Trd, 2591543.829, 111
Trd, 2591545.446, 98
Trd, 2591547.729, 94
Trd, 2591547.863, 92
Trd, 2591548.046, 100
Trd, 2591549.479, 87
Trd, 2591549.629, 98
Trd, 2591550.179, 87
Trd, 2591551.213, 81
Trd, 2591551.396, 98
Trd, 2591551.679, 86
Trd, 2591551.846, 99
Trd, 2591552.279, 83
Trd, 2591552.296, 101
Trd, 2591552.829, 82
Trd, 2591553.996, 94
Trd, 2591555.896, 101
Trd, 2591556.529, 104
Trd, 2591557.396, 108
Trd, 2591557.679, 103
Trd, 2591558.046, 100
Trd, 2591558.079, 100
Trd, 2591558.346, 98
Trd, 2591559.129, 113
Trd, 2591559.196, 97
Trd, 2591559.613, 88
Trd, 2591560.429, 91
Trd, 2591561.429, 87
Trd, 2591562.346, 94
Trd, 2591562.979, 114
Trd, 2591563.313, 112
Trd, 2591563.579, 105
Trd, 2591563.679, 86
Trd, 2591564.046, 91
Trd, 2591564.129, 105
Trd, 2591564.246, 94
Trd, 2591564.596, 105
Trd, 2591565.646, 92
Trd, 2591565.863, 116
Trd, 2591566.229, 125
Trd, 2591566.796, 124
Trd, 2591567.313, 126
Trd, 2591567.863, 121
Trd, 2591569.346, 115
Trd, 2591569.429, 123
Trd, 2591569.896, 125
Trd, 2591570.196, 115
Trd, 2591572.429, 87
Trd, 2591572.746, 87
Trd, 2591572.779, 84
Trd, 2591574.629, 86
Trd, 2591574.763, 84
Trd, 2591575.796, 101
Trd, 2591576.979, 84
Trd, 2591576.996, 81
Trd, 2591577.213, 100
Trd, 2591577.229, 102
Trd, 2591577.596, 122
Trd, 2591578.579, 89
Trd, 2591578.913, 90
Trd, 2591580.129, 113
Trd, 2591580.829, 112
Trd, 2591581.646, 109
Trd, 2591581.696, 107
Trd, 2591581.813, 106
Trd, 2591583.163, 112
Trd, 2591583.596, 94
Trd, 2591585.813, 91
Trd, 2591586.579, 92
Trd, 2591587.096, 91
Trd, 2591587.296, 99
Trd, 2591587.363, 111
Trd, 2591590.296, 93
Trd, 2591590.796, 101
Trd, 2591591.579, 99
Trd, 2591592.063, 100
Trd, 2591592.263, 101
Trd, 2591592.779, 101
Trd, 2591593.046, 101
Trd, 2591593.429, 98
Trd, 2591593.813, 94
Trd, 2591594.613, 101
Trd, 2591594.746, 95
Trd, 2591594.946, 92
Trd, 2591595.396, 89
Trd, 2591596.313, 87
Trd, 2591596.396, 94
Trd, 2591596.946, 88
Trd, 2591598.213, 93
Trd, 2591598.829, 100
Trd, 2591598.863, 103
Trd, 2591598.879, 92
Trd, 2591600.096, 96
Trd, 2591601.079, 103
Trd, 2591601.429, 87
Trd, 2591602.279, 106
Trd, 2591603.179, 107
Trd, 2591603.829, 106
Trd, 2591604.479, 89
Trd, 2591605.279, 90
Trd, 2591605.563, 88
Trd, 2591605.829, 101
Trd, 2591607.313, 87
Trd, 2591607.796, 85
Trd, 2591608.463, 86
Trd, 2591609.346, 87
Trd, 2591609.979, 105
Trd, 2591610.229, 87
Trd, 2591610.329, 98
Trd, 2591610.513, 98
Trd, 2591611.596, 90
Trd, 2591613.446, 92
Trd, 2591613.613, 101
Trd, 2591615.679, 94
Trd, 2591616.046, 96
Trd, 2591617.313, 94
Trd, 2591617.646, 105
Trd, 2591618.479, 106
Trd, 2591618.663, 91
Trd, 2591619.579, 107
Trd, 2591619.829, 92
Trd, 2591621.079, 87
Trd, 2591621.179, 90
Trd, 2591621.279, 91
Trd, 2591621.563, 109
Trd, 2591621.996, 101
Trd, 2591622.946, 84
Trd, 2591623.079, 84
Trd, 2591624.129, 81
Trd, 2591624.596, 80
Trd, 2591625.779, 96
Trd, 2591628.413, 100
Trd, 2591628.796, 99
Trd, 2591629.429, 101
Trd, 2591629.863, 111
Trd, 2591630.113, 103
Trd, 2591630.913, 117
Trd, 2591631.796, 103
Trd, 2591632.029, 98
Trd, 2591632.046, 97
Trd, 2591632.363, 119
Trd, 2591632.979, 112
Trd, 2591633.129, 95
Trd, 2591634.263, 93
Trd, 2591634.846, 91
Trd, 2591635.413, 90
Trd, 2591635.479, 91
Trd, 2591635.796, 93
Trd, 2591636.196, 94
Trd, 2591636.729, 101
Trd, 2591637.729, 89
Trd, 2591638.046, 87
Trd, 2591638.996, 105
Trd, 2591641.979, 104
Trd, 2591642.396, 106
Trd, 2591643.013, 103
Trd, 2591643.696, 104
Trd, 2591643.863, 106
Trd, 2591643.896, 103
Trd, 2591643.979, 98
Trd, 2591645.429, 100
Trd, 2591645.629, 88
Trd, 2591645.913, 107
Trd, 2591646.546, 109
Trd, 2591648.013, 87
Trd, 2591648.029, 84
Trd, 2591649.413, 96
Trd, 2591650.579, 104
Trd, 2591650.646, 105
Trd, 2591651.346, 119
Trd, 2591652.679, 95
Trd, 2591652.863, 95
Trd, 2591653.979, 117
Trd, 2591654.763, 115
Trd, 2591655.146, 112
Trd, 2591655.529, 115
Trd, 2591655.579, 108
Trd, 2591655.763, 103
Trd, 2591655.929, 102
Trd, 2591656.613, 98
Trd, 2591656.813, 115
Trd, 2591657.746, 114
Trd, 2591659.296, 93
Trd, 2591659.446, 108
Trd, 2591660.329, 98
Trd, 2591661.479, 100
Trd, 2591662.413, 108
Trd, 2591663.063, 101
Trd, 2591663.246, 98
Trd, 2591663.396, 95
Trd, 2591664.329, 103
Trd, 2591665.229, 87
Trd, 2591666.429, 101
Trd, 2591666.446, 99
Trd, 2591666.796, 101
Trd, 2591666.879, 98
Trd, 2591667.463, 99
Trd, 2591667.563, 93
Trd, 2591667.996, 102
Trd, 2591668.196, 95
Trd, 2591668.263, 92
Trd, 2591669.396, 87
Trd, 2591670.013, 84
Trd, 2591671.413, 97
Trd, 2591671.913, 98
Trd, 2591672.713, 91
Trd, 2591674.113, 102
Trd, 2591674.546, 110
Trd, 2591674.663, 94
Trd, 2591674.813, 93
Trd, 2591675.263, 83
Trd, 2591676.146, 90
Trd, 2591677.229, 107
Trd, 2591678.979, 110
Trd, 2591679.846, 109
Trd, 2591680.896, 112
Trd, 2591681.463, 112
Trd, 2591681.596, 112
Trd, 2591681.846, 111
Trd, 2591682.313, 108
Trd, 2591682.529, 113
Trd, 2591683.429, 92
Trd, 2591683.696, 96
Trd, 2591684.129, 97
Trd, 2591684.813, 113
Trd, 2591685.263, 112
Trd, 2591685.279, 95
Trd, 2591685.446, 94
Trd, 2591686.513, 97
Trd, 2591688.096, 101
Trd, 2591688.446, 89
Trd, 2591688.963, 98
Trd, 2591689.196, 100
Trd, 2591689.496, 94
Trd, 2591690.313, 97
Trd, 2591690.896, 97
Trd, 2591691.379, 101
Trd, 2591691.629, 97
Trd, 2591694.696, 98
Trd, 2591694.863, 105
Trd, 2591695.263, 97
Trd, 2591695.546, 91
Trd, 2591696.813, 88
Trd, 2591697.629, 100
Trd, 2591699.129, 101
Trd, 2591699.513, 101
Trd, 2591700.246, 93
Trd, 2591700.513, 108
Trd, 2591701.063, 114
Trd, 2591701.079, 113
Trd, 2591701.129, 108
Trd, 2591701.413, 92
Trd, 2591701.863, 87
Trd, 2591703.463, 111
Trd, 2591703.829, 100
Trd, 2591704.013, 98
Trd, 2591704.213, 113
Trd, 2591704.829, 98
Trd, 2591704.946, 96
Trd, 2591705.429, 118
Trd, 2591706.696, 86
Trd, 2591706.796, 85
Trd, 2591708.013, 102
Trd, 2591708.429, 88
Trd, 2591709.863, 84
Trd, 2591710.963, 86
Trd, 2591711.079, 87
Trd, 2591711.679, 86
Trd, 2591712.763, 90
Trd, 2591712.979, 91
Trd, 2591713.779, 101
Trd, 2591714.096, 93
Trd, 2591714.279, 92
Trd, 2591714.429, 91
Trd, 2591715.263, 102
Trd, 2591716.363, 105
Trd, 2591716.446, 107
Trd, 2591717.096, 95
Trd, 2591718.629, 84
Trd, 2591719.496, 107
Trd, 2591719.563, 85
Trd, 2591720.046, 108
Trd, 2591721.046, 83
Trd, 2591721.629, 83
Trd, 2591722.279, 91
Trd, 2591722.713, 101
Trd, 2591724.446, 90
Trd, 2591725.179, 90
Trd, 2591725.763, 89
Trd, 2591726.163, 91
Trd, 2591726.363, 97
Trd, 2591727.179, 96
Trd, 2591727.363, 101
Trd, 2591728.363, 100
Trd, 2591729.396, 97
Trd, 2591730.379, 97
Trd, 2591730.479, 96
Trd, 2591730.763, 99
Trd, 2591731.979, 87
Trd, 2591732.013, 85
Trd, 2591732.446, 84
Trd, 2591733.279, 89
Trd, 2591733.346, 99
Trd, 2591733.713, 89
Trd, 2591734.013, 101
Trd, 2591735.863, 106
Trd, 2591736.563, 108
Trd, 2591736.796, 81
Trd, 2591737.396, 91
Trd, 2591738.129, 100
Trd, 2591738.513, 78
Trd, 2591738.696, 101
Trd, 2591741.546, 84
Trd, 2591741.779, 87
Trd, 2591742.529, 88
Trd, 2591743.063, 91
Trd, 2591743.629, 97
Trd, 2591743.913, 91
Trd, 2591743.929, 90
Trd, 2591744.046, 88
Trd, 2591745.979, 101
Trd, 2591746.313, 86
Trd, 2591746.396, 108
Trd, 2591747.629, 87
Trd, 2591747.996, 110
Trd, 2591749.096, 92
Trd, 2591749.296, 109
Trd, 2591749.329, 112
Trd, 2591750.596, 93
Trd, 2591750.779, 99
Trd, 2591750.996, 89
Trd, 2591751.029, 101
Trd, 2591751.446, 88
Trd, 2591752.313, 124
Trd, 2591753.096, 114
Trd, 2591753.429, 87
Trd, 2591754.396, 84
Trd, 2591754.863, 92
Trd, 2591755.579, 101
Trd, 2591756.263, 98
Trd, 2591756.396, 97
Trd, 2591756.629, 96
Trd, 2591757.063, 101
Trd, 2591757.913, 106
Trd, 2591757.946, 93
Trd, 2591759.129, 105
Trd, 2591759.346, 106
Trd, 2591760.196, 92
Trd, 2591760.613, 116
Trd, 2591761.129, 87
Trd, 2591764.129, 94
Trd, 2591765.013, 91
Trd, 2591765.046, 85
Trd, 2591766.129, 87
Trd, 2591766.546, 92
Trd, 2591767.663, 93
Trd, 2591767.879, 91
Trd, 2591768.163, 94
Trd, 2591768.729, 90
Trd, 2591769.596, 96
Trd, 2591769.696, 93
Trd, 2591770.463, 98
Trd, 2591770.663, 92
Trd, 2591770.946, 91
Trd, 2591771.679, 87
Trd, 2591772.079, 99
Trd, 2591772.596, 101
Trd, 2591775.396, 92
Trd, 2591778.046, 91
Trd, 2591778.329, 91
Trd, 2591778.479, 90
Trd, 2591779.096, 97
Trd, 2591779.196, 90
Trd, 2591779.529, 100
Trd, 2591779.763, 101
Trd, 2591780.379, 87
Trd, 2591781.546, 84
Trd, 2591781.913, 95
Trd, 2591782.179, 83
Trd, 2591782.863, 81
Trd, 2591783.013, 100
Trd, 2591783.579, 105
Trd, 2591783.996, 84
Trd, 2591784.429, 94
Trd, 2591785.596, 93
Trd, 2591786.263, 94
Trd, 2591786.296, 100
Trd, 2591786.579, 114
Trd, 2591786.829, 94
Trd, 2591787.679, 115
Trd, 2591788.029, 103
Trd, 2591788.146, 98
Trd, 2591788.246, 98
Trd, 2591792.046, 94
Trd, 2591792.446, 93
Trd, 2591792.879, 95
Trd, 2591792.929, 87
Trd, 2591793.246, 101
Trd, 2591793.296, 108
Trd, 2591794.679, 86
Trd, 2591794.913, 81
Trd, 2591794.996, 82
Trd, 2591795.579, 88
Trd, 2591795.813, 89
Trd, 2591795.946, 81
Trd, 2591796.146, 100
Trd, 2591796.579, 100
Trd, 2591797.246, 91
Trd, 2591797.979, 89
Trd, 2591798.729, 95
Trd, 2591799.379, 101
Trd, 2591799.979, 89
Trd, 2591802.163, 95
Trd, 2591802.763, 103
Trd, 2591802.929, 96
Trd, 2591803.163, 106
Trd, 2591804.013, 96
Trd, 2591805.129, 110
Trd, 2591805.346, 110
Trd, 2591807.413, 99
Trd, 2591807.913, 98
Trd, 2591808.129, 108
Trd, 2591808.529, 99
Trd, 2591808.913, 99
Trd, 2591809.596, 117
Trd, 2591810.879, 109
Trd, 2591810.929, 110
Trd, 2591811.729, 96
Trd, 2591811.979, 91
Trd, 2591812.379, 92
Trd, 2591812.946, 90
Trd, 2591813.096, 111
Trd, 2591813.996, 87
Trd, 2591814.029, 88
Trd, 2591816.196, 106
Trd, 2591816.396, 99
Trd, 2591816.746, 86
Trd, 2591816.979, 105
Trd, 2591817.279, 86
Trd, 2591818.263, 106
Trd, 2591819.046, 84
Trd, 2591819.229, 108
Trd, 2591819.779, 109
Trd, 2591820.613, 88
Trd, 2591821.563, 105
Trd, 2591822.813, 94
Trd, 2591822.829, 91
Trd, 2591824.196, 96
Trd, 2591824.313, 96
Trd, 2591824.529, 95
Trd, 2591824.829, 92
Trd, 2591825.179, 97
Trd, 2591825.229, 87
Trd, 2591825.979, 87
Trd, 2591826.296, 84
Trd, 2591826.313, 83
Trd, 2591828.079, 91
Trd, 2591828.913, 89
Trd, 2591829.629, 85
Trd, 2591829.813, 83
Trd, 2591830.646, 82
Trd, 2591830.763, 91
Trd, 2591830.796, 95
Trd, 2591831.513, 100
Trd, 2591831.946, 106
Trd, 2591832.363, 106
Trd, 2591833.596, 93
Trd, 2591834.329, 94
Trd, 2591835.946, 93
Trd, 2591836.063, 88
Trd, 2591836.646, 99
Trd, 2591837.213, 88
Trd, 2591837.496, 89
Trd, 2591837.546, 100
Trd, 2591838.729, 84
Trd, 2591840.079, 84
Trd, 2591841.213, 95
Trd, 2591842.296, 99
Trd, 2591842.763, 91
Trd, 2591843.279, 101
Trd, 2591843.629, 92
Trd, 2591843.929, 93
Trd, 2591844.029, 103
Trd, 2591844.046, 107
Trd, 2591844.596, 87
Trd, 2591845.413, 92
Trd, 2591845.679, 108
Trd, 2591846.146, 110
Trd, 2591846.496, 93
Trd, 2591847.063, 116
Trd, 2591847.996, 117
Trd, 2591848.629, 96
Trd, 2591849.513, 97
Trd, 2591850.113, 96
Trd, 2591850.313, 91
Trd, 2591850.346, 117
Trd, 2591851.213, 92
Trd, 2591852.079, 108
Trd, 2591853.579, 98
Trd, 2591853.613, 84
Trd, 2591855.329, 105
Trd, 2591855.663, 87
Trd, 2591856.163, 83
Trd, 2591856.413, 82
Trd, 2591856.729, 108
Trd, 2591856.813, 111
Trd, 2591856.896, 116
Trd, 2591858.646, 101
Trd, 2591859.563, 86
Trd, 2591859.913, 97
Trd, 2591861.429, 86
Trd, 2591861.946, 90
Trd, 2591862.596, 90
Trd, 2591863.129, 91
Trd, 2591863.596, 87
Trd, 2591864.163, 87
Trd, 2591864.246, 86
Trd, 2591864.263, 85
Trd, 2591865.363, 100
Trd, 2591866.029, 97
Trd, 2591866.246, 97
Trd, 2591866.546, 97
Trd, 2591866.629, 98
Trd, 2591867.513, 98
Trd, 2591868.413, 98
Trd, 2591868.513, 100
Trd, 2591869.296, 95
Trd, 2591870.129, 99
Trd, 2591870.513, 92
Trd, 2591872.179, 103
Trd, 2591872.679, 87
Trd, 2591873.046, 84
Trd, 2591873.496, 82
Trd, 2591873.996, 101
Trd, 2591874.429, 105
Trd, 2591875.313, 84
Trd, 2591876.529, 86
Trd, 2591876.913, 87
Trd, 2591877.029, 84
Trd, 2591877.129, 84
Trd, 2591877.146, 83
Trd, 2591877.229, 118
Trd, 2591877.496, 81
Trd, 2591879.746, 81
Trd, 2591880.346, 83
Trd, 2591881.429, 84
Trd, 2591882.263, 95
Trd, 2591883.429, 100
Trd, 2591883.713, 106
Trd, 2591883.946, 94
Trd, 2591883.996, 93
Trd, 2591884.813, 94
Trd, 2591885.979, 95
Trd, 2591886.029, 94
Trd, 2591886.229, 105
Trd, 2591888.679, 91
Trd, 2591888.896, 92
Trd, 2591889.146, 90
Trd, 2591890.029, 96
Trd, 2591891.629, 92
Trd, 2591892.679, 98
Trd, 2591893.746, 97
Trd, 2591894.929, 98
Trd, 2591895.129, 92
Trd, 2591895.363, 99
Trd, 2591895.396, 108
Trd, 2591895.579, 96
Trd, 2591895.679, 111
Trd, 2591895.729, 116
Trd, 2591896.046, 88
Trd, 2591897.663, 88
Trd, 2591900.263, 96
Trd, 2591900.496, 98
Trd, 2591901.913, 93
Trd, 2591902.313, 92
Trd, 2591902.346, 91
Trd, 2591902.779, 87
Trd, 2591902.946, 94
Trd, 2591903.679, 96
Trd, 2591903.846, 98
Trd, 2591904.113, 84
Trd, 2591904.996, 91
Trd, 2591907.313, 92
Trd, 2591907.546, 94
Trd, 2591907.829, 95
Trd, 2591907.879, 96
Trd, 2591908.029, 97
Trd, 2591908.379, 96
Trd, 2591909.313, 100
Trd, 2591909.546, 101
Trd, 2591909.596, 106
Trd, 2591910.496, 97
Trd, 2591910.813, 110
Trd, 2591910.846, 97
Trd, 2591912.113, 95
Trd, 2591912.313, 93
Trd, 2591913.779, 87
Trd, 2591915.763, 113
Trd, 2591915.929, 121
Trd, 2591916.379, 86
Trd, 2591916.513, 118
Trd, 2591917.296, 99
Trd, 2591917.579, 95
Trd, 2591917.996, 115
Trd, 2591918.313, 117
Trd, 2591918.496, 90
Trd, 2591918.613, 90
Trd, 2591918.629, 98
Trd, 2591920.579, 87
Trd, 2591920.863, 86
Trd, 2591923.263, 90
Trd, 2591923.746, 101
Trd, 2591924.063, 89
Trd, 2591924.813, 97
Trd, 2591925.913, 105
Trd, 2591926.513, 93
Trd, 2591926.646, 92
Trd, 2591926.696, 105
Trd, 2591927.996, 91
Trd, 2591928.613, 96
Trd, 2591928.679, 92
Trd, 2591928.846, 87
Trd, 2591928.863, 106
Trd, 2591930.463, 90
Trd, 2591931.696, 98
Trd, 2591932.629, 90
Trd, 2591932.896, 95
Trd, 2591933.729, 90
Trd, 2591933.996, 99
Trd, 2591934.629, 90
Trd, 2591934.646, 88
Trd, 2591934.796, 87
Trd, 2591936.913, 102
Trd, 2591937.996, 84
Trd, 2591938.146, 81
Trd, 2591938.913, 101
Trd, 2591939.729, 105
Trd, 2591940.013, 91
Trd, 2591941.346, 93
Trd, 2591941.679, 97
Trd, 2591941.846, 99
Trd, 2591942.229, 96
Trd, 2591942.246, 95
Trd, 2591943.096, 98
Trd, 2591943.146, 96
Trd, 2591943.496, 99
Trd, 2591943.546, 94
Trd, 2591943.979, 101
Trd, 2591944.263, 91
Trd, 2591945.529, 115
Trd, 2591946.229, 127
Trd, 2591947.363, 101
Trd, 2591948.213, 103
Trd, 2591948.563, 97
Trd, 2591950.096, 97
Trd, 2591950.496, 96
Trd, 2591950.579, 101
Trd, 2591950.596, 108
Trd, 2591951.729, 99
Trd, 2591951.746, 94
Trd, 2591952.663, 95
Trd, 2591952.746, 90
Trd, 2591953.113, 105
Trd, 2591953.263, 106
Trd, 2591955.296, 103
Trd, 2591956.013, 88
Trd, 2591956.996, 104
Trd, 2591958.063, 106
Trd, 2591959.479, 95
Trd, 2591959.579, 110
Trd, 2591959.629, 111
Trd, 2591960.529, 92
Trd, 2591961.863, 106
Trd, 2591961.979, 115
Trd, 2591962.463, 94
Trd, 2591963.046, 91
Trd, 2591963.596, 87
Trd, 2591963.696, 86
Trd, 2591963.913, 96
Trd, 2591963.963, 84
Trd, 2591964.329, 82
Trd, 2591964.713, 81
Trd, 2591965.796, 85
Trd, 2591966.596, 100
Trd, 2591966.763, 101
Trd, 2591967.579, 113
Trd, 2591967.779, 92
Trd, 2591967.929, 91
Trd, 2591969.063, 88
Trd, 2591970.446, 112
Trd, 2591971.613, 95
Trd, 2591971.996, 98
Trd, 2591972.546, 96
Trd, 2591973.729, 93
Trd, 2591974.029, 94
Trd, 2591974.246, 105
Trd, 2591976.029, 107
Trd, 2591977.063, 103
Trd, 2591977.113, 102
Trd, 2591977.396, 104
Trd, 2591978.496, 104
Trd, 2591978.713, 103
Trd, 2591978.763, 95
Trd, 2591979.363, 93
Trd, 2591979.596, 108
Trd, 2591980.713, 105
Trd, 2591981.246, 91
Trd, 2591982.179, 106
Trd, 2591982.546, 102
Trd, 2591983.679, 117
Trd, 2591984.513, 118
Trd, 2591984.696, 99
Trd, 2591986.313, 107
Trd, 2591987.413, 106
Trd, 2591987.779, 99
Trd, 2591988.013, 110
Trd, 2591988.179, 112
Trd, 2591988.329, 95
Trd, 2591988.663, 94
Trd, 2591988.713, 110
Trd, 2591988.879, 87
Trd, 2591989.763, 107
Trd, 2591989.996, 88
Trd, 2591990.396, 91
Trd, 2591990.513, 90
Trd, 2591991.329, 104
Trd, 2591992.129, 91
Trd, 2591993.663, 95
Trd, 2591994.646, 92
Trd, 2591994.879, 103
Trd, 2591995.963, 94
Trd, 2591996.413, 87
Trd, 2591998.213, 105
Trd, 2591998.263, 88
Trd, 2591998.479, 87
