Trd, 2590625.213, 104
Trd, 2590625.746, 105
Trd, 2590625.929, 93
Trd, 2590627.279, 102
Trd, 2590627.463, 104
Trd, 2590628.079, 105
Trd, 2590628.146, 108
Trd, 2590628.229, 105
Trd, 2590629.096, 103
Trd, 2590629.846, 101
Trd, 2590630.463, 88
Trd, 2590630.663, 87
Trd, 2590631.846, 105
Trd, 2590632.696, 87
Trd, 2590632.729, 86
Trd, 2590634.046, 86
Trd, 2590634.163, 96
Trd, 2590636.596, 91
Trd, 2590636.946, 92
Trd, 2590637.363, 91
Trd, 2590637.529, 92
Trd, 2590638.713, 89
Trd, 2590638.946, 108
Trd, 2590639.146, 110
Trd, 2590640.246, 89
Trd, 2590642.996, 98
Trd, 2590644.079, 109
Trd, 2590644.846, 109
Trd, 2590646.813, 113
Trd, 2590646.879, 104
Trd, 2590647.363, 104
Trd, 2590647.429, 114
Trd, 2590647.713, 103
Trd, 2590647.963, 101
Trd, 2590649.379, 108
Trd, 2590650.129, 102
Trd, 2590651.179, 105
Trd, 2590651.863, 99
Trd, 2590652.713, 100
Trd, 2590653.579, 98
Trd, 2590653.913, 98
Trd, 2590654.279, 100
Trd, 2590654.529, 101
Trd, 2590656.463, 97
Trd, 2590657.163, 101
Trd, 2590657.729, 100
Trd, 2590657.846, 106
Trd, 2590660.096, 111
Trd, 2590661.029, 106
Trd, 2590661.413, 105
Trd, 2590662.563, 93
Trd, 2590663.479, 90
Trd, 2590665.013, 93
Trd, 2590665.246, 92
Trd, 2590665.829, 92
Trd, 2590667.013, 96
Trd, 2590667.113, 103
Trd, 2590667.646, 109
Trd, 2590668.179, 110
Trd, 2590671.263, 109
Trd, 2590671.379, 109
Trd, 2590671.529, 106
Trd, 2590673.279, 107
Trd, 2590673.696, 106
Trd, 2590674.263, 105
Trd, 2590675.063, 101
Trd, 2590675.579, 98
Trd, 2590676.563, 97
Trd, 2590678.329, 104
Trd, 2590678.896, 99
Trd, 2590679.463, 103
Trd, 2590679.579, 100
Trd, 2590679.629, 99
Trd, 2590680.596, 100
Trd, 2590682.113, 97
Trd, 2590683.413, 95
Trd, 2590683.729, 93
Trd, 2590684.046, 95
Trd, 2590684.063, 94
Trd, 2590685.029, 89
Trd, 2590687.496, 97
Trd, 2590687.963, 98
Trd, 2590688.346, 98
Trd, 2590689.063, 101
Trd, 2590690.396, 111
Trd, 2590691.113, 106
Trd, 2590692.863, 106
Trd, 2590693.413, 105
Trd, 2590693.746, 105
Trd, 2590694.129, 104
Trd, 2590694.413, 101
Trd, 2590695.079, 106
Trd, 2590695.879, 104
Trd, 2590696.379, 103
Trd, 2590698.279, 106
Trd, 2590698.679, 101
Trd, 2590700.946, 102
Trd, 2590701.013, 101
Trd, 2590702.796, 104
Trd, 2590703.396, 109
Trd, 2590704.246, 116
Trd, 2590704.263, 105
Trd, 2590705.013, 103
Trd, 2590705.496, 99
Trd, 2590708.996, 110
Trd, 2590710.396, 104
Trd, 2590710.796, 105
Trd, 2590711.046, 106
Trd, 2590711.463, 106
Trd, 2590711.629, 107
Trd, 2590712.113, 109
Trd, 2590712.413, 98
Trd, 2590712.479, 93
Trd, 2590713.296, 117
Trd, 2590714.763, 101
Trd, 2590714.979, 99
Trd, 2590715.546, 100
Trd, 2590715.929, 107
Trd, 2590716.296, 100
Trd, 2590716.946, 108
Trd, 2590717.163, 108
Trd, 2590717.863, 106
Trd, 2590718.813, 103
Trd, 2590720.246, 104
Trd, 2590721.879, 100
Trd, 2590722.346, 101
Trd, 2590723.363, 104
Trd, 2590724.079, 104
Trd, 2590724.379, 107
Trd, 2590724.946, 108
Trd, 2590725.396, 100
Trd, 2590726.629, 100
Trd, 2590726.679, 98
Trd, 2590728.379, 102
Trd, 2590729.896, 109
Trd, 2590730.529, 102
Trd, 2590731.796, 108
Trd, 2590732.029, 107
Trd, 2590732.479, 118
Trd, 2590732.796, 101
Trd, 2590734.746, 100
Trd, 2590735.546, 103
Trd, 2590735.963, 100
Trd, 2590736.413, 98
Trd, 2590737.279, 105
Trd, 2590737.979, 88
Trd, 2590738.413, 87
Trd, 2590739.863, 91
Trd, 2590739.879, 92
Trd, 2590741.179, 94
Trd, 2590742.529, 93
Trd, 2590742.796, 93
Trd, 2590743.263, 96
Trd, 2590743.763, 93
Trd, 2590745.063, 97
Trd, 2590745.263, 96
Trd, 2590745.463, 98
Trd, 2590745.596, 99
Trd, 2590745.746, 99
Trd, 2590746.213, 100
Trd, 2590746.596, 109
Trd, 2590746.613, 99
Trd, 2590748.829, 107
Trd, 2590749.429, 104
Trd, 2590750.063, 118
Trd, 2590750.629, 93
Trd, 2590751.163, 106
Trd, 2590751.263, 118
Trd, 2590751.529, 86
Trd, 2590751.946, 122
Trd, 2590752.829, 85
Trd, 2590754.996, 124
Trd, 2590756.063, 106
Trd, 2590757.113, 106
Trd, 2590757.229, 107
Trd, 2590757.563, 106
Trd, 2590758.813, 106
Trd, 2590759.829, 109
Trd, 2590760.429, 108
Trd, 2590760.529, 105
Trd, 2590761.313, 109
Trd, 2590763.263, 115
Trd, 2590763.863, 107
Trd, 2590764.413, 108
Trd, 2590764.746, 109
Trd, 2590765.296, 105
Trd, 2590766.496, 102
Trd, 2590768.046, 101
Trd, 2590768.213, 100
Trd, 2590768.363, 98
Trd, 2590770.113, 103
Trd, 2590770.696, 98
Trd, 2590771.129, 100
Trd, 2590771.329, 101
Trd, 2590772.279, 93
Trd, 2590773.913, 105
Trd, 2590774.596, 102
Trd, 2590774.629, 87
Trd, 2590778.396, 102
Trd, 2590778.929, 102
Trd, 2590779.246, 92
Trd, 2590779.396, 102
Trd, 2590779.846, 86
Trd, 2590781.046, 99
Trd, 2590781.229, 108
Trd, 2590782.513, 112
Trd, 2590783.446, 105
Trd, 2590783.979, 101
Trd, 2590784.796, 112
Trd, 2590785.863, 95
Trd, 2590786.963, 101
Trd, 2590787.313, 102
Trd, 2590787.429, 102
Trd, 2590787.846, 102
Trd, 2590787.913, 108
Trd, 2590788.463, 102
Trd, 2590790.796, 102
Trd, 2590791.729, 104
Trd, 2590791.896, 113
Trd, 2590792.763, 104
Trd, 2590793.429, 104
Trd, 2590795.363, 103
Trd, 2590795.613, 101
Trd, 2590797.079, 101
Trd, 2590797.663, 99
Trd, 2590798.113, 101
Trd, 2590799.013, 99
Trd, 2590799.129, 98
Trd, 2590799.796, 95
Trd, 2590801.746, 100
Trd, 2590802.046, 105
Trd, 2590805.013, 102
Trd, 2590805.213, 101
Trd, 2590806.079, 101
Trd, 2590806.213, 100
Trd, 2590807.363, 103
Trd, 2590807.646, 101
Trd, 2590809.279, 101
Trd, 2590810.379, 100
Trd, 2590810.879, 98
Trd, 2590811.013, 108
Trd, 2590813.679, 94
Trd, 2590814.146, 107
Trd, 2590814.479, 97
Trd, 2590814.779, 98
Trd, 2590815.263, 97
Trd, 2590815.979, 103
Trd, 2590817.913, 106
Trd, 2590819.079, 111
Trd, 2590819.729, 105
Trd, 2590819.879, 101
Trd, 2590820.413, 98
Trd, 2590821.046, 107
Trd, 2590821.163, 108
Trd, 2590821.746, 111
Trd, 2590822.413, 112
Trd, 2590824.196, 94
Trd, 2590824.729, 96
Trd, 2590826.579, 100
Trd, 2590826.663, 101
Trd, 2590826.863, 102
Trd, 2590827.413, 101
Trd, 2590828.196, 103
Trd, 2590828.746, 101
Trd, 2590829.563, 99
Trd, 2590829.963, 105
Trd, 2590830.546, 87
Trd, 2590831.563, 98
Trd, 2590832.313, 103
Trd, 2590832.663, 99
Trd, 2590832.713, 98
Trd, 2590835.129, 101
Trd, 2590835.179, 100
Trd, 2590835.979, 108
Trd, 2590836.346, 106
Trd, 2590836.579, 108
Trd, 2590838.479, 109
Trd, 2590838.663, 108
Trd, 2590839.179, 93
Trd, 2590839.879, 87
Trd, 2590841.346, 108
Trd, 2590842.013, 109
Trd, 2590842.996, 95
Trd, 2590845.096, 101
Trd, 2590845.663, 103
Trd, 2590846.446, 106
Trd, 2590846.496, 101
Trd, 2590847.246, 89
Trd, 2590847.929, 93
Trd, 2590848.946, 101
Trd, 2590849.179, 90
Trd, 2590849.679, 89
Trd, 2590852.813, 101
Trd, 2590853.579, 99
Trd, 2590853.763, 105
Trd, 2590855.079, 102
Trd, 2590855.196, 102
Trd, 2590855.546, 103
Trd, 2590856.296, 103
Trd, 2590856.646, 101
Trd, 2590857.179, 106
Trd, 2590858.346, 106
Trd, 2590858.829, 98
Trd, 2590859.096, 106
Trd, 2590860.196, 103
Trd, 2590860.413, 91
Trd, 2590861.229, 109
Trd, 2590861.796, 103
Trd, 2590862.029, 102
Trd, 2590862.079, 101
Trd, 2590863.079, 103
Trd, 2590863.946, 105
Trd, 2590864.563, 102
Trd, 2590864.579, 97
Trd, 2590864.963, 105
Trd, 2590865.846, 87
Trd, 2590866.129, 85
Trd, 2590866.779, 104
Trd, 2590868.379, 103
Trd, 2590871.913, 107
Trd, 2590874.029, 105
Trd, 2590874.529, 106
Trd, 2590874.779, 104
Trd, 2590875.163, 101
Trd, 2590875.246, 98
Trd, 2590875.729, 103
Trd, 2590876.229, 95
Trd, 2590876.346, 103
Trd, 2590876.896, 108
Trd, 2590878.563, 95
Trd, 2590879.279, 104
Trd, 2590880.263, 105
Trd, 2590880.346, 99
Trd, 2590881.313, 100
Trd, 2590881.929, 107
Trd, 2590882.146, 99
Trd, 2590882.696, 99
Trd, 2590883.113, 100
Trd, 2590884.563, 99
Trd, 2590884.663, 98
Trd, 2590885.363, 116
Trd, 2590886.779, 121
Trd, 2590887.529, 103
Trd, 2590888.463, 100
Trd, 2590889.146, 101
Trd, 2590889.929, 101
Trd, 2590891.763, 105
Trd, 2590892.129, 117
Trd, 2590894.046, 108
Trd, 2590895.029, 110
Trd, 2590895.246, 102
Trd, 2590895.446, 102
Trd, 2590896.263, 116
Trd, 2590896.279, 118
Trd, 2590896.946, 103
Trd, 2590898.396, 101
Trd, 2590900.713, 102
Trd, 2590901.696, 107
Trd, 2590901.813, 106
Trd, 2590902.129, 105
Trd, 2590903.429, 99
Trd, 2590903.763, 98
Trd, 2590903.929, 92
Trd, 2590906.046, 109
Trd, 2590908.496, 102
Trd, 2590909.096, 102
Trd, 2590909.563, 103
Trd, 2590910.013, 102
Trd, 2590910.146, 104
Trd, 2590910.446, 88
Trd, 2590910.696, 86
Trd, 2590911.163, 96
Trd, 2590911.746, 100
Trd, 2590911.763, 98
Trd, 2590914.829, 94
Trd, 2590914.863, 90
Trd, 2590917.446, 96
Trd, 2590918.346, 93
Trd, 2590919.529, 94
Trd, 2590920.546, 97
Trd, 2590920.829, 98
Trd, 2590921.829, 101
Trd, 2590922.096, 109
Trd, 2590923.129, 106
Trd, 2590923.146, 105
Trd, 2590923.346, 102
Trd, 2590924.379, 101
Trd, 2590924.979, 98
Trd, 2590925.346, 107
Trd, 2590926.029, 86
Trd, 2590926.513, 85
Trd, 2590927.979, 84
Trd, 2590929.179, 115
Trd, 2590929.196, 116
Trd, 2590930.379, 114
Trd, 2590930.763, 114
Trd, 2590931.079, 112
Trd, 2590932.146, 114
Trd, 2590932.596, 108
Trd, 2590933.129, 106
Trd, 2590933.863, 112
Trd, 2590935.279, 105
Trd, 2590936.563, 102
Trd, 2590936.779, 103
Trd, 2590937.696, 107
Trd, 2590937.763, 103
Trd, 2590938.496, 101
Trd, 2590940.329, 107
Trd, 2590940.496, 104
Trd, 2590942.696, 105
Trd, 2590943.879, 105
Trd, 2590944.963, 113
Trd, 2590945.013, 118
Trd, 2590946.313, 109
Trd, 2590947.496, 108
Trd, 2590947.763, 108
Trd, 2590949.179, 105
Trd, 2590949.413, 105
Trd, 2590949.696, 105
Trd, 2590951.029, 102
Trd, 2590951.446, 101
Trd, 2590952.546, 100
Trd, 2590953.396, 100
Trd, 2590954.246, 100
Trd, 2590955.029, 105
Trd, 2590955.729, 105
Trd, 2590956.563, 113
Trd, 2590957.763, 106
Trd, 2590958.063, 105
Trd, 2590958.796, 111
Trd, 2590960.113, 104
Trd, 2590960.463, 101
Trd, 2590960.979, 110
Trd, 2590961.946, 100
Trd, 2590962.813, 105
Trd, 2590964.179, 103
Trd, 2590965.096, 105
Trd, 2590965.646, 103
Trd, 2590965.896, 98
Trd, 2590966.946, 87
Trd, 2590967.129, 84
Trd, 2590968.563, 94
Trd, 2590968.829, 100
Trd, 2590970.563, 96
Trd, 2590970.596, 95
Trd, 2590971.096, 94
Trd, 2590971.213, 96
Trd, 2590972.079, 86
Trd, 2590974.029, 96
Trd, 2590974.179, 89
Trd, 2590975.179, 95
Trd, 2590976.379, 96
Trd, 2590977.329, 98
Trd, 2590978.379, 98
Trd, 2590979.363, 109
Trd, 2590979.629, 113
Trd, 2590980.013, 103
Trd, 2590981.196, 104
Trd, 2590981.546, 106
Trd, 2590981.796, 106
Trd, 2590982.479, 105
Trd, 2590983.079, 103
Trd, 2590983.663, 101
Trd, 2590984.029, 109
Trd, 2590984.346, 98
Trd, 2590984.563, 98
Trd, 2590988.529, 101
Trd, 2590989.196, 102
Trd, 2590989.429, 103
Trd, 2590989.713, 103
Trd, 2590990.079, 87
Trd, 2590990.446, 86
Trd, 2590991.413, 97
Trd, 2590991.913, 85
Trd, 2590992.946, 101
Trd, 2590992.963, 87
Trd, 2590996.363, 95
Trd, 2590997.096, 96
Trd, 2590997.196, 97
Trd, 2590997.663, 98
Trd, 2590997.863, 94
Trd, 2591000.146, 106
Trd, 2591000.396, 107
Trd, 2591000.496, 105
Trd, 2591000.963, 108
Trd, 2591001.779, 89
Trd, 2591001.929, 86
Trd, 2591002.463, 86
Trd, 2591002.946, 87
Trd, 2591003.696, 84
Trd, 2591004.346, 99
Trd, 2591006.429, 113
Trd, 2591006.729, 105
Trd, 2591006.896, 108
Trd, 2591008.746, 112
Trd, 2591009.046, 111
Trd, 2591009.563, 110
Trd, 2591011.829, 105
Trd, 2591012.479, 107
Trd, 2591014.079, 105
Trd, 2591014.213, 105
Trd, 2591016.013, 106
Trd, 2591017.329, 106
Trd, 2591017.513, 101
Trd, 2591018.429, 93
Trd, 2591019.846, 106
Trd, 2591020.346, 98
Trd, 2591020.379, 105
Trd, 2591020.529, 97
Trd, 2591021.529, 109
Trd, 2591024.613, 105
Trd, 2591024.679, 106
Trd, 2591025.013, 105
Trd, 2591026.646, 104
Trd, 2591027.913, 103
Trd, 2591028.829, 106
Trd, 2591029.113, 104
Trd, 2591029.146, 104
Trd, 2591029.379, 98
Trd, 2591029.746, 106
Trd, 2591030.513, 105
Trd, 2591030.629, 88
Trd, 2591031.379, 105
Trd, 2591031.763, 105
Trd, 2591032.413, 87
Trd, 2591033.413, 107
Trd, 2591033.813, 98
Trd, 2591034.379, 109
Trd, 2591036.813, 106
Trd, 2591037.246, 108
Trd, 2591037.329, 118
Trd, 2591038.013, 105
Trd, 2591039.163, 114
Trd, 2591040.146, 116
Trd, 2591040.763, 107
Trd, 2591041.829, 101
Trd, 2591041.996, 105
Trd, 2591042.079, 98
Trd, 2591042.279, 111
Trd, 2591046.213, 99
Trd, 2591046.979, 101
Trd, 2591047.413, 105
Trd, 2591048.896, 105
Trd, 2591049.346, 105
Trd, 2591049.596, 105
Trd, 2591050.113, 104
Trd, 2591050.279, 105
Trd, 2591050.929, 113
Trd, 2591051.313, 101
Trd, 2591052.096, 100
Trd, 2591052.563, 117
Trd, 2591057.379, 102
Trd, 2591057.879, 101
Trd, 2591058.413, 101
Trd, 2591058.896, 110
Trd, 2591059.446, 107
Trd, 2591059.563, 108
Trd, 2591059.763, 103
Trd, 2591059.813, 98
Trd, 2591061.163, 92
Trd, 2591062.113, 91
Trd, 2591062.629, 102
Trd, 2591062.813, 94
Trd, 2591063.413, 102
Trd, 2591063.663, 105
Trd, 2591065.279, 96
Trd, 2591066.179, 105
Trd, 2591066.629, 106
Trd, 2591066.846, 92
Trd, 2591067.913, 96
Trd, 2591069.913, 95
Trd, 2591070.396, 99
Trd, 2591070.979, 99
Trd, 2591071.046, 99
Trd, 2591071.896, 100
Trd, 2591072.479, 105
Trd, 2591073.296, 103
Trd, 2591073.596, 102
Trd, 2591073.629, 104
Trd, 2591073.763, 101
Trd, 2591074.479, 98
Trd, 2591075.496, 100
Trd, 2591076.813, 100
Trd, 2591078.413, 100
Trd, 2591081.863, 100
Trd, 2591082.096, 100
Trd, 2591082.329, 100
Trd, 2591082.746, 103
Trd, 2591083.013, 104
Trd, 2591083.429, 105
Trd, 2591085.179, 106
Trd, 2591085.829, 107
Trd, 2591086.346, 98
Trd, 2591086.963, 94
Trd, 2591088.863, 104
Trd, 2591090.446, 99
Trd, 2591091.263, 99
Trd, 2591091.863, 92
Trd, 2591092.413, 99
Trd, 2591093.363, 109
Trd, 2591093.463, 97
Trd, 2591096.529, 94
Trd, 2591097.113, 109
Trd, 2591097.313, 109
Trd, 2591098.013, 97
Trd, 2591098.229, 97
Trd, 2591098.879, 100
Trd, 2591100.663, 106
Trd, 2591102.163, 110
Trd, 2591102.179, 107
Trd, 2591102.196, 106
Trd, 2591102.763, 109
Trd, 2591103.279, 89
Trd, 2591105.079, 104
Trd, 2591105.196, 103
Trd, 2591105.429, 102
Trd, 2591105.813, 90
Trd, 2591106.346, 87
Trd, 2591106.929, 85
Trd, 2591108.113, 99
Trd, 2591110.629, 99
Trd, 2591111.179, 99
Trd, 2591112.146, 105
Trd, 2591112.579, 101
Trd, 2591113.413, 103
Trd, 2591114.029, 105
Trd, 2591114.246, 94
Trd, 2591114.479, 87
Trd, 2591115.129, 84
Trd, 2591115.296, 84
Trd, 2591116.463, 103
Trd, 2591117.013, 108
Trd, 2591117.963, 93
Trd, 2591118.229, 92
Trd, 2591119.713, 91
Trd, 2591120.346, 91
Trd, 2591121.046, 102
Trd, 2591121.079, 108
Trd, 2591121.113, 116
Trd, 2591123.363, 110
Trd, 2591123.679, 101
Trd, 2591124.163, 111
Trd, 2591124.663, 104
Trd, 2591124.963, 104
Trd, 2591125.846, 106
Trd, 2591126.196, 108
Trd, 2591127.829, 106
Trd, 2591128.313, 105
Trd, 2591128.346, 98
Trd, 2591128.579, 87
Trd, 2591130.329, 90
Trd, 2591131.513, 100
Trd, 2591131.913, 87
Trd, 2591132.463, 85
Trd, 2591132.846, 109
Trd, 2591134.246, 93
Trd, 2591134.696, 102
Trd, 2591136.479, 102
Trd, 2591137.563, 102
Trd, 2591137.813, 101
Trd, 2591138.713, 104
Trd, 2591138.846, 100
Trd, 2591140.296, 100
Trd, 2591140.329, 109
Trd, 2591141.363, 101
Trd, 2591143.129, 98
Trd, 2591143.179, 104
Trd, 2591144.179, 87
Trd, 2591144.763, 87
Trd, 2591144.929, 106
Trd, 2591147.829, 106
Trd, 2591148.013, 105
Trd, 2591148.213, 107
Trd, 2591148.263, 111
Trd, 2591149.163, 118
Trd, 2591149.596, 109
Trd, 2591150.379, 112
Trd, 2591151.196, 113
Trd, 2591152.379, 112
Trd, 2591152.996, 101
Trd, 2591153.629, 116
Trd, 2591154.879, 108
Trd, 2591155.196, 103
Trd, 2591155.663, 104
Trd, 2591156.296, 105
Trd, 2591157.229, 112
Trd, 2591158.446, 101
Trd, 2591158.763, 107
Trd, 2591159.413, 107
Trd, 2591159.729, 99
Trd, 2591159.979, 88
Trd, 2591160.596, 88
Trd, 2591162.163, 101
Trd, 2591162.979, 98
Trd, 2591163.896, 94
Trd, 2591164.129, 94
Trd, 2591164.629, 94
Trd, 2591165.029, 87
Trd, 2591167.946, 92
Trd, 2591168.496, 93
Trd, 2591169.746, 103
Trd, 2591169.779, 104
Trd, 2591170.263, 105
Trd, 2591170.513, 103
Trd, 2591171.496, 106
Trd, 2591171.963, 113
Trd, 2591172.113, 106
Trd, 2591172.563, 106
Trd, 2591172.629, 118
Trd, 2591173.113, 105
Trd, 2591173.996, 101
Trd, 2591176.579, 106
Trd, 2591176.696, 102
Trd, 2591177.229, 107
Trd, 2591178.313, 104
Trd, 2591178.779, 101
Trd, 2591179.463, 101
Trd, 2591180.596, 100
Trd, 2591182.646, 94
Trd, 2591183.063, 95
Trd, 2591183.546, 97
Trd, 2591183.713, 98
Trd, 2591184.696, 96
Trd, 2591184.746, 98
Trd, 2591186.029, 96
Trd, 2591186.513, 97
Trd, 2591188.146, 98
Trd, 2591188.863, 85
Trd, 2591189.413, 83
Trd, 2591189.929, 83
Trd, 2591190.163, 98
Trd, 2591190.596, 108
Trd, 2591191.896, 100
Trd, 2591192.863, 101
Trd, 2591192.896, 102
Trd, 2591193.129, 102
Trd, 2591193.863, 108
Trd, 2591196.896, 100
Trd, 2591197.046, 100
Trd, 2591197.229, 98
Trd, 2591198.179, 103
Trd, 2591199.146, 101
Trd, 2591200.163, 116
Trd, 2591200.363, 118
Trd, 2591200.763, 103
Trd, 2591201.663, 106
Trd, 2591202.296, 102
Trd, 2591202.563, 99
Trd, 2591203.096, 98
Trd, 2591205.813, 89
Trd, 2591206.046, 99
Trd, 2591206.279, 91
Trd, 2591207.229, 98
Trd, 2591207.463, 99
Trd, 2591207.979, 104
Trd, 2591209.479, 105
Trd, 2591209.713, 104
Trd, 2591210.013, 104
Trd, 2591213.146, 101
Trd, 2591213.246, 108
Trd, 2591213.713, 111
Trd, 2591215.013, 104
Trd, 2591216.379, 108
Trd, 2591216.829, 116
Trd, 2591216.913, 108
Trd, 2591218.213, 108
Trd, 2591218.679, 107
Trd, 2591218.879, 110
Trd, 2591219.296, 105
Trd, 2591219.596, 114
Trd, 2591220.179, 113
Trd, 2591220.329, 114
Trd, 2591222.513, 104
Trd, 2591223.129, 103
Trd, 2591223.179, 98
Trd, 2591223.346, 105
Trd, 2591225.196, 99
Trd, 2591225.446, 101
Trd, 2591227.746, 98
Trd, 2591228.279, 98
Trd, 2591228.563, 116
Trd, 2591229.929, 102
Trd, 2591230.346, 109
Trd, 2591231.013, 108
Trd, 2591231.113, 105
Trd, 2591231.263, 107
Trd, 2591231.529, 109
Trd, 2591233.396, 105
Trd, 2591234.113, 99
Trd, 2591234.679, 99
Trd, 2591235.213, 112
Trd, 2591235.829, 98
Trd, 2591236.813, 98
Trd, 2591238.496, 96
Trd, 2591238.979, 98
Trd, 2591240.096, 108
Trd, 2591240.779, 104
Trd, 2591241.646, 103
Trd, 2591242.129, 103
Trd, 2591242.379, 103
Trd, 2591243.279, 106
Trd, 2591244.213, 108
Trd, 2591245.063, 107
Trd, 2591245.246, 105
Trd, 2591245.713, 101
Trd, 2591246.613, 109
Trd, 2591246.763, 104
Trd, 2591248.079, 116
Trd, 2591248.179, 103
Trd, 2591250.379, 105
Trd, 2591251.046, 98
Trd, 2591253.996, 100
Trd, 2591254.146, 102
Trd, 2591254.396, 104
Trd, 2591254.779, 102
Trd, 2591254.796, 99
Trd, 2591255.129, 99
Trd, 2591257.579, 105
Trd, 2591258.796, 106
Trd, 2591258.896, 104
Trd, 2591259.729, 103
Trd, 2591260.329, 101
Trd, 2591261.846, 99
Trd, 2591261.863, 106
Trd, 2591263.813, 102
Trd, 2591264.629, 101
Trd, 2591265.029, 101
Trd, 2591265.179, 103
Trd, 2591265.263, 98
Trd, 2591265.379, 109
Trd, 2591266.946, 108
Trd, 2591267.563, 117
Trd, 2591268.496, 96
Trd, 2591269.713, 98
Trd, 2591271.279, 104
Trd, 2591272.196, 104
Trd, 2591272.346, 103
Trd, 2591272.529, 101
Trd, 2591272.779, 98
Trd, 2591273.046, 105
Trd, 2591274.629, 107
Trd, 2591276.413, 108
Trd, 2591276.813, 108
Trd, 2591276.896, 109
Trd, 2591277.029, 117
Trd, 2591278.196, 107
Trd, 2591279.029, 108
Trd, 2591281.796, 103
Trd, 2591282.546, 101
Trd, 2591282.613, 98
Trd, 2591285.913, 91
Trd, 2591286.013, 87
Trd, 2591286.413, 90
Trd, 2591287.363, 91
Trd, 2591287.779, 87
Trd, 2591288.429, 93
Trd, 2591289.896, 96
Trd, 2591290.446, 98
Trd, 2591290.796, 100
Trd, 2591290.929, 99
Trd, 2591291.629, 98
Trd, 2591291.646, 105
Trd, 2591294.546, 104
Trd, 2591294.629, 103
Trd, 2591295.263, 105
Trd, 2591295.763, 101
Trd, 2591297.713, 101
Trd, 2591298.079, 93
Trd, 2591299.329, 101
Trd, 2591300.429, 106
Trd, 2591300.513, 98
Trd, 2591302.129, 104
Trd, 2591302.263, 115
Trd, 2591302.329, 103
Trd, 2591302.529, 95
Trd, 2591303.479, 92
Trd, 2591304.679, 107
Trd, 2591305.613, 109
Trd, 2591305.696, 94
Trd, 2591306.846, 94
Trd, 2591308.746, 107
Trd, 2591309.563, 109
Trd, 2591310.513, 107
Trd, 2591310.929, 105
Trd, 2591311.396, 101
Trd, 2591311.546, 98
Trd, 2591312.913, 104
Trd, 2591313.113, 103
Trd, 2591313.196, 103
Trd, 2591313.879, 104
Trd, 2591314.113, 98
Trd, 2591314.696, 106
Trd, 2591315.679, 111
Trd, 2591318.296, 102
Trd, 2591318.629, 107
Trd, 2591319.596, 104
Trd, 2591320.396, 103
Trd, 2591321.313, 103
Trd, 2591321.346, 102
Trd, 2591322.229, 101
Trd, 2591323.063, 98
Trd, 2591323.979, 109
Trd, 2591324.213, 111
Trd, 2591328.913, 114
Trd, 2591330.546, 101
Trd, 2591330.563, 100
Trd, 2591330.679, 98
Trd, 2591331.246, 99
Trd, 2591331.929, 100
Trd, 2591332.729, 104
Trd, 2591334.346, 105
Trd, 2591335.263, 106
Trd, 2591335.346, 101
Trd, 2591335.529, 107
Trd, 2591336.113, 94
Trd, 2591336.496, 93
Trd, 2591337.729, 100
Trd, 2591337.929, 86
Trd, 2591338.413, 84
Trd, 2591339.179, 99
Trd, 2591340.346, 99
Trd, 2591340.429, 107
Trd, 2591341.896, 102
Trd, 2591342.546, 102
Trd, 2591342.979, 118
Trd, 2591343.079, 100
Trd, 2591344.363, 103
Trd, 2591345.963, 104
Trd, 2591346.329, 103
Trd, 2591346.346, 101
Trd, 2591347.563, 101
Trd, 2591348.096, 100
Trd, 2591348.629, 99
Trd, 2591350.129, 98
Trd, 2591350.796, 98
Trd, 2591351.446, 89
Trd, 2591351.513, 86
Trd, 2591352.213, 107
Trd, 2591353.563, 96
Trd, 2591354.029, 92
Trd, 2591354.263, 93
Trd, 2591355.229, 93
Trd, 2591358.313, 100
Trd, 2591358.629, 100
Trd, 2591358.929, 98
Trd, 2591360.279, 104
Trd, 2591361.163, 105
Trd, 2591361.263, 97
Trd, 2591361.579, 100
Trd, 2591362.513, 105
Trd, 2591364.129, 104
Trd, 2591364.863, 102
Trd, 2591365.646, 101
Trd, 2591368.063, 105
Trd, 2591368.779, 104
Trd, 2591368.863, 104
Trd, 2591368.996, 101
Trd, 2591369.579, 105
Trd, 2591369.813, 92
Trd, 2591371.346, 94
Trd, 2591371.813, 99
Trd, 2591372.796, 99
Trd, 2591373.113, 99
Trd, 2591374.563, 101
Trd, 2591375.029, 101
Trd, 2591375.346, 101
Trd, 2591375.796, 104
Trd, 2591377.213, 104
Trd, 2591379.096, 101
Trd, 2591379.296, 102
Trd, 2591380.796, 102
Trd, 2591381.196, 101
Trd, 2591381.713, 99
Trd, 2591382.196, 99
Trd, 2591382.913, 98
Trd, 2591384.029, 91
Trd, 2591385.696, 94
Trd, 2591387.163, 91
Trd, 2591387.796, 90
Trd, 2591388.479, 91
Trd, 2591388.679, 88
Trd, 2591389.179, 87
Trd, 2591390.213, 96
Trd, 2591391.563, 94
Trd, 2591391.629, 98
Trd, 2591392.963, 109
Trd, 2591393.829, 103
Trd, 2591396.063, 98
Trd, 2591396.146, 98
Trd, 2591396.496, 102
Trd, 2591398.263, 102
Trd, 2591398.646, 103
Trd, 2591398.829, 109
Trd, 2591398.896, 103
Trd, 2591399.329, 113
Trd, 2591399.946, 106
Trd, 2591401.546, 108
Trd, 2591401.729, 107
Trd, 2591402.029, 114
Trd, 2591402.963, 108
Trd, 2591403.779, 109
Trd, 2591403.913, 105
Trd, 2591404.746, 108
Trd, 2591405.379, 101
Trd, 2591405.579, 91
Trd, 2591407.363, 88
Trd, 2591409.696, 92
Trd, 2591410.346, 95
Trd, 2591410.579, 92
Trd, 2591410.663, 96
Trd, 2591410.696, 98
Trd, 2591410.763, 90
Trd, 2591411.029, 95
Trd, 2591413.729, 93
Trd, 2591414.046, 91
Trd, 2591414.346, 89
Trd, 2591415.896, 106
Trd, 2591416.763, 107
Trd, 2591417.246, 96
Trd, 2591417.379, 108
Trd, 2591417.546, 95
Trd, 2591419.513, 96
Trd, 2591419.946, 102
Trd, 2591419.963, 105
Trd, 2591420.313, 104
Trd, 2591420.646, 105
Trd, 2591422.163, 115
Trd, 2591423.063, 91
Trd, 2591423.613, 109
Trd, 2591425.029, 115
Trd, 2591427.863, 102
Trd, 2591428.546, 103
Trd, 2591428.896, 102
Trd, 2591429.079, 101
Trd, 2591429.746, 103
Trd, 2591430.329, 102
Trd, 2591430.546, 104
Trd, 2591430.563, 98
Trd, 2591431.963, 105
Trd, 2591434.129, 107
Trd, 2591434.863, 106
Trd, 2591435.563, 105
Trd, 2591437.663, 103
Trd, 2591438.063, 103
Trd, 2591438.296, 102
Trd, 2591438.596, 101
Trd, 2591438.713, 98
Trd, 2591439.796, 104
Trd, 2591440.446, 93
Trd, 2591441.846, 108
Trd, 2591443.113, 94
Trd, 2591443.179, 97
Trd, 2591443.429, 104
Trd, 2591445.796, 105
Trd, 2591446.263, 104
Trd, 2591446.946, 97
Trd, 2591447.029, 96
Trd, 2591448.079, 98
Trd, 2591448.279, 98
Trd, 2591448.963, 98
Trd, 2591449.196, 87
Trd, 2591449.379, 100
Trd, 2591449.729, 109
Trd, 2591452.013, 98
Trd, 2591452.979, 101
Trd, 2591453.096, 100
Trd, 2591454.163, 106
Trd, 2591454.279, 108
Trd, 2591454.496, 100
Trd, 2591455.729, 99
Trd, 2591457.013, 102
Trd, 2591458.229, 103
Trd, 2591458.763, 104
Trd, 2591458.846, 105
Trd, 2591460.463, 102
Trd, 2591461.329, 103
Trd, 2591462.396, 105
Trd, 2591463.063, 104
Trd, 2591463.129, 104
Trd, 2591463.946, 101
Trd, 2591464.929, 102
Trd, 2591466.379, 101
Trd, 2591467.379, 94
Trd, 2591467.679, 93
Trd, 2591467.963, 98
Trd, 2591469.629, 98
Trd, 2591470.446, 105
Trd, 2591470.463, 97
Trd, 2591471.046, 98
Trd, 2591472.096, 99
Trd, 2591472.429, 98
Trd, 2591473.596, 115
Trd, 2591474.396, 98
Trd, 2591474.779, 105
Trd, 2591474.946, 98
Trd, 2591476.129, 98
Trd, 2591479.013, 104
Trd, 2591479.096, 103
Trd, 2591480.096, 102
Trd, 2591480.529, 111
Trd, 2591480.579, 113
Trd, 2591481.213, 115
Trd, 2591482.113, 104
Trd, 2591482.329, 88
Trd, 2591482.513, 91
Trd, 2591482.696, 103
Trd, 2591483.946, 101
Trd, 2591484.263, 101
Trd, 2591485.713, 101
Trd, 2591485.963, 101
Trd, 2591485.979, 103
Trd, 2591486.763, 101
Trd, 2591487.696, 105
Trd, 2591488.213, 94
Trd, 2591488.929, 87
Trd, 2591489.596, 117
Trd, 2591490.613, 118
Trd, 2591492.313, 98
Trd, 2591493.979, 98
Trd, 2591494.163, 94
Trd, 2591495.129, 95
Trd, 2591495.613, 94
Trd, 2591496.046, 95
Trd, 2591497.029, 100
Trd, 2591497.763, 113
Trd, 2591498.379, 104
Trd, 2591498.446, 107
Trd, 2591498.646, 103
Trd, 2591500.913, 110
Trd, 2591501.146, 118
Trd, 2591501.346, 108
Trd, 2591501.846, 106
Trd, 2591502.596, 105
Trd, 2591503.079, 101
Trd, 2591503.196, 98
Trd, 2591503.679, 122
Trd, 2591505.263, 105
Trd, 2591506.113, 116
Trd, 2591506.429, 116
Trd, 2591506.446, 117
Trd, 2591508.179, 112
Trd, 2591508.929, 98
Trd, 2591509.096, 108
Trd, 2591510.929, 98
Trd, 2591512.296, 99
Trd, 2591512.663, 108
Trd, 2591512.996, 99
Trd, 2591514.913, 105
Trd, 2591514.946, 107
Trd, 2591515.013, 104
Trd, 2591516.696, 107
Trd, 2591517.846, 105
Trd, 2591518.663, 101
Trd, 2591519.029, 102
Trd, 2591519.463, 105
Trd, 2591520.396, 111
Trd, 2591520.479, 98
Trd, 2591522.163, 110
Trd, 2591522.529, 110
Trd, 2591523.013, 97
Trd, 2591523.846, 88
Trd, 2591523.996, 113
Trd, 2591524.596, 89
Trd, 2591525.213, 87
Trd, 2591525.479, 106
Trd, 2591525.713, 105
Trd, 2591526.229, 99
Trd, 2591526.363, 88
Trd, 2591527.963, 97
Trd, 2591529.246, 98
Trd, 2591531.163, 96
Trd, 2591532.946, 97
Trd, 2591533.029, 98
Trd, 2591533.529, 108
Trd, 2591536.379, 109
Trd, 2591536.463, 108
Trd, 2591537.079, 107
Trd, 2591537.796, 107
Trd, 2591538.713, 107
Trd, 2591539.379, 109
Trd, 2591542.113, 111
Trd, 2591542.229, 109
Trd, 2591543.496, 105
Trd, 2591543.879, 108
Trd, 2591544.729, 108
Trd, 2591544.796, 106
Trd, 2591545.013, 102
Trd, 2591546.896, 105
Trd, 2591547.146, 103
Trd, 2591547.396, 105
Trd, 2591548.213, 101
Trd, 2591548.746, 99
Trd, 2591548.796, 98
Trd, 2591548.929, 99
Trd, 2591549.229, 99
Trd, 2591550.379, 103
Trd, 2591551.529, 113
Trd, 2591551.846, 102
Trd, 2591553.346, 88
Trd, 2591553.746, 84
Trd, 2591554.113, 108
Trd, 2591554.463, 107
Trd, 2591555.463, 87
Trd, 2591557.179, 103
Trd, 2591557.613, 103
Trd, 2591557.646, 104
Trd, 2591559.479, 108
Trd, 2591560.179, 109
Trd, 2591561.329, 113
Trd, 2591562.963, 107
Trd, 2591563.263, 108
Trd, 2591563.396, 108
Trd, 2591564.513, 106
Trd, 2591565.279, 106
Trd, 2591565.713, 106
Trd, 2591565.896, 105
Trd, 2591566.163, 101
Trd, 2591567.563, 111
Trd, 2591569.113, 102
Trd, 2591570.429, 110
Trd, 2591570.496, 105
Trd, 2591570.979, 101
Trd, 2591572.196, 98
Trd, 2591572.229, 105
Trd, 2591574.196, 107
Trd, 2591574.496, 107
Trd, 2591575.029, 87
Trd, 2591576.229, 103
Trd, 2591576.379, 102
Trd, 2591576.463, 110
Trd, 2591578.413, 105
Trd, 2591581.613, 101
Trd, 2591581.663, 98
Trd, 2591581.796, 87
Trd, 2591581.896, 106
Trd, 2591584.896, 103
Trd, 2591585.346, 95
Trd, 2591587.163, 106
Trd, 2591587.429, 107
Trd, 2591587.646, 108
Trd, 2591588.229, 105
Trd, 2591588.413, 103
Trd, 2591589.029, 110
Trd, 2591590.063, 85
Trd, 2591590.229, 108
Trd, 2591590.579, 84
Trd, 2591591.679, 106
Trd, 2591593.146, 104
Trd, 2591593.596, 101
Trd, 2591594.813, 103
Trd, 2591596.029, 100
Trd, 2591596.363, 101
Trd, 2591597.163, 99
Trd, 2591598.296, 100
Trd, 2591598.613, 98
Trd, 2591598.646, 106
Trd, 2591600.329, 95
Trd, 2591600.813, 106
Trd, 2591601.013, 94
Trd, 2591602.829, 103
Trd, 2591603.129, 104
Trd, 2591603.146, 105
Trd, 2591604.063, 106
Trd, 2591605.679, 105
Trd, 2591606.113, 105
Trd, 2591606.663, 102
Trd, 2591608.046, 105
Trd, 2591608.846, 105
Trd, 2591609.229, 101
Trd, 2591611.446, 104
Trd, 2591612.279, 108
Trd, 2591612.829, 98
Trd, 2591612.946, 106
Trd, 2591613.679, 94
Trd, 2591613.946, 87
Trd, 2591614.329, 111
Trd, 2591616.146, 116
Trd, 2591616.896, 115
Trd, 2591617.246, 115
Trd, 2591617.429, 113
Trd, 2591620.379, 103
Trd, 2591620.579, 104
Trd, 2591620.663, 105
Trd, 2591620.746, 104
Trd, 2591621.029, 103
Trd, 2591621.129, 102
Trd, 2591621.579, 112
Trd, 2591621.763, 102
Trd, 2591622.979, 113
Trd, 2591625.163, 104
Trd, 2591626.263, 102
Trd, 2591626.279, 101
Trd, 2591626.429, 98
Trd, 2591626.646, 103
Trd, 2591629.263, 95
Trd, 2591630.696, 96
Trd, 2591630.963, 97
Trd, 2591631.463, 105
Trd, 2591633.279, 100
Trd, 2591634.413, 102
Trd, 2591635.496, 103
Trd, 2591635.796, 90
Trd, 2591636.579, 103
Trd, 2591637.146, 104
Trd, 2591638.063, 108
Trd, 2591638.729, 108
Trd, 2591638.813, 107
Trd, 2591639.413, 108
Trd, 2591640.679, 108
Trd, 2591641.279, 103
Trd, 2591641.296, 102
Trd, 2591642.163, 103
Trd, 2591644.146, 109
Trd, 2591644.396, 110
Trd, 2591645.713, 108
Trd, 2591646.663, 102
Trd, 2591647.496, 101
Trd, 2591648.229, 99
Trd, 2591648.696, 99
Trd, 2591649.663, 98
Trd, 2591649.746, 97
Trd, 2591650.046, 89
Trd, 2591650.229, 97
Trd, 2591650.729, 86
Trd, 2591651.179, 101
Trd, 2591651.563, 83
Trd, 2591652.329, 80
Trd, 2591653.529, 99
Trd, 2591653.646, 99
Trd, 2591654.129, 88
Trd, 2591654.313, 106
Trd, 2591655.529, 96
Trd, 2591657.496, 90
Trd, 2591658.796, 99
Trd, 2591660.446, 98
Trd, 2591660.779, 100
Trd, 2591661.846, 100
Trd, 2591662.629, 105
Trd, 2591662.929, 104
Trd, 2591664.413, 109
Trd, 2591665.129, 109
Trd, 2591665.579, 113
Trd, 2591666.379, 101
Trd, 2591666.413, 109
Trd, 2591667.046, 94
Trd, 2591668.329, 88
Trd, 2591669.296, 108
Trd, 2591669.479, 93
Trd, 2591671.146, 97
Trd, 2591671.429, 97
Trd, 2591671.729, 96
Trd, 2591673.963, 94
Trd, 2591674.096, 95
Trd, 2591674.313, 92
Trd, 2591674.496, 91
Trd, 2591677.246, 98
Trd, 2591679.079, 104
Trd, 2591679.429, 105
Trd, 2591680.163, 106
Trd, 2591681.029, 113
Trd, 2591681.396, 110
Trd, 2591682.329, 109
Trd, 2591682.363, 105
Trd, 2591682.763, 101
Trd, 2591683.163, 114
Trd, 2591684.213, 109
Trd, 2591685.279, 110
Trd, 2591685.413, 109
Trd, 2591686.013, 108
Trd, 2591686.996, 106
Trd, 2591688.779, 102
Trd, 2591689.046, 102
Trd, 2591689.146, 106
Trd, 2591689.479, 98
Trd, 2591691.213, 93
Trd, 2591693.179, 92
Trd, 2591693.363, 94
Trd, 2591694.396, 97
Trd, 2591695.763, 111
Trd, 2591695.829, 110
Trd, 2591696.996, 106
Trd, 2591697.313, 110
Trd, 2591697.529, 118
Trd, 2591698.446, 106
Trd, 2591699.413, 105
Trd, 2591701.079, 106
Trd, 2591701.679, 104
Trd, 2591701.846, 101
Trd, 2591701.879, 98
Trd, 2591701.896, 105
Trd, 2591702.663, 96
Trd, 2591705.413, 98
Trd, 2591705.463, 98
Trd, 2591707.063, 104
Trd, 2591707.613, 104
Trd, 2591707.696, 103
Trd, 2591707.979, 103
Trd, 2591708.013, 101
Trd, 2591708.396, 99
Trd, 2591708.729, 96
Trd, 2591709.713, 95
Trd, 2591709.963, 87
Trd, 2591710.613, 93
Trd, 2591710.829, 96
Trd, 2591714.429, 88
Trd, 2591714.763, 88
Trd, 2591715.496, 106
Trd, 2591716.163, 106
Trd, 2591718.846, 108
Trd, 2591719.179, 109
Trd, 2591719.413, 108
Trd, 2591721.346, 108
Trd, 2591722.829, 105
Trd, 2591723.113, 106
Trd, 2591723.379, 112
Trd, 2591723.696, 98
Trd, 2591724.163, 108
Trd, 2591725.279, 100
Trd, 2591726.529, 90
Trd, 2591727.446, 89
Trd, 2591728.013, 89
Trd, 2591728.829, 88
Trd, 2591729.063, 95
Trd, 2591729.079, 96
Trd, 2591729.796, 95
Trd, 2591731.746, 104
Trd, 2591731.896, 107
Trd, 2591732.129, 102
Trd, 2591733.163, 101
Trd, 2591733.763, 102
Trd, 2591734.696, 101
Trd, 2591735.029, 103
Trd, 2591736.846, 98
Trd, 2591736.896, 97
Trd, 2591736.996, 98
Trd, 2591737.046, 99
Trd, 2591737.813, 100
Trd, 2591737.879, 89
Trd, 2591738.163, 88
Trd, 2591741.379, 92
Trd, 2591743.513, 99
Trd, 2591743.863, 99
Trd, 2591744.446, 105
Trd, 2591745.463, 105
Trd, 2591747.713, 107
Trd, 2591748.063, 107
Trd, 2591748.229, 106
Trd, 2591748.846, 107
Trd, 2591749.179, 105
Trd, 2591749.296, 101
Trd, 2591751.179, 109
Trd, 2591751.429, 114
Trd, 2591751.879, 111
Trd, 2591752.296, 111
Trd, 2591752.529, 110
Trd, 2591752.946, 93
Trd, 2591753.113, 113
Trd, 2591754.813, 110
Trd, 2591755.929, 98
Trd, 2591756.179, 99
Trd, 2591757.463, 106
Trd, 2591757.679, 111
Trd, 2591758.613, 110
Trd, 2591758.829, 109
Trd, 2591759.813, 114
Trd, 2591760.629, 112
Trd, 2591761.296, 112
Trd, 2591763.029, 101
Trd, 2591764.446, 102
Trd, 2591764.713, 103
Trd, 2591765.013, 101
Trd, 2591765.029, 98
Trd, 2591765.163, 87
Trd, 2591765.613, 91
Trd, 2591766.013, 110
Trd, 2591770.296, 99
Trd, 2591770.613, 99
Trd, 2591772.213, 101
Trd, 2591774.379, 105
Trd, 2591774.729, 104
Trd, 2591775.646, 105
Trd, 2591775.663, 106
Trd, 2591777.463, 108
Trd, 2591777.679, 107
Trd, 2591778.196, 107
Trd, 2591778.479, 105
Trd, 2591779.096, 101
Trd, 2591781.929, 110
Trd, 2591781.963, 109
Trd, 2591782.229, 112
Trd, 2591783.179, 101
Trd, 2591783.413, 105
Trd, 2591783.429, 98
Trd, 2591785.496, 95
Trd, 2591786.746, 96
Trd, 2591787.196, 97
Trd, 2591788.096, 94
Trd, 2591788.779, 94
Trd, 2591789.013, 117
Trd, 2591789.796, 116
Trd, 2591790.679, 108
Trd, 2591791.229, 99
Trd, 2591792.479, 99
Trd, 2591792.996, 98
Trd, 2591793.713, 99
Trd, 2591794.196, 106
Trd, 2591795.863, 106
Trd, 2591795.879, 105
Trd, 2591796.913, 101
Trd, 2591797.446, 100
Trd, 2591797.529, 104
Trd, 2591798.229, 102
Trd, 2591798.563, 99
Trd, 2591801.246, 91
Trd, 2591801.579, 105
Trd, 2591802.979, 105
Trd, 2591803.379, 94
Trd, 2591804.613, 92
Trd, 2591805.346, 89
Trd, 2591805.513, 88
Trd, 2591806.446, 96
Trd, 2591807.096, 97
Trd, 2591807.963, 97
Trd, 2591808.313, 100
Trd, 2591811.279, 103
Trd, 2591812.046, 105
Trd, 2591812.329, 103
Trd, 2591812.896, 108
Trd, 2591814.813, 106
Trd, 2591815.046, 104
Trd, 2591816.046, 106
Trd, 2591816.546, 98
Trd, 2591817.263, 100
Trd, 2591817.296, 92
Trd, 2591819.079, 98
Trd, 2591819.213, 97
Trd, 2591819.496, 94
Trd, 2591820.979, 105
Trd, 2591821.479, 107
Trd, 2591822.379, 108
Trd, 2591822.963, 108
Trd, 2591823.729, 109
Trd, 2591824.063, 98
Trd, 2591824.413, 117
Trd, 2591826.796, 101
Trd, 2591827.246, 108
Trd, 2591828.196, 101
Trd, 2591829.096, 110
Trd, 2591829.646, 109
Trd, 2591829.863, 117
Trd, 2591831.129, 93
Trd, 2591833.413, 105
Trd, 2591833.729, 104
Trd, 2591834.429, 107
Trd, 2591836.479, 105
Trd, 2591836.579, 105
Trd, 2591837.079, 104
Trd, 2591837.313, 104
Trd, 2591837.346, 111
Trd, 2591837.496, 118
Trd, 2591837.579, 101
Trd, 2591838.629, 98
Trd, 2591840.113, 96
Trd, 2591840.496, 98
Trd, 2591841.213, 91
Trd, 2591841.479, 87
Trd, 2591844.813, 91
Trd, 2591845.263, 91
Trd, 2591845.713, 91
Trd, 2591846.263, 94
Trd, 2591847.363, 95
Trd, 2591848.229, 93
Trd, 2591848.579, 92
Trd, 2591848.663, 87
Trd, 2591849.563, 91
Trd, 2591849.679, 92
Trd, 2591851.863, 93
Trd, 2591851.996, 90
Trd, 2591852.213, 98
Trd, 2591852.446, 87
Trd, 2591855.279, 103
Trd, 2591855.879, 105
Trd, 2591856.729, 109
Trd, 2591857.496, 109
Trd, 2591857.679, 108
Trd, 2591857.846, 104
Trd, 2591858.713, 106
Trd, 2591859.329, 101
Trd, 2591860.013, 104
Trd, 2591861.263, 107
Trd, 2591863.113, 103
Trd, 2591864.046, 102
Trd, 2591865.346, 111
Trd, 2591865.396, 105
Trd, 2591865.879, 98
Trd, 2591865.996, 88
Trd, 2591866.996, 112
Trd, 2591868.896, 98
Trd, 2591869.013, 97
Trd, 2591869.279, 99
Trd, 2591870.346, 99
Trd, 2591871.596, 105
Trd, 2591871.879, 110
Trd, 2591872.179, 113
Trd, 2591872.829, 114
Trd, 2591873.279, 116
Trd, 2591874.496, 107
Trd, 2591875.346, 108
Trd, 2591876.379, 108
Trd, 2591877.229, 112
Trd, 2591878.029, 110
Trd, 2591878.646, 110
Trd, 2591879.046, 103
Trd, 2591880.663, 101
Trd, 2591880.846, 102
Trd, 2591881.913, 100
Trd, 2591882.113, 99
Trd, 2591883.213, 92
Trd, 2591883.746, 98
Trd, 2591884.779, 100
Trd, 2591885.363, 98
Trd, 2591886.113, 106
Trd, 2591888.229, 106
Trd, 2591888.496, 89
Trd, 2591888.596, 90
Trd, 2591889.063, 108
Trd, 2591890.779, 112
Trd, 2591891.479, 113
Trd, 2591892.779, 103
Trd, 2591893.496, 102
Trd, 2591893.563, 101
Trd, 2591893.629, 114
Trd, 2591893.679, 102
Trd, 2591894.496, 104
Trd, 2591895.496, 101
Trd, 2591897.096, 92
Trd, 2591898.096, 107
Trd, 2591898.563, 101
Trd, 2591899.763, 99
Trd, 2591900.729, 103
Trd, 2591900.746, 102
Trd, 2591900.979, 101
Trd, 2591901.446, 100
Trd, 2591902.363, 98
Trd, 2591902.679, 98
Trd, 2591904.829, 97
Trd, 2591905.329, 108
Trd, 2591906.946, 99
Trd, 2591907.979, 99
Trd, 2591909.396, 106
Trd, 2591909.713, 106
Trd, 2591909.746, 108
Trd, 2591911.096, 110
Trd, 2591911.129, 109
Trd, 2591911.229, 105
Trd, 2591911.313, 98
Trd, 2591913.513, 105
Trd, 2591914.113, 101
Trd, 2591914.429, 101
Trd, 2591914.563, 100
Trd, 2591915.229, 101
Trd, 2591916.163, 103
Trd, 2591916.463, 101
Trd, 2591917.679, 100
Trd, 2591918.596, 106
Trd, 2591918.713, 104
Trd, 2591919.296, 103
Trd, 2591919.396, 114
Trd, 2591919.429, 102
Trd, 2591921.379, 101
Trd, 2591923.163, 103
Trd, 2591923.179, 102
Trd, 2591925.046, 98
Trd, 2591925.613, 88
Trd, 2591925.996, 106
Trd, 2591926.746, 105
Trd, 2591929.446, 93
Trd, 2591929.596, 107
Trd, 2591930.463, 95
Trd, 2591931.246, 107
Trd, 2591931.379, 107
Trd, 2591931.463, 90
Trd, 2591931.996, 87
Trd, 2591933.729, 109
Trd, 2591935.229, 105
Trd, 2591935.713, 108
Trd, 2591936.413, 114
Trd, 2591938.079, 115
Trd, 2591938.396, 115
Trd, 2591939.546, 115
Trd, 2591939.646, 112
Trd, 2591940.146, 105
Trd, 2591940.479, 104
Trd, 2591941.163, 105
Trd, 2591941.729, 104
Trd, 2591941.913, 105
Trd, 2591942.079, 106
Trd, 2591942.429, 118
Trd, 2591942.829, 102
Trd, 2591945.179, 101
Trd, 2591945.429, 102
Trd, 2591946.279, 101
Trd, 2591948.029, 104
Trd, 2591948.379, 104
Trd, 2591949.479, 107
Trd, 2591951.096, 104
Trd, 2591951.129, 102
Trd, 2591951.363, 106
Trd, 2591951.463, 99
Trd, 2591953.813, 106
Trd, 2591954.296, 100
Trd, 2591955.346, 103
Trd, 2591957.029, 103
Trd, 2591957.379, 104
Trd, 2591957.496, 103
Trd, 2591957.663, 109
Trd, 2591958.629, 116
Trd, 2591958.696, 104
Trd, 2591960.563, 106
Trd, 2591961.129, 105
Trd, 2591961.663, 91
Trd, 2591961.963, 103
Trd, 2591962.946, 86
Trd, 2591964.113, 85
Trd, 2591964.913, 100
Trd, 2591967.329, 98
Trd, 2591968.763, 94
Trd, 2591968.946, 95
Trd, 2591969.329, 96
Trd, 2591969.646, 96
Trd, 2591970.379, 94
Trd, 2591970.513, 84
Trd, 2591973.513, 95
Trd, 2591974.046, 97
Trd, 2591974.996, 104
Trd, 2591975.496, 105
Trd, 2591975.879, 106
Trd, 2591976.513, 88
Trd, 2591977.546, 105
Trd, 2591977.663, 108
Trd, 2591978.946, 93
Trd, 2591980.229, 97
Trd, 2591981.379, 98
Trd, 2591981.429, 96
Trd, 2591981.913, 99
Trd, 2591983.646, 86
Trd, 2591984.113, 107
Trd, 2591986.163, 105
Trd, 2591986.263, 107
Trd, 2591986.896, 109
Trd, 2591987.363, 110
Trd, 2591987.413, 107
Trd, 2591987.563, 118
Trd, 2591987.696, 106
Trd, 2591988.629, 100
Trd, 2591988.729, 106
Trd, 2591989.279, 109
Trd, 2591989.313, 118
Trd, 2591989.929, 86
Trd, 2591990.913, 106
Trd, 2591991.779, 108
Trd, 2591995.196, 101
Trd, 2591995.329, 102
Trd, 2591995.446, 103
Trd, 2591996.379, 104
Trd, 2591996.813, 105
Trd, 2591997.163, 104
Trd, 2591998.396, 103
Trd, 2591998.896, 106
