Trd, 2590668.213, 93
Trd, 2590669.746, 96
Trd, 2590670.063, 109
Trd, 2590670.346, 98
Trd, 2590670.629, 110
Trd, 2590670.929, 99
Trd, 2590671.863, 101
Trd, 2590671.979, 99
Trd, 2590672.546, 110
Trd, 2590674.096, 99
Trd, 2590674.663, 112
Trd, 2590674.679, 115
Trd, 2590675.746, 118
Trd, 2590676.579, 114
Trd, 2590676.813, 101
Trd, 2590677.029, 98
Trd, 2590677.163, 91
Trd, 2590677.313, 122
Trd, 2590679.796, 82
Trd, 2590680.246, 80
Trd, 2590680.563, 77
Trd, 2590682.579, 102
Trd, 2590683.696, 95
Trd, 2590683.779, 97
Trd, 2590684.429, 99
Trd, 2590684.529, 98
Trd, 2590685.213, 96
Trd, 2590685.413, 94
Trd, 2590685.646, 84
Trd, 2590686.029, 101
Trd, 2590687.213, 108
Trd, 2590687.913, 101
Trd, 2590688.296, 108
Trd, 2590688.829, 90
Trd, 2590691.079, 109
Trd, 2590691.096, 93
Trd, 2590691.463, 93
Trd, 2590692.796, 95
Trd, 2590693.879, 110
Trd, 2590696.629, 100
Trd, 2590696.829, 100
Trd, 2590697.163, 97
Trd, 2590697.279, 101
Trd, 2590697.929, 111
Trd, 2590697.996, 101
Trd, 2590698.029, 92
Trd, 2590699.363, 92
Trd, 2590699.429, 91
Trd, 2590699.896, 93
Trd, 2590700.446, 94
Trd, 2590700.813, 112
Trd, 2590701.913, 115
Trd, 2590702.179, 111
Trd, 2590702.563, 121
Trd, 2590703.229, 111
Trd, 2590703.846, 95
Trd, 2590704.663, 96
Trd, 2590705.629, 85
Trd, 2590706.046, 97
Trd, 2590706.163, 83
Trd, 2590706.663, 94
Trd, 2590706.796, 89
Trd, 2590707.846, 78
Trd, 2590707.879, 96
Trd, 2590707.946, 97
Trd, 2590711.679, 94
Trd, 2590712.263, 106
Trd, 2590713.446, 97
Trd, 2590713.596, 97
Trd, 2590713.729, 96
Trd, 2590713.779, 95
Trd, 2590714.796, 97
Trd, 2590714.913, 111
Trd, 2590714.996, 92
Trd, 2590716.863, 110
Trd, 2590718.013, 95
Trd, 2590718.113, 94
Trd, 2590718.413, 109
Trd, 2590718.696, 112
Trd, 2590719.263, 115
Trd, 2590719.996, 103
Trd, 2590720.513, 101
Trd, 2590721.029, 106
Trd, 2590721.496, 89
Trd, 2590722.713, 86
Trd, 2590722.779, 109
Trd, 2590722.879, 111
Trd, 2590723.696, 112
Trd, 2590723.996, 85
Trd, 2590724.496, 94
Trd, 2590724.596, 95
Trd, 2590727.213, 102
Trd, 2590727.763, 95
Trd, 2590728.463, 98
Trd, 2590729.563, 107
Trd, 2590730.663, 106
Trd, 2590731.296, 105
Trd, 2590731.779, 111
Trd, 2590732.646, 107
Trd, 2590733.196, 105
Trd, 2590734.929, 107
Trd, 2590736.046, 107
Trd, 2590737.163, 105
Trd, 2590737.913, 103
Trd, 2590738.263, 102
Trd, 2590738.829, 111
Trd, 2590739.529, 107
Trd, 2590739.946, 105
Trd, 2590740.613, 108
Trd, 2590741.079, 107
Trd, 2590741.596, 106
Trd, 2590741.663, 99
Trd, 2590741.896, 98
Trd, 2590742.229, 110
Trd, 2590742.279, 100
Trd, 2590742.596, 91
Trd, 2590742.746, 94
Trd, 2590743.513, 84
Trd, 2590744.563, 107
Trd, 2590745.279, 89
Trd, 2590746.279, 89
Trd, 2590747.863, 95
Trd, 2590749.896, 107
Trd, 2590750.229, 109
Trd, 2590751.129, 104
Trd, 2590751.963, 101
Trd, 2590752.846, 100
Trd, 2590753.563, 104
Trd, 2590753.713, 106
Trd, 2590753.729, 109
Trd, 2590754.046, 87
Trd, 2590754.229, 84
Trd, 2590754.429, 111
Trd, 2590754.796, 91
Trd, 2590756.963, 100
Trd, 2590757.163, 102
Trd, 2590757.713, 111
Trd, 2590759.179, 109
Trd, 2590759.646, 108
Trd, 2590760.196, 105
Trd, 2590761.163, 112
Trd, 2590761.546, 109
Trd, 2590761.979, 114
Trd, 2590762.729, 105
Trd, 2590763.313, 103
Trd, 2590764.196, 115
Trd, 2590765.529, 116
Trd, 2590765.563, 114
Trd, 2590766.496, 113
Trd, 2590766.596, 117
Trd, 2590766.696, 122
Trd, 2590766.763, 112
Trd, 2590766.963, 108
Trd, 2590767.163, 100
Trd, 2590767.529, 98
Trd, 2590767.779, 97
Trd, 2590770.479, 102
Trd, 2590771.096, 101
Trd, 2590773.113, 93
Trd, 2590773.696, 91
Trd, 2590773.963, 97
Trd, 2590774.079, 101
Trd, 2590776.413, 108
Trd, 2590776.429, 109
Trd, 2590776.446, 110
Trd, 2590777.079, 106
Trd, 2590778.246, 107
Trd, 2590778.446, 108
Trd, 2590778.763, 108
Trd, 2590779.029, 107
Trd, 2590779.363, 112
Trd, 2590780.579, 106
Trd, 2590780.746, 105
Trd, 2590781.629, 115
Trd, 2590782.296, 103
Trd, 2590784.013, 103
Trd, 2590784.146, 103
Trd, 2590785.413, 104
Trd, 2590785.596, 102
Trd, 2590786.013, 99
Trd, 2590786.079, 101
Trd, 2590786.096, 98
Trd, 2590787.329, 88
Trd, 2590788.096, 109
Trd, 2590789.063, 118
Trd, 2590789.329, 88
Trd, 2590790.496, 109
Trd, 2590791.179, 112
Trd, 2590791.396, 96
Trd, 2590792.996, 110
Trd, 2590793.279, 110
Trd, 2590794.113, 101
Trd, 2590794.963, 105
Trd, 2590795.179, 103
Trd, 2590795.413, 98
Trd, 2590796.946, 104
Trd, 2590797.313, 103
Trd, 2590797.713, 115
Trd, 2590797.996, 101
Trd, 2590798.596, 118
Trd, 2590798.663, 112
Trd, 2590799.929, 96
Trd, 2590800.279, 95
Trd, 2590801.896, 91
Trd, 2590801.913, 90
Trd, 2590802.246, 98
Trd, 2590803.663, 83
Trd, 2590804.763, 86
Trd, 2590805.613, 84
Trd, 2590806.163, 96
Trd, 2590806.179, 99
Trd, 2590807.379, 100
Trd, 2590807.746, 91
Trd, 2590808.863, 94
Trd, 2590808.929, 93
Trd, 2590809.179, 91
Trd, 2590810.146, 101
Trd, 2590811.163, 110
Trd, 2590812.229, 112
Trd, 2590812.846, 98
Trd, 2590812.913, 97
Trd, 2590813.829, 100
Trd, 2590813.846, 105
Trd, 2590814.129, 99
Trd, 2590814.163, 84
Trd, 2590814.496, 104
Trd, 2590814.563, 79
Trd, 2590817.546, 114
Trd, 2590818.329, 101
Trd, 2590818.696, 111
Trd, 2590819.746, 102
Trd, 2590820.163, 103
Trd, 2590820.779, 100
Trd, 2590822.229, 101
Trd, 2590822.696, 115
Trd, 2590822.746, 122
Trd, 2590823.563, 98
Trd, 2590825.979, 104
Trd, 2590826.963, 101
Trd, 2590827.996, 91
Trd, 2590828.146, 104
Trd, 2590829.596, 103
Trd, 2590829.896, 104
Trd, 2590830.213, 103
Trd, 2590830.363, 103
Trd, 2590831.079, 102
Trd, 2590831.163, 105
Trd, 2590831.779, 101
Trd, 2590831.829, 98
Trd, 2590832.446, 106
Trd, 2590833.079, 106
Trd, 2590833.629, 112
Trd, 2590833.796, 98
Trd, 2590834.396, 96
Trd, 2590835.113, 115
Trd, 2590836.896, 109
Trd, 2590836.929, 99
Trd, 2590838.179, 108
Trd, 2590838.196, 107
Trd, 2590838.313, 105
Trd, 2590838.879, 103
Trd, 2590839.013, 117
Trd, 2590839.163, 103
Trd, 2590840.263, 116
Trd, 2590840.946, 108
Trd, 2590840.963, 99
Trd, 2590842.663, 93
Trd, 2590843.113, 115
Trd, 2590843.629, 117
Trd, 2590843.879, 118
Trd, 2590844.113, 119
Trd, 2590844.446, 108
Trd, 2590844.546, 91
Trd, 2590845.763, 102
Trd, 2590846.096, 101
Trd, 2590847.913, 98
Trd, 2590848.146, 75
Trd, 2590849.363, 104
Trd, 2590849.746, 89
Trd, 2590850.696, 90
Trd, 2590851.663, 106
Trd, 2590851.813, 108
Trd, 2590851.996, 104
Trd, 2590852.246, 119
Trd, 2590852.596, 123
Trd, 2590852.929, 106
Trd, 2590853.096, 127
Trd, 2590854.663, 107
Trd, 2590855.613, 87
Trd, 2590856.496, 86
Trd, 2590857.096, 84
Trd, 2590857.913, 102
Trd, 2590858.113, 103
Trd, 2590858.146, 101
Trd, 2590858.446, 108
Trd, 2590860.113, 98
Trd, 2590861.413, 105
Trd, 2590861.896, 106
Trd, 2590862.713, 105
Trd, 2590863.196, 101
Trd, 2590863.479, 91
Trd, 2590863.613, 106
Trd, 2590864.029, 109
Trd, 2590864.329, 80
Trd, 2590864.429, 78
Trd, 2590864.663, 79
Trd, 2590864.679, 78
Trd, 2590865.913, 111
Trd, 2590870.379, 91
Trd, 2590870.846, 92
Trd, 2590872.563, 101
Trd, 2590872.596, 100
Trd, 2590872.696, 111
Trd, 2590872.979, 112
Trd, 2590874.163, 107
Trd, 2590874.579, 108
Trd, 2590874.863, 109
Trd, 2590876.313, 111
Trd, 2590876.829, 108
Trd, 2590877.296, 92
Trd, 2590878.763, 92
Trd, 2590880.279, 100
Trd, 2590880.463, 112
Trd, 2590881.346, 102
Trd, 2590882.163, 100
Trd, 2590885.229, 111
Trd, 2590885.279, 110
Trd, 2590885.713, 112
Trd, 2590886.329, 110
Trd, 2590886.396, 118
Trd, 2590886.879, 101
Trd, 2590887.763, 106
Trd, 2590889.113, 109
Trd, 2590889.329, 108
Trd, 2590889.813, 100
Trd, 2590889.896, 98
Trd, 2590890.246, 92
Trd, 2590890.546, 101
Trd, 2590890.813, 91
Trd, 2590891.979, 102
Trd, 2590892.896, 90
Trd, 2590893.529, 91
Trd, 2590894.279, 93
Trd, 2590894.679, 93
Trd, 2590894.896, 94
Trd, 2590895.279, 92
Trd, 2590895.346, 89
Trd, 2590897.229, 91
Trd, 2590897.479, 90
Trd, 2590897.963, 95
Trd, 2590899.079, 93
Trd, 2590899.629, 91
Trd, 2590899.829, 101
Trd, 2590900.296, 112
Trd, 2590901.129, 108
Trd, 2590901.879, 109
Trd, 2590902.413, 114
Trd, 2590902.946, 106
Trd, 2590903.096, 105
Trd, 2590903.479, 102
Trd, 2590904.846, 106
Trd, 2590905.796, 105
Trd, 2590906.379, 106
Trd, 2590906.946, 106
Trd, 2590907.079, 108
Trd, 2590907.579, 105
Trd, 2590908.029, 109
Trd, 2590909.029, 100
Trd, 2590909.129, 121
Trd, 2590910.213, 98
Trd, 2590910.429, 119
Trd, 2590913.063, 93
Trd, 2590914.479, 115
Trd, 2590915.313, 112
Trd, 2590915.363, 110
Trd, 2590915.629, 93
Trd, 2590916.496, 112
Trd, 2590916.829, 93
Trd, 2590917.196, 92
Trd, 2590917.846, 120
Trd, 2590918.463, 93
Trd, 2590919.146, 92
Trd, 2590919.279, 90
Trd, 2590920.463, 120
Trd, 2590921.113, 102
Trd, 2590921.796, 104
Trd, 2590922.329, 108
Trd, 2590923.563, 111
Trd, 2590924.329, 104
Trd, 2590924.529, 98
Trd, 2590924.546, 97
Trd, 2590925.146, 94
Trd, 2590925.363, 84
Trd, 2590925.579, 82
Trd, 2590927.413, 92
Trd, 2590927.546, 99
Trd, 2590927.796, 110
Trd, 2590928.013, 111
Trd, 2590928.146, 77
Trd, 2590928.863, 112
Trd, 2590929.296, 81
Trd, 2590930.196, 87
Trd, 2590931.379, 87
Trd, 2590932.213, 97
Trd, 2590932.296, 108
Trd, 2590933.063, 112
Trd, 2590934.279, 91
Trd, 2590934.363, 91
Trd, 2590935.113, 106
Trd, 2590935.596, 111
Trd, 2590936.629, 105
Trd, 2590936.929, 104
Trd, 2590937.329, 104
Trd, 2590938.029, 104
Trd, 2590939.446, 105
Trd, 2590940.013, 101
Trd, 2590940.346, 111
Trd, 2590940.396, 98
Trd, 2590942.513, 102
Trd, 2590942.679, 108
Trd, 2590943.663, 95
Trd, 2590943.679, 94
Trd, 2590944.013, 96
Trd, 2590944.829, 109
Trd, 2590945.129, 99
Trd, 2590946.529, 100
Trd, 2590947.946, 104
Trd, 2590947.963, 101
Trd, 2590948.129, 100
Trd, 2590948.646, 104
Trd, 2590952.963, 105
Trd, 2590953.046, 109
Trd, 2590953.079, 102
Trd, 2590953.346, 101
Trd, 2590953.446, 111
Trd, 2590953.463, 98
Trd, 2590953.963, 99
Trd, 2590954.763, 105
Trd, 2590954.913, 99
Trd, 2590955.063, 98
Trd, 2590955.429, 91
Trd, 2590955.529, 84
Trd, 2590956.729, 94
Trd, 2590956.746, 92
Trd, 2590958.096, 95
Trd, 2590959.263, 101
Trd, 2590959.896, 91
Trd, 2590960.579, 113
Trd, 2590961.979, 95
Trd, 2590962.429, 94
Trd, 2590964.646, 110
Trd, 2590965.096, 119
Trd, 2590965.146, 109
Trd, 2590967.363, 106
Trd, 2590967.663, 114
Trd, 2590968.213, 114
Trd, 2590968.879, 110
Trd, 2590968.913, 115
Trd, 2590969.713, 115
Trd, 2590970.563, 116
Trd, 2590970.813, 120
Trd, 2590971.063, 119
Trd, 2590971.413, 118
Trd, 2590971.896, 105
Trd, 2590972.813, 101
Trd, 2590973.546, 112
Trd, 2590973.663, 113
Trd, 2590975.863, 105
Trd, 2590976.179, 104
Trd, 2590976.213, 108
Trd, 2590976.563, 110
Trd, 2590977.446, 106
Trd, 2590977.546, 115
Trd, 2590977.779, 105
Trd, 2590978.196, 121
Trd, 2590978.813, 103
Trd, 2590979.313, 98
Trd, 2590980.363, 127
Trd, 2590980.696, 101
Trd, 2590982.329, 93
Trd, 2590983.746, 114
Trd, 2590984.196, 105
Trd, 2590984.863, 112
Trd, 2590985.379, 102
Trd, 2590986.079, 114
Trd, 2590986.863, 112
Trd, 2590987.146, 107
Trd, 2590987.329, 113
Trd, 2590987.879, 97
Trd, 2590989.529, 91
Trd, 2590990.246, 89
Trd, 2590991.629, 103
Trd, 2590992.029, 104
Trd, 2590992.546, 107
Trd, 2590993.113, 107
Trd, 2590993.879, 107
Trd, 2590994.779, 105
Trd, 2590995.596, 101
Trd, 2590996.229, 111
Trd, 2590996.363, 112
Trd, 2590997.163, 103
Trd, 2590998.529, 98
Trd, 2590998.613, 91
Trd, 2590999.396, 84
Trd, 2590999.429, 77
Trd, 2590999.813, 87
Trd, 2591000.313, 90
Trd, 2591001.263, 101
Trd, 2591004.079, 107
Trd, 2591004.329, 106
Trd, 2591004.946, 93
Trd, 2591006.646, 105
Trd, 2591006.713, 106
Trd, 2591007.213, 106
Trd, 2591008.463, 106
Trd, 2591009.279, 92
Trd, 2591009.313, 91
Trd, 2591010.263, 93
Trd, 2591010.596, 101
Trd, 2591010.796, 92
Trd, 2591011.179, 105
Trd, 2591011.479, 108
Trd, 2591013.029, 87
Trd, 2591014.163, 91
Trd, 2591015.279, 95
Trd, 2591015.313, 97
Trd, 2591016.329, 97
Trd, 2591016.629, 98
Trd, 2591017.146, 98
Trd, 2591017.296, 96
Trd, 2591017.396, 84
Trd, 2591017.896, 107
Trd, 2591018.146, 108
Trd, 2591018.563, 84
Trd, 2591019.663, 112
Trd, 2591020.446, 103
Trd, 2591020.746, 102
Trd, 2591020.846, 101
Trd, 2591021.529, 112
Trd, 2591021.996, 99
Trd, 2591022.246, 115
Trd, 2591023.096, 122
Trd, 2591023.246, 93
Trd, 2591024.113, 92
Trd, 2591025.646, 91
Trd, 2591026.329, 115
Trd, 2591027.429, 89
Trd, 2591027.446, 92
Trd, 2591027.513, 88
Trd, 2591028.929, 91
Trd, 2591029.513, 90
Trd, 2591029.596, 91
Trd, 2591030.413, 96
Trd, 2591030.513, 100
Trd, 2591032.513, 99
Trd, 2591032.796, 101
Trd, 2591033.513, 99
Trd, 2591034.713, 103
Trd, 2591034.763, 102
Trd, 2591036.113, 99
Trd, 2591038.196, 91
Trd, 2591038.429, 100
Trd, 2591038.963, 90
Trd, 2591039.729, 108
Trd, 2591039.929, 89
Trd, 2591040.129, 109
Trd, 2591041.546, 110
Trd, 2591041.563, 96
Trd, 2591042.363, 112
Trd, 2591043.413, 107
Trd, 2591045.696, 109
Trd, 2591047.079, 110
Trd, 2591047.296, 110
Trd, 2591047.679, 110
Trd, 2591048.046, 108
Trd, 2591048.579, 105
Trd, 2591050.396, 106
Trd, 2591051.229, 107
Trd, 2591051.429, 106
Trd, 2591051.646, 104
Trd, 2591051.746, 108
Trd, 2591052.413, 109
Trd, 2591052.463, 101
Trd, 2591052.546, 98
Trd, 2591052.663, 112
Trd, 2591053.279, 102
Trd, 2591053.396, 101
Trd, 2591054.196, 91
Trd, 2591054.513, 87
Trd, 2591056.113, 87
Trd, 2591056.863, 88
Trd, 2591057.546, 89
Trd, 2591057.663, 99
Trd, 2591057.729, 99
Trd, 2591058.313, 107
Trd, 2591058.763, 86
Trd, 2591060.429, 99
Trd, 2591060.513, 108
Trd, 2591060.879, 115
Trd, 2591061.396, 99
Trd, 2591061.813, 99
Trd, 2591061.996, 114
Trd, 2591062.063, 98
Trd, 2591062.563, 96
Trd, 2591064.179, 91
Trd, 2591064.979, 98
Trd, 2591065.079, 97
Trd, 2591065.629, 83
Trd, 2591067.213, 93
Trd, 2591067.613, 101
Trd, 2591067.929, 114
Trd, 2591068.179, 99
Trd, 2591068.696, 116
Trd, 2591070.213, 122
Trd, 2591071.213, 102
Trd, 2591073.429, 105
Trd, 2591073.463, 104
Trd, 2591073.513, 98
Trd, 2591073.963, 105
Trd, 2591074.596, 87
Trd, 2591075.029, 88
Trd, 2591076.296, 102
Trd, 2591077.113, 104
Trd, 2591077.446, 103
Trd, 2591077.696, 99
Trd, 2591079.129, 105
Trd, 2591079.446, 111
Trd, 2591079.496, 94
Trd, 2591080.096, 98
Trd, 2591080.329, 91
Trd, 2591082.046, 111
Trd, 2591082.646, 93
Trd, 2591083.929, 91
Trd, 2591084.929, 100
Trd, 2591085.079, 108
Trd, 2591085.196, 112
Trd, 2591085.396, 91
Trd, 2591087.846, 85
Trd, 2591089.229, 98
Trd, 2591089.379, 98
Trd, 2591089.463, 97
Trd, 2591089.763, 101
Trd, 2591090.129, 98
Trd, 2591090.963, 101
Trd, 2591091.163, 99
Trd, 2591091.563, 109
Trd, 2591091.696, 98
Trd, 2591091.846, 96
Trd, 2591092.263, 108
Trd, 2591092.829, 101
Trd, 2591094.379, 112
Trd, 2591095.013, 99
Trd, 2591095.429, 91
Trd, 2591096.363, 84
Trd, 2591098.829, 99
Trd, 2591099.129, 100
Trd, 2591099.246, 99
Trd, 2591099.746, 108
Trd, 2591101.696, 101
Trd, 2591102.063, 105
Trd, 2591102.096, 108
Trd, 2591103.463, 106
Trd, 2591103.946, 105
Trd, 2591104.296, 105
Trd, 2591105.113, 106
Trd, 2591105.213, 100
Trd, 2591105.246, 98
Trd, 2591106.046, 105
Trd, 2591107.579, 94
Trd, 2591108.079, 104
Trd, 2591108.529, 109
Trd, 2591109.979, 112
Trd, 2591110.079, 115
Trd, 2591110.313, 101
Trd, 2591111.113, 101
Trd, 2591112.446, 121
Trd, 2591112.713, 107
Trd, 2591113.279, 106
Trd, 2591113.413, 105
Trd, 2591114.763, 120
Trd, 2591114.829, 105
Trd, 2591117.296, 105
Trd, 2591118.913, 106
Trd, 2591119.296, 106
Trd, 2591119.413, 108
Trd, 2591120.246, 106
Trd, 2591120.579, 106
Trd, 2591120.696, 106
Trd, 2591120.813, 105
Trd, 2591120.863, 101
Trd, 2591122.863, 108
Trd, 2591122.879, 98
Trd, 2591123.229, 91
Trd, 2591125.229, 85
Trd, 2591125.629, 83
Trd, 2591125.679, 108
Trd, 2591126.546, 110
Trd, 2591126.996, 102
Trd, 2591128.029, 103
Trd, 2591129.229, 107
Trd, 2591129.646, 107
Trd, 2591129.946, 108
Trd, 2591130.329, 112
Trd, 2591131.596, 105
Trd, 2591132.229, 114
Trd, 2591132.263, 108
Trd, 2591132.529, 101
Trd, 2591132.996, 98
Trd, 2591133.063, 91
Trd, 2591133.346, 113
Trd, 2591134.696, 91
Trd, 2591135.313, 83
Trd, 2591135.879, 92
Trd, 2591136.263, 82
Trd, 2591137.063, 90
Trd, 2591138.996, 96
Trd, 2591139.229, 98
Trd, 2591139.496, 100
Trd, 2591139.546, 99
Trd, 2591140.429, 119
Trd, 2591140.779, 109
Trd, 2591141.129, 119
Trd, 2591141.229, 101
Trd, 2591142.679, 115
Trd, 2591143.929, 117
Trd, 2591143.979, 104
Trd, 2591144.246, 108
Trd, 2591144.746, 118
Trd, 2591144.929, 104
Trd, 2591146.513, 111
Trd, 2591146.646, 110
Trd, 2591149.113, 104
Trd, 2591149.396, 102
Trd, 2591149.996, 101
Trd, 2591150.329, 117
Trd, 2591150.363, 101
Trd, 2591151.246, 100
Trd, 2591151.563, 99
Trd, 2591153.746, 102
Trd, 2591154.296, 101
Trd, 2591154.946, 98
Trd, 2591154.979, 99
Trd, 2591155.296, 111
Trd, 2591156.013, 95
Trd, 2591157.029, 99
Trd, 2591157.363, 111
Trd, 2591157.879, 112
Trd, 2591160.146, 115
Trd, 2591160.279, 113
Trd, 2591160.696, 112
Trd, 2591160.796, 111
Trd, 2591160.863, 105
Trd, 2591162.779, 101
Trd, 2591162.979, 108
Trd, 2591164.029, 103
Trd, 2591164.696, 105
Trd, 2591165.813, 106
Trd, 2591167.046, 107
Trd, 2591168.263, 109
Trd, 2591168.413, 108
Trd, 2591168.513, 107
Trd, 2591168.796, 102
Trd, 2591169.046, 101
Trd, 2591169.713, 114
Trd, 2591169.796, 108
Trd, 2591170.779, 113
Trd, 2591171.046, 98
Trd, 2591172.196, 101
Trd, 2591173.263, 115
Trd, 2591173.329, 120
Trd, 2591173.896, 96
Trd, 2591174.246, 123
Trd, 2591174.646, 95
Trd, 2591175.029, 92
Trd, 2591175.979, 95
Trd, 2591176.929, 100
Trd, 2591177.263, 98
Trd, 2591177.479, 101
Trd, 2591178.029, 102
Trd, 2591179.379, 104
Trd, 2591180.013, 94
Trd, 2591180.696, 92
Trd, 2591181.996, 102
Trd, 2591182.546, 109
Trd, 2591182.963, 112
Trd, 2591183.729, 101
Trd, 2591183.763, 99
Trd, 2591183.879, 90
Trd, 2591184.796, 108
Trd, 2591184.846, 102
Trd, 2591185.646, 83
Trd, 2591185.963, 97
Trd, 2591189.396, 109
Trd, 2591189.829, 111
Trd, 2591190.179, 111
Trd, 2591190.513, 117
Trd, 2591191.513, 109
Trd, 2591193.046, 109
Trd, 2591193.313, 108
Trd, 2591193.479, 98
Trd, 2591194.096, 84
Trd, 2591195.813, 103
Trd, 2591196.829, 105
Trd, 2591196.863, 104
Trd, 2591197.046, 107
Trd, 2591197.813, 104
Trd, 2591198.296, 108
Trd, 2591198.913, 106
Trd, 2591199.029, 104
Trd, 2591199.313, 109
Trd, 2591200.013, 101
Trd, 2591201.713, 107
Trd, 2591202.096, 101
Trd, 2591202.513, 112
Trd, 2591202.863, 100
Trd, 2591204.346, 98
Trd, 2591204.679, 93
Trd, 2591205.079, 93
Trd, 2591205.513, 103
Trd, 2591205.846, 106
Trd, 2591206.863, 99
Trd, 2591206.979, 106
Trd, 2591209.279, 104
Trd, 2591209.796, 110
Trd, 2591211.063, 113
Trd, 2591211.163, 104
Trd, 2591211.663, 105
Trd, 2591211.996, 103
Trd, 2591212.563, 114
Trd, 2591212.896, 98
Trd, 2591213.079, 106
Trd, 2591213.296, 115
Trd, 2591213.679, 122
Trd, 2591214.046, 92
Trd, 2591214.596, 92
Trd, 2591214.613, 96
Trd, 2591215.446, 97
Trd, 2591216.113, 97
Trd, 2591217.396, 103
Trd, 2591217.729, 104
Trd, 2591219.229, 109
Trd, 2591222.429, 106
Trd, 2591222.463, 105
Trd, 2591222.596, 108
Trd, 2591222.763, 110
Trd, 2591224.079, 100
Trd, 2591224.796, 101
Trd, 2591226.846, 108
Trd, 2591227.013, 101
Trd, 2591227.279, 98
Trd, 2591230.046, 104
Trd, 2591230.246, 90
Trd, 2591230.263, 91
Trd, 2591230.696, 92
Trd, 2591231.179, 93
Trd, 2591231.296, 112
Trd, 2591231.879, 93
Trd, 2591232.679, 114
Trd, 2591233.946, 119
Trd, 2591234.063, 117
Trd, 2591234.329, 112
Trd, 2591234.646, 106
Trd, 2591235.179, 91
Trd, 2591235.663, 80
Trd, 2591236.796, 89
Trd, 2591237.246, 115
Trd, 2591238.946, 101
Trd, 2591239.529, 95
Trd, 2591241.296, 103
Trd, 2591241.646, 102
Trd, 2591242.046, 98
Trd, 2591242.496, 103
Trd, 2591243.679, 110
Trd, 2591243.896, 112
Trd, 2591244.663, 112
Trd, 2591245.063, 113
Trd, 2591246.129, 106
Trd, 2591247.329, 107
Trd, 2591247.446, 106
Trd, 2591248.113, 100
Trd, 2591248.796, 99
Trd, 2591249.329, 98
Trd, 2591249.846, 100
Trd, 2591250.163, 98
Trd, 2591250.979, 106
Trd, 2591251.396, 93
Trd, 2591251.429, 107
Trd, 2591251.696, 115
Trd, 2591251.913, 91
Trd, 2591251.963, 121
Trd, 2591255.313, 102
Trd, 2591255.446, 100
Trd, 2591256.246, 110
Trd, 2591257.113, 104
Trd, 2591257.146, 103
Trd, 2591257.163, 101
Trd, 2591258.463, 112
Trd, 2591258.913, 101
Trd, 2591259.063, 100
Trd, 2591259.413, 112
Trd, 2591259.696, 98
Trd, 2591261.496, 87
Trd, 2591263.863, 95
Trd, 2591264.546, 102
Trd, 2591265.513, 108
Trd, 2591265.763, 115
Trd, 2591265.863, 101
Trd, 2591267.046, 104
Trd, 2591267.213, 104
Trd, 2591267.413, 104
Trd, 2591267.963, 103
Trd, 2591267.996, 92
Trd, 2591268.079, 90
Trd, 2591268.913, 85
Trd, 2591270.663, 119
Trd, 2591270.863, 119
Trd, 2591271.646, 109
Trd, 2591272.179, 101
Trd, 2591274.663, 108
Trd, 2591274.729, 110
Trd, 2591275.346, 102
Trd, 2591275.379, 101
Trd, 2591275.413, 110
Trd, 2591275.563, 112
Trd, 2591276.296, 110
Trd, 2591276.879, 122
Trd, 2591277.229, 110
Trd, 2591277.679, 110
Trd, 2591277.946, 98
Trd, 2591278.096, 120
Trd, 2591280.713, 92
Trd, 2591281.396, 91
Trd, 2591281.679, 75
Trd, 2591283.346, 103
Trd, 2591284.263, 114
Trd, 2591285.196, 101
Trd, 2591286.796, 112
Trd, 2591287.046, 106
Trd, 2591287.063, 114
Trd, 2591287.646, 112
Trd, 2591288.863, 115
Trd, 2591288.979, 113
Trd, 2591289.329, 112
Trd, 2591289.429, 108
Trd, 2591289.563, 106
Trd, 2591290.029, 105
Trd, 2591290.879, 101
Trd, 2591291.479, 98
Trd, 2591291.879, 94
Trd, 2591291.946, 116
Trd, 2591292.929, 84
Trd, 2591293.829, 101
Trd, 2591294.679, 115
Trd, 2591297.163, 117
Trd, 2591297.663, 114
Trd, 2591297.829, 113
Trd, 2591298.129, 111
Trd, 2591298.613, 98
Trd, 2591299.296, 117
Trd, 2591299.396, 116
Trd, 2591300.096, 102
Trd, 2591300.113, 101
Trd, 2591301.913, 114
Trd, 2591302.029, 99
Trd, 2591303.263, 99
Trd, 2591303.396, 98
Trd, 2591303.713, 114
Trd, 2591303.846, 101
Trd, 2591304.713, 90
Trd, 2591305.029, 97
Trd, 2591305.963, 90
Trd, 2591307.146, 93
Trd, 2591307.946, 96
Trd, 2591308.413, 94
Trd, 2591308.629, 93
Trd, 2591311.546, 107
Trd, 2591311.679, 98
Trd, 2591312.696, 104
Trd, 2591313.346, 104
Trd, 2591314.413, 109
Trd, 2591314.796, 109
Trd, 2591315.146, 111
Trd, 2591315.529, 108
Trd, 2591318.196, 108
Trd, 2591318.713, 105
Trd, 2591318.779, 100
Trd, 2591318.946, 106
Trd, 2591319.996, 106
Trd, 2591320.696, 101
Trd, 2591320.763, 100
Trd, 2591320.879, 99
Trd, 2591320.963, 99
Trd, 2591323.313, 109
Trd, 2591323.829, 109
Trd, 2591323.846, 108
Trd, 2591324.529, 105
Trd, 2591325.046, 112
Trd, 2591326.196, 94
Trd, 2591326.763, 95
Trd, 2591326.846, 93
Trd, 2591327.013, 95
Trd, 2591327.379, 95
Trd, 2591327.913, 101
Trd, 2591328.346, 108
Trd, 2591329.146, 110
Trd, 2591330.129, 112
Trd, 2591330.646, 115
Trd, 2591331.046, 108
Trd, 2591333.263, 100
Trd, 2591333.563, 100
Trd, 2591334.279, 100
Trd, 2591335.496, 108
Trd, 2591336.329, 108
Trd, 2591336.379, 110
Trd, 2591336.429, 112
Trd, 2591337.496, 111
Trd, 2591337.879, 111
Trd, 2591337.896, 110
Trd, 2591338.696, 101
Trd, 2591339.079, 99
Trd, 2591341.396, 100
Trd, 2591341.546, 98
Trd, 2591341.663, 91
Trd, 2591342.246, 85
Trd, 2591342.746, 84
Trd, 2591343.663, 99
Trd, 2591344.429, 100
Trd, 2591344.613, 96
Trd, 2591345.029, 84
Trd, 2591347.029, 101
Trd, 2591347.813, 98
Trd, 2591348.296, 113
Trd, 2591348.563, 91
Trd, 2591348.796, 114
Trd, 2591348.979, 121
Trd, 2591349.196, 91
Trd, 2591350.596, 82
Trd, 2591350.929, 84
Trd, 2591352.896, 112
Trd, 2591353.179, 98
Trd, 2591355.079, 102
Trd, 2591355.113, 85
Trd, 2591355.246, 90
Trd, 2591356.046, 85
Trd, 2591356.946, 86
Trd, 2591359.029, 102
Trd, 2591359.096, 103
Trd, 2591359.846, 104
Trd, 2591361.363, 106
Trd, 2591361.463, 106
Trd, 2591361.796, 108
Trd, 2591361.963, 107
Trd, 2591362.696, 107
Trd, 2591363.046, 112
Trd, 2591363.396, 111
Trd, 2591363.479, 107
Trd, 2591364.013, 107
Trd, 2591365.113, 105
Trd, 2591367.413, 107
Trd, 2591368.263, 102
Trd, 2591369.429, 107
Trd, 2591369.829, 107
Trd, 2591370.279, 102
Trd, 2591370.429, 101
Trd, 2591370.746, 108
Trd, 2591370.813, 98
Trd, 2591371.529, 99
Trd, 2591371.946, 100
Trd, 2591373.746, 109
Trd, 2591374.196, 102
Trd, 2591375.296, 108
Trd, 2591376.079, 110
Trd, 2591376.129, 109
Trd, 2591376.279, 111
Trd, 2591376.479, 108
Trd, 2591376.796, 101
Trd, 2591376.863, 90
Trd, 2591376.879, 112
Trd, 2591376.896, 113
Trd, 2591377.713, 86
Trd, 2591378.446, 108
Trd, 2591379.279, 90
Trd, 2591379.529, 88
Trd, 2591379.696, 91
Trd, 2591380.063, 84
Trd, 2591381.596, 83
Trd, 2591383.279, 92
Trd, 2591383.996, 92
Trd, 2591384.046, 91
Trd, 2591384.379, 116
Trd, 2591384.563, 88
Trd, 2591385.446, 89
Trd, 2591385.646, 96
Trd, 2591386.046, 108
Trd, 2591386.513, 90
Trd, 2591388.013, 96
Trd, 2591388.029, 97
Trd, 2591388.746, 94
Trd, 2591390.579, 101
Trd, 2591391.579, 106
Trd, 2591392.813, 112
Trd, 2591393.046, 112
Trd, 2591393.996, 110
Trd, 2591394.646, 111
Trd, 2591395.313, 113
Trd, 2591395.346, 114
Trd, 2591395.679, 107
Trd, 2591398.296, 109
Trd, 2591399.146, 107
Trd, 2591399.879, 106
Trd, 2591400.013, 108
Trd, 2591401.163, 107
Trd, 2591401.329, 106
Trd, 2591401.946, 105
Trd, 2591402.079, 101
Trd, 2591402.263, 108
Trd, 2591403.146, 99
Trd, 2591403.796, 100
Trd, 2591404.013, 98
Trd, 2591404.129, 90
Trd, 2591404.929, 111
Trd, 2591405.096, 96
Trd, 2591408.063, 99
Trd, 2591408.096, 98
Trd, 2591408.663, 112
Trd, 2591410.663, 93
Trd, 2591410.746, 92
Trd, 2591410.813, 111
Trd, 2591411.529, 113
Trd, 2591412.329, 97
Trd, 2591412.663, 97
Trd, 2591412.713, 96
Trd, 2591413.379, 110
Trd, 2591413.479, 113
Trd, 2591413.713, 95
Trd, 2591413.863, 83
Trd, 2591414.213, 88
Trd, 2591415.146, 112
Trd, 2591415.746, 80
Trd, 2591418.713, 108
Trd, 2591419.329, 112
Trd, 2591419.979, 108
Trd, 2591420.796, 112
Trd, 2591421.063, 115
Trd, 2591421.613, 122
Trd, 2591422.296, 115
Trd, 2591422.513, 115
Trd, 2591423.863, 112
Trd, 2591424.763, 113
Trd, 2591425.129, 112
Trd, 2591425.146, 114
Trd, 2591425.929, 106
Trd, 2591426.096, 105
Trd, 2591426.929, 98
Trd, 2591426.946, 91
Trd, 2591427.263, 113
Trd, 2591428.996, 115
Trd, 2591429.279, 121
Trd, 2591429.446, 113
Trd, 2591429.946, 102
Trd, 2591430.246, 121
Trd, 2591430.496, 101
Trd, 2591430.513, 124
Trd, 2591432.346, 91
Trd, 2591432.629, 90
Trd, 2591433.913, 91
Trd, 2591435.079, 97
Trd, 2591435.513, 92
Trd, 2591436.229, 93
Trd, 2591436.463, 99
Trd, 2591436.479, 92
Trd, 2591436.596, 101
Trd, 2591437.729, 92
Trd, 2591438.463, 94
Trd, 2591439.113, 91
Trd, 2591440.113, 111
Trd, 2591440.613, 112
Trd, 2591441.363, 89
Trd, 2591442.579, 108
Trd, 2591443.163, 114
Trd, 2591443.296, 113
Trd, 2591444.029, 107
Trd, 2591444.413, 115
Trd, 2591444.846, 100
Trd, 2591444.913, 100
Trd, 2591444.996, 98
Trd, 2591446.896, 92
Trd, 2591448.479, 102
Trd, 2591448.629, 94
Trd, 2591449.479, 101
Trd, 2591449.529, 102
Trd, 2591449.579, 101
Trd, 2591449.596, 112
Trd, 2591449.829, 91
Trd, 2591451.113, 94
Trd, 2591452.113, 89
Trd, 2591452.529, 87
Trd, 2591452.913, 85
Trd, 2591453.279, 87
Trd, 2591453.829, 109
Trd, 2591453.963, 115
Trd, 2591456.663, 100
Trd, 2591457.163, 101
Trd, 2591457.646, 101
Trd, 2591458.413, 100
Trd, 2591458.863, 112
Trd, 2591459.746, 100
Trd, 2591460.513, 121
Trd, 2591461.629, 105
Trd, 2591462.146, 111
Trd, 2591462.746, 108
Trd, 2591464.696, 111
Trd, 2591464.763, 108
Trd, 2591465.646, 99
Trd, 2591466.413, 105
Trd, 2591466.663, 91
Trd, 2591467.896, 96
Trd, 2591468.263, 97
Trd, 2591468.446, 104
Trd, 2591468.613, 91
Trd, 2591468.896, 83
Trd, 2591470.379, 93
Trd, 2591470.496, 85
Trd, 2591471.013, 77
Trd, 2591471.113, 97
Trd, 2591471.229, 77
Trd, 2591472.363, 110
Trd, 2591472.446, 112
Trd, 2591472.579, 85
Trd, 2591473.679, 88
Trd, 2591474.263, 95
Trd, 2591474.596, 112
Trd, 2591475.179, 112
Trd, 2591476.279, 115
Trd, 2591476.346, 120
Trd, 2591477.546, 109
Trd, 2591478.329, 107
Trd, 2591479.813, 107
Trd, 2591480.996, 104
Trd, 2591481.029, 114
Trd, 2591482.379, 106
Trd, 2591483.013, 108
Trd, 2591483.196, 105
Trd, 2591483.646, 91
Trd, 2591484.313, 108
Trd, 2591484.329, 88
Trd, 2591485.079, 104
Trd, 2591485.979, 111
Trd, 2591486.096, 118
Trd, 2591486.879, 109
Trd, 2591487.579, 108
Trd, 2591488.446, 105
Trd, 2591489.263, 105
Trd, 2591489.879, 102
Trd, 2591490.079, 100
Trd, 2591490.229, 105
Trd, 2591490.463, 98
Trd, 2591491.096, 92
Trd, 2591493.396, 102
Trd, 2591493.479, 101
Trd, 2591493.613, 102
Trd, 2591494.163, 92
Trd, 2591494.563, 112
Trd, 2591495.013, 115
Trd, 2591495.979, 100
Trd, 2591496.046, 95
Trd, 2591496.746, 92
Trd, 2591497.229, 109
Trd, 2591498.529, 105
Trd, 2591498.696, 106
Trd, 2591500.013, 106
Trd, 2591501.746, 105
Trd, 2591502.913, 92
Trd, 2591503.179, 91
Trd, 2591504.013, 109
Trd, 2591504.679, 90
Trd, 2591505.046, 108
Trd, 2591505.663, 93
Trd, 2591506.013, 92
Trd, 2591506.196, 101
Trd, 2591506.263, 91
Trd, 2591506.896, 84
Trd, 2591507.079, 78
Trd, 2591508.829, 104
Trd, 2591509.079, 99
Trd, 2591512.263, 108
Trd, 2591512.429, 99
Trd, 2591512.746, 98
Trd, 2591513.013, 98
Trd, 2591515.096, 100
Trd, 2591516.479, 112
Trd, 2591517.213, 102
Trd, 2591517.396, 91
Trd, 2591519.029, 100
Trd, 2591519.496, 101
Trd, 2591520.479, 104
Trd, 2591521.313, 109
Trd, 2591521.429, 106
Trd, 2591521.596, 115
Trd, 2591522.096, 107
Trd, 2591522.396, 115
Trd, 2591522.496, 112
Trd, 2591522.563, 100
Trd, 2591522.863, 99
Trd, 2591523.079, 117
Trd, 2591524.963, 103
Trd, 2591525.813, 110
Trd, 2591525.846, 109
Trd, 2591526.363, 104
Trd, 2591526.763, 105
Trd, 2591527.113, 105
Trd, 2591527.846, 106
Trd, 2591530.829, 102
Trd, 2591531.246, 101
Trd, 2591531.613, 98
Trd, 2591531.713, 103
Trd, 2591531.796, 104
Trd, 2591532.179, 110
Trd, 2591532.929, 90
Trd, 2591533.913, 87
Trd, 2591534.179, 83
Trd, 2591534.563, 85
Trd, 2591535.029, 111
Trd, 2591536.446, 77
Trd, 2591536.896, 85
Trd, 2591537.496, 77
Trd, 2591538.346, 96
Trd, 2591539.646, 89
Trd, 2591540.596, 93
Trd, 2591540.679, 94
Trd, 2591541.346, 109
Trd, 2591542.196, 110
Trd, 2591542.263, 101
Trd, 2591542.296, 100
Trd, 2591543.863, 104
Trd, 2591544.013, 102
Trd, 2591544.746, 99
Trd, 2591545.396, 112
Trd, 2591546.413, 108
Trd, 2591546.646, 105
Trd, 2591547.346, 112
Trd, 2591547.363, 94
Trd, 2591547.879, 113
Trd, 2591548.979, 103
Trd, 2591550.146, 101
Trd, 2591551.863, 99
Trd, 2591552.079, 107
Trd, 2591552.463, 109
Trd, 2591553.246, 112
Trd, 2591553.463, 103
Trd, 2591553.529, 102
Trd, 2591555.463, 98
Trd, 2591555.879, 92
Trd, 2591556.046, 100
Trd, 2591556.379, 116
Trd, 2591557.313, 116
Trd, 2591557.529, 126
Trd, 2591558.079, 91
Trd, 2591558.179, 84
Trd, 2591558.429, 129
Trd, 2591559.429, 78
Trd, 2591559.646, 95
Trd, 2591559.946, 77
Trd, 2591560.246, 76
Trd, 2591560.363, 74
Trd, 2591563.313, 107
Trd, 2591563.463, 108
Trd, 2591563.663, 108
Trd, 2591563.979, 107
Trd, 2591564.713, 106
Trd, 2591565.496, 105
Trd, 2591566.329, 102
Trd, 2591566.379, 111
Trd, 2591566.929, 101
Trd, 2591569.596, 112
Trd, 2591569.979, 113
Trd, 2591570.379, 114
Trd, 2591570.846, 111
Trd, 2591572.179, 98
Trd, 2591572.329, 99
Trd, 2591572.413, 91
Trd, 2591572.446, 107
Trd, 2591574.796, 101
Trd, 2591575.763, 96
Trd, 2591576.946, 97
Trd, 2591577.346, 96
Trd, 2591577.546, 108
Trd, 2591578.046, 94
Trd, 2591578.329, 95
Trd, 2591578.396, 100
Trd, 2591578.563, 95
Trd, 2591582.413, 101
Trd, 2591583.313, 104
Trd, 2591583.563, 105
Trd, 2591583.679, 107
Trd, 2591584.046, 112
Trd, 2591584.279, 103
Trd, 2591585.529, 107
Trd, 2591585.829, 102
Trd, 2591586.596, 110
Trd, 2591587.463, 109
Trd, 2591587.796, 102
Trd, 2591588.096, 101
Trd, 2591588.363, 112
Trd, 2591589.229, 101
Trd, 2591590.396, 115
Trd, 2591590.446, 102
Trd, 2591591.396, 106
Trd, 2591592.779, 107
Trd, 2591592.829, 119
Trd, 2591593.246, 105
Trd, 2591593.696, 98
Trd, 2591594.946, 104
Trd, 2591596.596, 105
Trd, 2591596.896, 105
Trd, 2591597.129, 104
Trd, 2591598.213, 104
Trd, 2591598.329, 102
Trd, 2591598.346, 111
Trd, 2591600.213, 98
Trd, 2591600.829, 101
Trd, 2591601.913, 94
Trd, 2591602.063, 95
Trd, 2591602.829, 109
Trd, 2591603.163, 93
Trd, 2591603.629, 91
Trd, 2591604.879, 103
Trd, 2591605.379, 102
Trd, 2591605.613, 101
Trd, 2591606.696, 94
Trd, 2591607.563, 112
Trd, 2591607.696, 113
Trd, 2591609.979, 100
Trd, 2591610.946, 108
Trd, 2591611.263, 99
Trd, 2591611.346, 98
Trd, 2591611.979, 108
Trd, 2591612.329, 102
Trd, 2591613.063, 102
Trd, 2591614.963, 106
Trd, 2591616.896, 104
Trd, 2591617.846, 105
Trd, 2591618.896, 105
Trd, 2591619.046, 104
Trd, 2591619.879, 101
Trd, 2591619.979, 101
Trd, 2591620.029, 105
Trd, 2591620.479, 100
Trd, 2591620.496, 98
Trd, 2591620.529, 90
Trd, 2591621.213, 90
Trd, 2591622.813, 112
Trd, 2591623.779, 113
Trd, 2591624.379, 107
Trd, 2591624.846, 105
Trd, 2591625.429, 101
Trd, 2591625.796, 111
Trd, 2591626.229, 124
Trd, 2591626.729, 95
Trd, 2591627.213, 84
Trd, 2591627.546, 88
Trd, 2591629.063, 88
Trd, 2591631.679, 94
Trd, 2591631.996, 96
Trd, 2591632.913, 97
Trd, 2591633.546, 97
Trd, 2591633.946, 97
Trd, 2591634.596, 98
Trd, 2591634.746, 97
Trd, 2591635.446, 100
Trd, 2591635.529, 101
Trd, 2591635.696, 100
Trd, 2591636.029, 99
Trd, 2591636.863, 112
Trd, 2591637.796, 91
Trd, 2591638.046, 94
Trd, 2591638.296, 108
Trd, 2591641.113, 100
Trd, 2591642.379, 105
Trd, 2591642.929, 104
Trd, 2591643.063, 103
Trd, 2591643.429, 111
Trd, 2591643.513, 103
Trd, 2591643.696, 112
Trd, 2591644.779, 112
Trd, 2591645.129, 104
Trd, 2591645.496, 104
Trd, 2591647.246, 113
Trd, 2591648.279, 108
Trd, 2591648.446, 106
Trd, 2591650.163, 103
Trd, 2591650.479, 103
Trd, 2591651.279, 111
Trd, 2591652.163, 101
Trd, 2591652.713, 99
Trd, 2591653.063, 98
Trd, 2591653.813, 91
Trd, 2591654.613, 105
Trd, 2591655.446, 102
Trd, 2591656.879, 92
Trd, 2591657.996, 101
Trd, 2591658.113, 102
Trd, 2591658.729, 108
Trd, 2591659.046, 108
Trd, 2591659.629, 108
Trd, 2591661.379, 108
Trd, 2591661.863, 107
Trd, 2591662.429, 107
Trd, 2591662.629, 109
Trd, 2591663.063, 108
Trd, 2591663.396, 105
Trd, 2591663.463, 91
Trd, 2591663.513, 109
Trd, 2591664.896, 110
Trd, 2591665.546, 93
Trd, 2591666.929, 95
Trd, 2591667.113, 110
Trd, 2591667.146, 94
Trd, 2591667.596, 112
Trd, 2591668.313, 103
Trd, 2591668.679, 102
Trd, 2591668.946, 101
Trd, 2591669.063, 93
Trd, 2591669.629, 113
Trd, 2591670.063, 95
Trd, 2591671.113, 99
Trd, 2591671.879, 104
Trd, 2591671.896, 99
Trd, 2591672.946, 97
Trd, 2591672.979, 113
Trd, 2591675.613, 95
Trd, 2591677.179, 107
Trd, 2591677.446, 95
Trd, 2591677.646, 96
Trd, 2591677.663, 109
Trd, 2591678.796, 97
Trd, 2591679.446, 96
Trd, 2591679.629, 95
Trd, 2591679.879, 91
Trd, 2591680.463, 108
Trd, 2591681.213, 91
Trd, 2591683.046, 111
Trd, 2591683.346, 110
Trd, 2591684.346, 105
Trd, 2591684.896, 114
Trd, 2591685.096, 114
Trd, 2591685.363, 106
Trd, 2591685.579, 105
Trd, 2591686.296, 105
Trd, 2591687.079, 110
Trd, 2591687.696, 102
Trd, 2591689.079, 101
Trd, 2591689.113, 99
Trd, 2591689.329, 98
Trd, 2591690.079, 95
Trd, 2591690.629, 96
Trd, 2591691.296, 95
Trd, 2591692.163, 110
Trd, 2591693.896, 101
Trd, 2591694.079, 102
Trd, 2591697.446, 108
Trd, 2591697.913, 112
Trd, 2591698.446, 109
Trd, 2591698.496, 122
Trd, 2591699.696, 112
Trd, 2591700.496, 111
Trd, 2591700.896, 117
Trd, 2591700.979, 113
Trd, 2591702.696, 111
Trd, 2591702.779, 108
Trd, 2591703.046, 117
Trd, 2591703.996, 101
Trd, 2591704.046, 99
Trd, 2591704.129, 98
Trd, 2591706.046, 110
Trd, 2591707.229, 103
Trd, 2591707.629, 102
Trd, 2591708.329, 102
Trd, 2591710.379, 93
Trd, 2591710.713, 88
Trd, 2591711.146, 94
Trd, 2591711.546, 85
Trd, 2591711.763, 92
Trd, 2591712.313, 87
Trd, 2591712.779, 90
Trd, 2591712.913, 87
Trd, 2591713.563, 87
Trd, 2591714.096, 84
Trd, 2591714.196, 100
Trd, 2591714.546, 99
Trd, 2591715.929, 97
Trd, 2591717.363, 101
Trd, 2591719.796, 101
Trd, 2591720.013, 108
Trd, 2591720.296, 112
Trd, 2591721.329, 104
Trd, 2591721.463, 115
Trd, 2591721.496, 103
Trd, 2591722.813, 110
Trd, 2591723.329, 109
Trd, 2591723.746, 113
Trd, 2591724.129, 110
Trd, 2591724.613, 109
Trd, 2591724.663, 113
Trd, 2591724.679, 101
Trd, 2591724.779, 119
Trd, 2591726.296, 100
Trd, 2591726.496, 99
Trd, 2591726.963, 98
Trd, 2591728.646, 94
Trd, 2591729.563, 97
Trd, 2591730.996, 108
Trd, 2591732.196, 105
Trd, 2591732.329, 108
Trd, 2591732.346, 100
Trd, 2591733.213, 99
Trd, 2591733.813, 108
Trd, 2591734.763, 106
Trd, 2591736.379, 95
Trd, 2591736.613, 112
Trd, 2591739.896, 108
Trd, 2591740.263, 111
Trd, 2591741.363, 107
Trd, 2591742.229, 107
Trd, 2591742.296, 106
Trd, 2591742.946, 108
Trd, 2591743.229, 107
Trd, 2591743.429, 105
Trd, 2591743.563, 101
Trd, 2591743.663, 89
Trd, 2591744.263, 95
Trd, 2591744.996, 100
Trd, 2591745.363, 84
Trd, 2591747.046, 88
Trd, 2591747.363, 94
Trd, 2591748.213, 96
Trd, 2591749.196, 98
Trd, 2591749.596, 100
Trd, 2591750.213, 101
Trd, 2591750.329, 108
Trd, 2591750.346, 100
Trd, 2591750.613, 112
Trd, 2591751.146, 100
Trd, 2591751.346, 115
Trd, 2591752.763, 101
Trd, 2591753.079, 104
Trd, 2591755.463, 106
Trd, 2591757.129, 107
Trd, 2591757.329, 112
Trd, 2591758.079, 106
Trd, 2591758.496, 111
Trd, 2591759.513, 103
Trd, 2591759.663, 102
Trd, 2591759.696, 110
Trd, 2591760.179, 109
Trd, 2591760.279, 108
Trd, 2591761.429, 101
Trd, 2591761.463, 98
Trd, 2591763.079, 110
Trd, 2591763.796, 101
Trd, 2591763.879, 111
Trd, 2591764.129, 100
Trd, 2591765.896, 94
Trd, 2591766.896, 98
Trd, 2591767.046, 97
Trd, 2591767.779, 101
Trd, 2591767.946, 107
Trd, 2591768.313, 100
Trd, 2591768.396, 112
Trd, 2591769.213, 96
Trd, 2591769.813, 96
Trd, 2591771.146, 106
Trd, 2591771.196, 99
Trd, 2591771.996, 112
Trd, 2591773.263, 103
Trd, 2591774.746, 114
Trd, 2591775.379, 98
Trd, 2591775.546, 115
Trd, 2591775.813, 120
Trd, 2591776.129, 101
Trd, 2591777.096, 102
Trd, 2591777.213, 98
Trd, 2591777.663, 91
Trd, 2591778.563, 113
Trd, 2591779.196, 91
Trd, 2591779.329, 91
Trd, 2591780.829, 89
Trd, 2591782.396, 103
Trd, 2591782.929, 104
Trd, 2591783.463, 103
Trd, 2591784.629, 105
Trd, 2591784.796, 105
Trd, 2591786.413, 102
Trd, 2591786.663, 102
Trd, 2591786.829, 108
Trd, 2591787.446, 101
Trd, 2591787.863, 98
Trd, 2591788.263, 108
Trd, 2591789.579, 115
Trd, 2591790.229, 112
Trd, 2591790.429, 94
Trd, 2591790.613, 93
Trd, 2591791.429, 115
Trd, 2591793.046, 100
Trd, 2591793.963, 97
Trd, 2591794.313, 96
Trd, 2591795.663, 95
Trd, 2591796.429, 102
Trd, 2591797.346, 97
Trd, 2591797.779, 101
Trd, 2591797.879, 101
Trd, 2591798.996, 103
Trd, 2591799.496, 103
Trd, 2591799.546, 104
Trd, 2591799.829, 112
Trd, 2591800.213, 103
Trd, 2591800.763, 107
Trd, 2591801.229, 104
Trd, 2591801.346, 83
Trd, 2591804.163, 102
Trd, 2591804.279, 101
Trd, 2591804.896, 101
Trd, 2591805.379, 89
Trd, 2591805.696, 84
Trd, 2591807.513, 87
Trd, 2591807.996, 94
Trd, 2591809.829, 88
Trd, 2591810.013, 94
Trd, 2591810.313, 84
Trd, 2591812.196, 99
Trd, 2591812.496, 100
Trd, 2591813.346, 101
Trd, 2591814.296, 104
Trd, 2591814.446, 102
Trd, 2591814.879, 100
Trd, 2591816.779, 101
Trd, 2591817.746, 108
Trd, 2591817.979, 112
Trd, 2591818.063, 115
Trd, 2591819.196, 111
Trd, 2591819.396, 109
Trd, 2591819.446, 119
Trd, 2591819.613, 97
Trd, 2591820.696, 91
Trd, 2591821.613, 87
Trd, 2591821.946, 88
Trd, 2591821.963, 87
Trd, 2591822.329, 90
Trd, 2591823.929, 104
Trd, 2591824.196, 98
Trd, 2591825.446, 85
Trd, 2591825.946, 84
Trd, 2591825.996, 108
Trd, 2591826.496, 107
Trd, 2591827.663, 90
Trd, 2591828.213, 108
Trd, 2591830.246, 107
Trd, 2591830.479, 104
Trd, 2591831.046, 108
Trd, 2591832.213, 108
Trd, 2591832.246, 108
Trd, 2591832.929, 112
Trd, 2591834.113, 115
Trd, 2591835.246, 107
Trd, 2591835.446, 108
Trd, 2591835.896, 106
Trd, 2591835.963, 105
Trd, 2591836.313, 100
Trd, 2591836.363, 119
Trd, 2591836.963, 94
Trd, 2591837.446, 95
Trd, 2591838.263, 108
Trd, 2591838.679, 98
Trd, 2591839.763, 100
Trd, 2591840.346, 102
Trd, 2591840.763, 101
Trd, 2591841.246, 97
Trd, 2591842.613, 101
Trd, 2591843.113, 91
Trd, 2591844.029, 91
Trd, 2591845.063, 108
Trd, 2591845.329, 85
Trd, 2591845.529, 83
Trd, 2591845.796, 110
Trd, 2591848.996, 89
Trd, 2591849.413, 106
Trd, 2591849.446, 98
Trd, 2591850.096, 96
Trd, 2591850.863, 99
Trd, 2591851.296, 99
Trd, 2591851.429, 112
Trd, 2591852.163, 102
Trd, 2591852.346, 102
Trd, 2591853.213, 103
Trd, 2591854.029, 108
Trd, 2591854.079, 108
Trd, 2591855.063, 112
Trd, 2591855.413, 111
Trd, 2591855.696, 111
Trd, 2591856.196, 102
Trd, 2591856.513, 107
Trd, 2591856.646, 100
Trd, 2591858.079, 91
Trd, 2591859.396, 98
Trd, 2591859.913, 94
Trd, 2591861.213, 96
Trd, 2591861.779, 96
Trd, 2591861.913, 112
Trd, 2591861.946, 115
Trd, 2591862.863, 120
Trd, 2591863.179, 97
Trd, 2591864.446, 94
Trd, 2591865.429, 114
Trd, 2591865.696, 112
Trd, 2591866.013, 98
Trd, 2591866.713, 97
Trd, 2591867.096, 101
Trd, 2591867.863, 91
Trd, 2591868.496, 124
Trd, 2591868.929, 86
Trd, 2591869.846, 98
Trd, 2591871.296, 123
Trd, 2591872.446, 101
Trd, 2591872.913, 100
Trd, 2591874.146, 99
Trd, 2591875.229, 102
Trd, 2591875.796, 100
Trd, 2591876.079, 108
Trd, 2591876.829, 109
Trd, 2591878.429, 100
Trd, 2591878.913, 100
Trd, 2591879.179, 100
Trd, 2591880.646, 107
Trd, 2591880.863, 107
Trd, 2591881.313, 102
Trd, 2591882.129, 107
Trd, 2591882.163, 112
Trd, 2591883.629, 105
Trd, 2591884.013, 106
Trd, 2591884.946, 100
Trd, 2591885.029, 99
Trd, 2591885.296, 98
Trd, 2591886.263, 111
Trd, 2591886.413, 96
Trd, 2591887.629, 91
Trd, 2591889.363, 96
Trd, 2591889.613, 109
Trd, 2591890.479, 107
Trd, 2591890.946, 112
Trd, 2591891.679, 108
Trd, 2591891.729, 107
Trd, 2591893.129, 107
Trd, 2591894.413, 102
Trd, 2591895.129, 102
Trd, 2591896.146, 98
Trd, 2591896.579, 90
Trd, 2591897.013, 100
Trd, 2591897.063, 110
Trd, 2591898.813, 108
Trd, 2591899.029, 103
Trd, 2591899.413, 100
Trd, 2591899.846, 115
Trd, 2591899.896, 99
Trd, 2591901.479, 98
Trd, 2591901.529, 91
Trd, 2591901.663, 121
Trd, 2591902.346, 91
Trd, 2591903.596, 119
Trd, 2591903.663, 111
Trd, 2591903.763, 110
Trd, 2591905.146, 109
Trd, 2591905.396, 108
Trd, 2591906.379, 111
Trd, 2591906.796, 112
Trd, 2591907.013, 114
Trd, 2591908.129, 104
Trd, 2591908.179, 103
Trd, 2591908.263, 108
Trd, 2591908.963, 103
Trd, 2591909.196, 114
Trd, 2591909.846, 103
Trd, 2591911.746, 100
Trd, 2591911.929, 100
Trd, 2591912.229, 99
Trd, 2591913.179, 116
Trd, 2591913.779, 101
Trd, 2591914.046, 100
Trd, 2591914.546, 115
Trd, 2591914.963, 99
Trd, 2591915.379, 98
Trd, 2591916.979, 94
Trd, 2591917.063, 91
Trd, 2591917.829, 93
Trd, 2591918.579, 108
Trd, 2591920.146, 110
Trd, 2591920.246, 102
Trd, 2591920.946, 103
Trd, 2591921.179, 102
Trd, 2591921.279, 99
Trd, 2591922.446, 108
Trd, 2591922.679, 112
Trd, 2591923.763, 110
Trd, 2591923.896, 98
Trd, 2591924.596, 101
Trd, 2591924.996, 90
Trd, 2591926.096, 111
Trd, 2591927.596, 105
Trd, 2591928.829, 98
Trd, 2591929.246, 99
Trd, 2591929.729, 100
Trd, 2591930.613, 105
Trd, 2591931.246, 112
Trd, 2591931.296, 111
Trd, 2591931.379, 100
Trd, 2591931.529, 99
Trd, 2591932.579, 99
Trd, 2591932.863, 98
Trd, 2591933.696, 90
Trd, 2591933.729, 113
Trd, 2591934.329, 115
Trd, 2591934.913, 84
Trd, 2591935.813, 91
Trd, 2591937.679, 92
Trd, 2591937.996, 103
Trd, 2591939.013, 94
Trd, 2591939.813, 95
Trd, 2591940.663, 105
Trd, 2591941.396, 94
Trd, 2591942.496, 103
Trd, 2591943.313, 103
Trd, 2591943.813, 102
Trd, 2591943.846, 101
Trd, 2591944.996, 95
Trd, 2591946.529, 96
Trd, 2591947.579, 100
Trd, 2591947.596, 102
Trd, 2591948.546, 114
Trd, 2591949.479, 114
Trd, 2591950.379, 107
Trd, 2591950.646, 115
Trd, 2591951.129, 103
Trd, 2591951.746, 99
Trd, 2591951.929, 100
Trd, 2591952.079, 99
Trd, 2591952.913, 108
Trd, 2591953.646, 98
Trd, 2591953.979, 91
Trd, 2591954.629, 110
Trd, 2591956.096, 100
Trd, 2591957.929, 101
Trd, 2591958.779, 104
Trd, 2591959.596, 104
Trd, 2591959.863, 103
Trd, 2591959.946, 101
Trd, 2591961.029, 100
Trd, 2591961.229, 90
Trd, 2591961.513, 103
Trd, 2591962.729, 98
Trd, 2591962.929, 88
Trd, 2591964.329, 99
Trd, 2591965.263, 101
Trd, 2591965.429, 99
Trd, 2591965.696, 112
Trd, 2591965.879, 116
Trd, 2591966.779, 117
Trd, 2591966.996, 99
Trd, 2591967.579, 101
Trd, 2591969.063, 118
Trd, 2591969.279, 123
Trd, 2591969.946, 123
Trd, 2591970.879, 118
Trd, 2591970.996, 115
Trd, 2591971.096, 114
Trd, 2591971.146, 99
Trd, 2591972.113, 121
Trd, 2591972.129, 98
Trd, 2591973.396, 91
Trd, 2591974.613, 97
Trd, 2591974.696, 96
Trd, 2591975.496, 118
Trd, 2591976.479, 99
Trd, 2591977.263, 98
Trd, 2591977.679, 90
Trd, 2591977.763, 84
Trd, 2591979.813, 92
Trd, 2591979.963, 93
Trd, 2591980.396, 100
Trd, 2591982.146, 96
Trd, 2591982.246, 112
Trd, 2591982.363, 94
Trd, 2591982.729, 114
Trd, 2591983.163, 115
Trd, 2591983.663, 101
Trd, 2591984.813, 104
Trd, 2591984.846, 113
Trd, 2591985.479, 112
Trd, 2591985.529, 106
Trd, 2591985.629, 107
Trd, 2591985.779, 105
Trd, 2591986.046, 104
Trd, 2591986.479, 118
Trd, 2591987.029, 102
Trd, 2591987.513, 101
Trd, 2591987.929, 91
Trd, 2591988.913, 115
Trd, 2591990.113, 108
Trd, 2591990.729, 90
Trd, 2591991.229, 91
Trd, 2591991.763, 111
Trd, 2591992.363, 97
Trd, 2591994.996, 104
Trd, 2591995.763, 97
Trd, 2591995.796, 96
Trd, 2591996.046, 94
Trd, 2591996.713, 103
Trd, 2591997.513, 95
Trd, 2591998.163, 93
Trd, 2591998.679, 93
Trd, 2591998.846, 93
Trd, 2591999.046, 96
Trd, 2591999.379, 97
