Trd, 2590651.379, 99
Trd, 2590651.896, 100
Trd, 2590652.529, 101
Trd, 2590653.763, 107
Trd, 2590655.296, 108
Trd, 2590656.613, 108
Trd, 2590657.079, 104
Trd, 2590657.646, 101
Trd, 2590658.463, 89
Trd, 2590658.729, 112
Trd, 2590659.046, 81
Trd, 2590660.463, 108
Trd, 2590660.946, 102
Trd, 2590661.429, 107
Trd, 2590662.846, 97
Trd, 2590663.346, 109
Trd, 2590663.513, 112
Trd, 2590663.746, 96
Trd, 2590665.879, 114
Trd, 2590666.579, 102
Trd, 2590668.129, 101
Trd, 2590668.813, 111
Trd, 2590668.996, 101
Trd, 2590669.929, 104
Trd, 2590670.113, 105
Trd, 2590670.229, 103
Trd, 2590670.379, 112
Trd, 2590671.229, 112
Trd, 2590671.446, 113
Trd, 2590671.596, 115
Trd, 2590672.363, 118
Trd, 2590674.513, 96
Trd, 2590676.363, 122
Trd, 2590676.513, 96
Trd, 2590677.163, 100
Trd, 2590677.846, 105
Trd, 2590678.346, 102
Trd, 2590679.213, 105
Trd, 2590682.079, 103
Trd, 2590683.013, 103
Trd, 2590683.229, 102
Trd, 2590683.896, 100
Trd, 2590683.996, 102
Trd, 2590684.613, 108
Trd, 2590685.729, 98
Trd, 2590685.913, 96
Trd, 2590686.313, 94
Trd, 2590686.596, 105
Trd, 2590687.179, 102
Trd, 2590688.796, 101
Trd, 2590689.196, 99
Trd, 2590690.196, 106
Trd, 2590690.429, 93
Trd, 2590691.163, 94
Trd, 2590691.246, 112
Trd, 2590691.579, 113
Trd, 2590691.796, 112
Trd, 2590692.446, 113
Trd, 2590694.829, 112
Trd, 2590695.513, 111
Trd, 2590695.896, 85
Trd, 2590697.179, 84
Trd, 2590697.596, 96
Trd, 2590698.546, 101
Trd, 2590699.079, 99
Trd, 2590700.363, 90
Trd, 2590701.363, 104
Trd, 2590702.063, 106
Trd, 2590702.829, 106
Trd, 2590704.629, 106
Trd, 2590705.213, 101
Trd, 2590705.546, 91
Trd, 2590706.063, 109
Trd, 2590706.163, 112
Trd, 2590706.379, 97
Trd, 2590707.696, 99
Trd, 2590709.096, 108
Trd, 2590709.213, 94
Trd, 2590709.313, 109
Trd, 2590709.546, 90
Trd, 2590710.146, 108
Trd, 2590710.813, 121
Trd, 2590711.979, 105
Trd, 2590712.396, 101
Trd, 2590713.113, 125
Trd, 2590713.279, 92
Trd, 2590714.146, 104
Trd, 2590714.296, 105
Trd, 2590714.563, 93
Trd, 2590716.313, 112
Trd, 2590717.096, 94
Trd, 2590717.163, 94
Trd, 2590717.579, 115
Trd, 2590717.913, 87
Trd, 2590719.529, 111
Trd, 2590720.479, 111
Trd, 2590720.696, 110
Trd, 2590721.946, 123
Trd, 2590722.879, 114
Trd, 2590725.163, 102
Trd, 2590725.496, 102
Trd, 2590725.579, 101
Trd, 2590725.813, 112
Trd, 2590726.213, 115
Trd, 2590726.996, 89
Trd, 2590727.079, 87
Trd, 2590727.396, 92
Trd, 2590727.479, 101
Trd, 2590728.796, 94
Trd, 2590729.479, 86
Trd, 2590729.513, 106
Trd, 2590730.579, 88
Trd, 2590732.229, 90
Trd, 2590733.313, 88
Trd, 2590733.396, 92
Trd, 2590734.463, 105
Trd, 2590734.579, 101
Trd, 2590735.163, 88
Trd, 2590736.146, 104
Trd, 2590736.679, 107
Trd, 2590736.979, 102
Trd, 2590738.546, 91
Trd, 2590738.979, 92
Trd, 2590739.213, 94
Trd, 2590739.596, 105
Trd, 2590741.613, 100
Trd, 2590742.013, 102
Trd, 2590742.529, 107
Trd, 2590742.763, 112
Trd, 2590743.763, 101
Trd, 2590744.796, 95
Trd, 2590746.163, 106
Trd, 2590746.379, 115
Trd, 2590746.496, 101
Trd, 2590747.046, 104
Trd, 2590748.613, 105
Trd, 2590749.129, 103
Trd, 2590749.679, 101
Trd, 2590750.313, 96
Trd, 2590750.513, 109
Trd, 2590750.746, 113
Trd, 2590751.813, 101
Trd, 2590751.996, 96
Trd, 2590752.079, 94
Trd, 2590753.063, 105
Trd, 2590754.329, 105
Trd, 2590754.863, 91
Trd, 2590755.046, 105
Trd, 2590755.713, 90
Trd, 2590756.813, 99
Trd, 2590757.096, 99
Trd, 2590757.996, 106
Trd, 2590758.229, 115
Trd, 2590758.546, 129
Trd, 2590760.146, 126
Trd, 2590760.529, 115
Trd, 2590760.679, 111
Trd, 2590760.879, 112
Trd, 2590761.079, 100
Trd, 2590761.479, 128
Trd, 2590761.963, 111
Trd, 2590762.346, 125
Trd, 2590763.163, 101
Trd, 2590764.679, 111
Trd, 2590765.129, 95
Trd, 2590767.663, 115
Trd, 2590768.496, 115
Trd, 2590770.013, 118
Trd, 2590770.313, 115
Trd, 2590770.346, 115
Trd, 2590771.179, 125
Trd, 2590774.179, 113
Trd, 2590774.813, 113
Trd, 2590775.846, 115
Trd, 2590776.463, 116
Trd, 2590776.879, 112
Trd, 2590777.813, 116
Trd, 2590777.829, 115
Trd, 2590778.696, 125
Trd, 2590779.263, 103
Trd, 2590779.929, 126
Trd, 2590780.146, 94
Trd, 2590780.163, 89
Trd, 2590780.663, 87
Trd, 2590782.446, 103
Trd, 2590782.629, 104
Trd, 2590783.646, 123
Trd, 2590787.196, 120
Trd, 2590787.229, 114
Trd, 2590787.813, 112
Trd, 2590787.996, 101
Trd, 2590788.613, 107
Trd, 2590789.213, 98
Trd, 2590789.329, 104
Trd, 2590789.696, 102
Trd, 2590790.429, 96
Trd, 2590790.929, 94
Trd, 2590791.179, 87
Trd, 2590791.863, 87
Trd, 2590793.213, 95
Trd, 2590794.196, 101
Trd, 2590795.396, 92
Trd, 2590796.396, 93
Trd, 2590796.779, 101
Trd, 2590796.963, 105
Trd, 2590797.113, 109
Trd, 2590797.596, 111
Trd, 2590797.696, 94
Trd, 2590798.279, 111
Trd, 2590800.279, 104
Trd, 2590800.529, 95
Trd, 2590800.713, 104
Trd, 2590801.496, 102
Trd, 2590801.746, 103
Trd, 2590801.879, 109
Trd, 2590801.929, 90
Trd, 2590802.929, 90
Trd, 2590803.329, 90
Trd, 2590804.429, 111
Trd, 2590805.363, 99
Trd, 2590807.196, 105
Trd, 2590807.529, 105
Trd, 2590807.546, 103
Trd, 2590809.029, 103
Trd, 2590809.363, 98
Trd, 2590810.146, 101
Trd, 2590811.063, 98
Trd, 2590811.929, 101
Trd, 2590811.979, 100
Trd, 2590812.329, 102
Trd, 2590813.729, 111
Trd, 2590813.996, 100
Trd, 2590815.213, 99
Trd, 2590815.396, 110
Trd, 2590816.063, 91
Trd, 2590816.113, 112
Trd, 2590816.279, 87
Trd, 2590819.446, 98
Trd, 2590819.879, 103
Trd, 2590820.429, 101
Trd, 2590820.863, 102
Trd, 2590820.913, 107
Trd, 2590822.529, 115
Trd, 2590822.729, 126
Trd, 2590822.913, 116
Trd, 2590823.679, 115
Trd, 2590824.263, 115
Trd, 2590825.496, 117
Trd, 2590825.913, 119
Trd, 2590825.946, 116
Trd, 2590826.629, 120
Trd, 2590828.729, 112
Trd, 2590829.679, 98
Trd, 2590829.779, 95
Trd, 2590830.713, 110
Trd, 2590831.946, 109
Trd, 2590832.546, 105
Trd, 2590832.796, 101
Trd, 2590833.096, 94
Trd, 2590833.596, 94
Trd, 2590834.663, 111
Trd, 2590836.063, 101
Trd, 2590837.679, 107
Trd, 2590837.963, 107
Trd, 2590838.563, 110
Trd, 2590838.596, 104
Trd, 2590838.996, 112
Trd, 2590840.363, 97
Trd, 2590840.463, 95
Trd, 2590841.529, 106
Trd, 2590842.296, 101
Trd, 2590842.979, 96
Trd, 2590844.579, 98
Trd, 2590845.763, 99
Trd, 2590845.846, 112
Trd, 2590846.079, 112
Trd, 2590846.179, 114
Trd, 2590846.729, 115
Trd, 2590846.946, 107
Trd, 2590847.479, 106
Trd, 2590848.513, 106
Trd, 2590850.263, 94
Trd, 2590850.746, 112
Trd, 2590850.913, 91
Trd, 2590851.163, 111
Trd, 2590851.463, 90
Trd, 2590851.896, 112
Trd, 2590852.579, 115
Trd, 2590853.863, 87
Trd, 2590853.963, 109
Trd, 2590856.413, 93
Trd, 2590857.363, 95
Trd, 2590857.546, 106
Trd, 2590857.779, 94
Trd, 2590858.063, 94
Trd, 2590858.996, 110
Trd, 2590859.579, 112
Trd, 2590860.779, 111
Trd, 2590861.429, 113
Trd, 2590861.863, 115
Trd, 2590862.279, 106
Trd, 2590863.146, 108
Trd, 2590863.429, 106
Trd, 2590863.446, 122
Trd, 2590863.729, 101
Trd, 2590863.846, 132
Trd, 2590865.279, 115
Trd, 2590867.313, 119
Trd, 2590867.646, 118
Trd, 2590869.346, 100
Trd, 2590869.896, 96
Trd, 2590870.179, 109
Trd, 2590870.279, 110
Trd, 2590870.763, 94
Trd, 2590870.863, 115
Trd, 2590871.946, 93
Trd, 2590876.063, 108
Trd, 2590876.129, 107
Trd, 2590876.429, 100
Trd, 2590876.546, 104
Trd, 2590877.079, 99
Trd, 2590877.363, 111
Trd, 2590877.829, 111
Trd, 2590878.429, 98
Trd, 2590879.663, 107
Trd, 2590880.129, 94
Trd, 2590880.363, 100
Trd, 2590881.113, 93
Trd, 2590881.579, 91
Trd, 2590881.746, 105
Trd, 2590882.196, 91
Trd, 2590882.279, 110
Trd, 2590884.479, 111
Trd, 2590884.513, 112
Trd, 2590885.296, 107
Trd, 2590887.729, 109
Trd, 2590888.679, 109
Trd, 2590889.013, 108
Trd, 2590889.096, 110
Trd, 2590889.446, 100
Trd, 2590890.129, 107
Trd, 2590890.796, 97
Trd, 2590891.213, 94
Trd, 2590891.463, 109
Trd, 2590891.696, 112
Trd, 2590892.263, 97
Trd, 2590892.363, 115
Trd, 2590893.546, 87
Trd, 2590893.996, 90
Trd, 2590894.596, 75
Trd, 2590895.446, 122
Trd, 2590895.763, 112
Trd, 2590896.663, 105
Trd, 2590896.796, 104
Trd, 2590897.063, 105
Trd, 2590898.063, 104
Trd, 2590900.563, 106
Trd, 2590900.979, 106
Trd, 2590901.046, 101
Trd, 2590901.779, 95
Trd, 2590903.246, 104
Trd, 2590904.679, 95
Trd, 2590905.046, 94
Trd, 2590905.629, 124
Trd, 2590905.913, 124
Trd, 2590906.213, 104
Trd, 2590907.563, 94
Trd, 2590907.829, 107
Trd, 2590908.846, 107
Trd, 2590910.096, 107
Trd, 2590910.596, 114
Trd, 2590911.563, 115
Trd, 2590911.746, 115
Trd, 2590912.363, 114
Trd, 2590912.396, 102
Trd, 2590913.363, 101
Trd, 2590913.446, 109
Trd, 2590913.829, 112
Trd, 2590914.396, 101
Trd, 2590915.896, 92
Trd, 2590915.979, 112
Trd, 2590918.579, 113
Trd, 2590919.079, 106
Trd, 2590919.663, 107
Trd, 2590919.696, 106
Trd, 2590919.763, 97
Trd, 2590920.779, 114
Trd, 2590922.596, 105
Trd, 2590923.579, 115
Trd, 2590924.513, 110
Trd, 2590925.463, 112
Trd, 2590926.396, 115
Trd, 2590927.246, 101
Trd, 2590928.063, 125
Trd, 2590928.263, 98
Trd, 2590929.346, 124
Trd, 2590930.179, 114
Trd, 2590930.596, 111
Trd, 2590931.346, 103
Trd, 2590931.563, 98
Trd, 2590932.379, 98
Trd, 2590933.029, 99
Trd, 2590933.279, 97
Trd, 2590935.063, 106
Trd, 2590935.346, 94
Trd, 2590936.713, 95
Trd, 2590936.963, 90
Trd, 2590937.029, 110
Trd, 2590937.846, 101
Trd, 2590938.413, 110
Trd, 2590939.246, 111
Trd, 2590940.196, 91
Trd, 2590940.763, 88
Trd, 2590941.379, 101
Trd, 2590941.429, 108
Trd, 2590942.979, 84
Trd, 2590944.029, 91
Trd, 2590944.096, 94
Trd, 2590944.113, 107
Trd, 2590944.396, 85
Trd, 2590944.663, 112
Trd, 2590945.146, 115
Trd, 2590947.063, 112
Trd, 2590949.096, 113
Trd, 2590949.879, 113
Trd, 2590950.379, 112
Trd, 2590950.713, 94
Trd, 2590952.429, 117
Trd, 2590953.696, 113
Trd, 2590953.946, 114
Trd, 2590954.846, 113
Trd, 2590955.313, 91
Trd, 2590956.579, 88
Trd, 2590956.663, 89
Trd, 2590957.213, 101
Trd, 2590957.529, 115
Trd, 2590957.679, 94
Trd, 2590957.813, 125
Trd, 2590958.879, 100
Trd, 2590960.713, 106
Trd, 2590961.113, 104
Trd, 2590961.779, 100
Trd, 2590961.929, 98
Trd, 2590962.229, 94
Trd, 2590963.079, 107
Trd, 2590964.146, 105
Trd, 2590964.313, 107
Trd, 2590966.279, 101
Trd, 2590966.496, 106
Trd, 2590966.863, 107
Trd, 2590968.263, 95
Trd, 2590970.279, 101
Trd, 2590970.479, 108
Trd, 2590970.513, 112
Trd, 2590970.563, 95
Trd, 2590972.379, 124
Trd, 2590972.846, 91
Trd, 2590973.829, 92
Trd, 2590973.863, 95
Trd, 2590974.263, 93
Trd, 2590976.229, 106
Trd, 2590977.129, 93
Trd, 2590977.196, 95
Trd, 2590977.563, 106
Trd, 2590978.646, 105
Trd, 2590978.979, 102
Trd, 2590979.529, 102
Trd, 2590981.413, 105
Trd, 2590982.129, 102
Trd, 2590983.113, 103
Trd, 2590983.263, 101
Trd, 2590983.496, 99
Trd, 2590984.213, 105
Trd, 2590984.229, 106
Trd, 2590986.029, 108
Trd, 2590986.246, 106
Trd, 2590986.879, 112
Trd, 2590987.729, 108
Trd, 2590988.379, 109
Trd, 2590989.263, 112
Trd, 2590989.279, 115
Trd, 2590989.313, 111
Trd, 2590989.413, 106
Trd, 2590989.613, 100
Trd, 2590990.029, 94
Trd, 2590990.879, 91
Trd, 2590991.346, 102
Trd, 2590992.313, 105
Trd, 2590992.363, 88
Trd, 2590992.913, 87
Trd, 2590993.063, 114
Trd, 2590993.613, 103
Trd, 2590994.813, 111
Trd, 2590996.729, 96
Trd, 2590998.296, 95
Trd, 2590998.513, 109
Trd, 2590998.713, 110
Trd, 2590999.279, 109
Trd, 2591000.463, 97
Trd, 2591001.779, 94
Trd, 2591001.896, 106
Trd, 2591002.696, 106
Trd, 2591003.079, 103
Trd, 2591003.613, 110
Trd, 2591004.913, 102
Trd, 2591005.896, 105
Trd, 2591006.179, 108
Trd, 2591006.963, 104
Trd, 2591007.163, 107
Trd, 2591008.029, 103
Trd, 2591008.113, 101
Trd, 2591009.396, 101
Trd, 2591010.346, 107
Trd, 2591011.046, 107
Trd, 2591011.663, 107
Trd, 2591011.713, 105
Trd, 2591013.396, 117
Trd, 2591013.546, 104
Trd, 2591013.746, 94
Trd, 2591014.229, 105
Trd, 2591014.529, 108
Trd, 2591016.829, 108
Trd, 2591017.029, 104
Trd, 2591017.579, 109
Trd, 2591018.246, 102
Trd, 2591019.079, 105
Trd, 2591019.313, 106
Trd, 2591019.429, 102
Trd, 2591020.579, 106
Trd, 2591021.063, 112
Trd, 2591022.013, 108
Trd, 2591022.713, 108
Trd, 2591023.679, 99
Trd, 2591024.646, 109
Trd, 2591025.463, 89
Trd, 2591025.979, 122
Trd, 2591027.029, 94
Trd, 2591027.563, 92
Trd, 2591027.596, 95
Trd, 2591029.663, 94
Trd, 2591029.796, 99
Trd, 2591029.913, 91
Trd, 2591030.863, 91
Trd, 2591030.896, 100
Trd, 2591031.729, 105
Trd, 2591033.079, 111
Trd, 2591034.496, 112
Trd, 2591034.763, 105
Trd, 2591034.813, 99
Trd, 2591035.313, 108
Trd, 2591038.713, 115
Trd, 2591039.263, 124
Trd, 2591039.463, 111
Trd, 2591039.763, 110
Trd, 2591039.963, 109
Trd, 2591041.063, 123
Trd, 2591041.079, 128
Trd, 2591041.363, 112
Trd, 2591041.513, 127
Trd, 2591041.596, 94
Trd, 2591044.863, 102
Trd, 2591046.079, 101
Trd, 2591046.463, 102
Trd, 2591048.129, 101
Trd, 2591048.496, 95
Trd, 2591049.313, 101
Trd, 2591049.363, 93
Trd, 2591050.796, 106
Trd, 2591051.046, 97
Trd, 2591051.079, 90
Trd, 2591052.246, 110
Trd, 2591052.546, 108
Trd, 2591052.746, 110
Trd, 2591054.229, 94
Trd, 2591054.279, 91
Trd, 2591054.829, 100
Trd, 2591056.796, 101
Trd, 2591057.463, 98
Trd, 2591058.329, 105
Trd, 2591059.279, 105
Trd, 2591060.196, 102
Trd, 2591061.229, 102
Trd, 2591061.913, 103
Trd, 2591062.329, 94
Trd, 2591063.413, 91
Trd, 2591064.446, 94
Trd, 2591064.546, 112
Trd, 2591066.213, 108
Trd, 2591066.963, 97
Trd, 2591067.129, 96
Trd, 2591069.046, 107
Trd, 2591069.729, 105
Trd, 2591070.096, 103
Trd, 2591070.863, 101
Trd, 2591070.996, 102
Trd, 2591071.846, 114
Trd, 2591072.829, 104
Trd, 2591074.696, 105
Trd, 2591075.163, 113
Trd, 2591076.213, 103
Trd, 2591076.463, 101
Trd, 2591077.129, 107
Trd, 2591077.146, 94
Trd, 2591077.829, 92
Trd, 2591078.829, 101
Trd, 2591079.096, 95
Trd, 2591079.113, 102
Trd, 2591079.463, 101
Trd, 2591079.879, 102
Trd, 2591080.513, 99
Trd, 2591081.363, 108
Trd, 2591082.063, 96
Trd, 2591082.313, 90
Trd, 2591083.263, 107
Trd, 2591084.063, 107
Trd, 2591084.379, 104
Trd, 2591085.729, 83
Trd, 2591086.163, 99
Trd, 2591087.546, 100
Trd, 2591088.863, 101
Trd, 2591089.279, 106
Trd, 2591089.346, 108
Trd, 2591089.529, 115
Trd, 2591091.196, 107
Trd, 2591091.279, 101
Trd, 2591093.329, 102
Trd, 2591093.646, 101
Trd, 2591093.913, 106
Trd, 2591094.763, 107
Trd, 2591096.329, 94
Trd, 2591096.929, 103
Trd, 2591097.479, 104
Trd, 2591097.646, 99
Trd, 2591098.246, 105
Trd, 2591098.346, 102
Trd, 2591098.646, 108
Trd, 2591098.946, 97
Trd, 2591098.963, 87
Trd, 2591100.129, 93
Trd, 2591101.746, 97
Trd, 2591102.046, 111
Trd, 2591102.463, 112
Trd, 2591102.929, 96
Trd, 2591104.179, 108
Trd, 2591104.513, 100
Trd, 2591104.796, 111
Trd, 2591107.596, 103
Trd, 2591108.463, 111
Trd, 2591109.713, 106
Trd, 2591110.279, 102
Trd, 2591110.613, 108
Trd, 2591111.163, 109
Trd, 2591111.196, 102
Trd, 2591112.279, 112
Trd, 2591112.346, 115
Trd, 2591112.796, 121
Trd, 2591113.946, 107
Trd, 2591115.179, 104
Trd, 2591115.546, 100
Trd, 2591116.246, 102
Trd, 2591117.663, 100
Trd, 2591118.446, 101
Trd, 2591118.879, 94
Trd, 2591119.063, 108
Trd, 2591119.296, 97
Trd, 2591119.546, 92
Trd, 2591119.746, 112
Trd, 2591121.413, 110
Trd, 2591122.013, 93
Trd, 2591122.146, 110
Trd, 2591123.346, 112
Trd, 2591125.496, 105
Trd, 2591125.813, 106
Trd, 2591126.463, 106
Trd, 2591126.896, 108
Trd, 2591127.446, 107
Trd, 2591127.479, 101
Trd, 2591127.763, 101
Trd, 2591128.246, 89
Trd, 2591129.913, 115
Trd, 2591130.479, 112
Trd, 2591130.963, 112
Trd, 2591134.729, 98
Trd, 2591135.246, 99
Trd, 2591135.929, 98
Trd, 2591135.963, 97
Trd, 2591137.379, 91
Trd, 2591138.113, 92
Trd, 2591138.429, 94
Trd, 2591138.963, 101
Trd, 2591139.329, 106
Trd, 2591139.596, 87
Trd, 2591140.029, 105
Trd, 2591140.113, 112
Trd, 2591141.079, 113
Trd, 2591141.963, 115
Trd, 2591142.963, 94
Trd, 2591143.013, 112
Trd, 2591143.163, 125
Trd, 2591144.029, 95
Trd, 2591144.763, 114
Trd, 2591146.113, 108
Trd, 2591147.813, 109
Trd, 2591149.063, 110
Trd, 2591149.713, 110
Trd, 2591149.729, 109
Trd, 2591150.563, 109
Trd, 2591150.746, 101
Trd, 2591150.929, 95
Trd, 2591152.663, 92
Trd, 2591153.346, 91
Trd, 2591153.413, 111
Trd, 2591154.979, 101
Trd, 2591156.163, 107
Trd, 2591156.546, 108
Trd, 2591157.446, 108
Trd, 2591158.696, 107
Trd, 2591159.979, 95
Trd, 2591160.196, 94
Trd, 2591160.329, 87
Trd, 2591160.479, 93
Trd, 2591160.746, 105
Trd, 2591161.013, 104
Trd, 2591161.079, 106
Trd, 2591161.879, 107
Trd, 2591162.179, 107
Trd, 2591163.363, 107
Trd, 2591163.779, 91
Trd, 2591164.129, 115
Trd, 2591164.329, 125
Trd, 2591164.429, 87
Trd, 2591165.846, 124
Trd, 2591167.163, 101
Trd, 2591167.479, 87
Trd, 2591168.796, 110
Trd, 2591169.696, 111
Trd, 2591170.213, 111
Trd, 2591170.429, 105
Trd, 2591171.746, 108
Trd, 2591172.046, 106
Trd, 2591172.529, 88
Trd, 2591173.946, 107
Trd, 2591174.229, 110
Trd, 2591174.613, 111
Trd, 2591175.179, 94
Trd, 2591175.913, 83
Trd, 2591177.946, 90
Trd, 2591178.429, 89
Trd, 2591178.563, 101
Trd, 2591179.379, 108
Trd, 2591180.279, 108
Trd, 2591180.979, 104
Trd, 2591181.296, 112
Trd, 2591182.146, 101
Trd, 2591182.729, 113
Trd, 2591182.979, 107
Trd, 2591185.513, 111
Trd, 2591186.613, 112
Trd, 2591186.896, 111
Trd, 2591187.763, 109
Trd, 2591188.946, 101
Trd, 2591189.046, 107
Trd, 2591189.329, 106
Trd, 2591190.429, 104
Trd, 2591190.463, 108
Trd, 2591191.213, 95
Trd, 2591192.513, 101
Trd, 2591192.646, 101
Trd, 2591193.396, 94
Trd, 2591194.696, 106
Trd, 2591195.729, 112
Trd, 2591196.179, 115
Trd, 2591196.263, 111
Trd, 2591197.796, 115
Trd, 2591198.196, 114
Trd, 2591198.629, 112
Trd, 2591198.696, 105
Trd, 2591199.946, 94
Trd, 2591200.446, 89
Trd, 2591200.963, 103
Trd, 2591202.196, 96
Trd, 2591204.396, 78
Trd, 2591205.296, 99
Trd, 2591205.846, 101
Trd, 2591206.313, 103
Trd, 2591206.346, 102
Trd, 2591206.413, 87
Trd, 2591207.746, 105
Trd, 2591207.929, 108
Trd, 2591208.246, 115
Trd, 2591209.146, 99
Trd, 2591210.663, 101
Trd, 2591210.829, 109
Trd, 2591210.913, 99
Trd, 2591211.329, 108
Trd, 2591212.013, 102
Trd, 2591212.063, 105
Trd, 2591212.613, 112
Trd, 2591212.763, 103
Trd, 2591213.363, 101
Trd, 2591214.796, 88
Trd, 2591215.663, 113
Trd, 2591216.196, 113
Trd, 2591216.846, 110
Trd, 2591218.229, 109
Trd, 2591218.329, 110
Trd, 2591219.663, 91
Trd, 2591220.513, 106
Trd, 2591220.729, 105
Trd, 2591222.213, 100
Trd, 2591222.279, 105
Trd, 2591223.379, 108
Trd, 2591223.479, 111
Trd, 2591223.646, 94
Trd, 2591226.496, 95
Trd, 2591227.396, 99
Trd, 2591227.763, 94
Trd, 2591228.229, 94
Trd, 2591228.313, 89
Trd, 2591229.013, 99
Trd, 2591229.446, 100
Trd, 2591229.463, 101
Trd, 2591230.579, 107
Trd, 2591230.729, 111
Trd, 2591230.929, 112
Trd, 2591231.013, 102
Trd, 2591231.096, 101
Trd, 2591231.279, 85
Trd, 2591232.846, 108
Trd, 2591233.813, 100
Trd, 2591234.379, 106
Trd, 2591235.029, 107
Trd, 2591235.113, 112
Trd, 2591235.413, 114
Trd, 2591236.029, 98
Trd, 2591237.229, 96
Trd, 2591238.413, 91
Trd, 2591239.246, 106
Trd, 2591240.596, 103
Trd, 2591240.696, 101
Trd, 2591240.829, 107
Trd, 2591241.746, 111
Trd, 2591243.363, 103
Trd, 2591244.113, 105
Trd, 2591244.446, 105
Trd, 2591244.579, 104
Trd, 2591245.246, 112
Trd, 2591246.779, 114
Trd, 2591246.879, 115
Trd, 2591247.396, 107
Trd, 2591248.113, 115
Trd, 2591248.346, 98
Trd, 2591248.879, 94
Trd, 2591249.763, 104
Trd, 2591251.979, 111
Trd, 2591252.313, 100
Trd, 2591254.213, 104
Trd, 2591255.729, 104
Trd, 2591255.846, 101
Trd, 2591256.329, 99
Trd, 2591256.379, 107
Trd, 2591258.546, 100
Trd, 2591259.546, 106
Trd, 2591260.163, 102
Trd, 2591260.946, 102
Trd, 2591261.513, 104
Trd, 2591261.913, 99
Trd, 2591263.146, 103
Trd, 2591263.346, 94
Trd, 2591263.846, 90
Trd, 2591264.079, 105
Trd, 2591264.579, 105
Trd, 2591264.763, 83
Trd, 2591265.763, 81
Trd, 2591266.546, 85
Trd, 2591266.829, 95
Trd, 2591267.096, 96
Trd, 2591269.546, 111
Trd, 2591270.496, 89
Trd, 2591270.513, 110
Trd, 2591270.763, 112
Trd, 2591271.846, 109
Trd, 2591274.613, 108
Trd, 2591274.679, 107
Trd, 2591275.813, 105
Trd, 2591277.063, 105
Trd, 2591279.079, 107
Trd, 2591279.479, 105
Trd, 2591279.496, 106
Trd, 2591279.646, 108
Trd, 2591280.029, 109
Trd, 2591280.463, 112
Trd, 2591281.329, 109
Trd, 2591281.913, 101
Trd, 2591282.146, 112
Trd, 2591282.463, 115
Trd, 2591282.696, 95
Trd, 2591283.113, 94
Trd, 2591283.746, 106
Trd, 2591284.763, 94
Trd, 2591285.363, 116
Trd, 2591285.579, 121
Trd, 2591286.579, 115
Trd, 2591286.796, 131
Trd, 2591287.579, 114
Trd, 2591287.696, 125
Trd, 2591288.513, 109
Trd, 2591290.713, 101
Trd, 2591291.263, 101
Trd, 2591292.929, 99
Trd, 2591293.229, 102
Trd, 2591294.396, 102
Trd, 2591294.663, 101
Trd, 2591296.129, 98
Trd, 2591296.563, 102
Trd, 2591297.396, 98
Trd, 2591297.496, 94
Trd, 2591297.579, 112
Trd, 2591299.096, 99
Trd, 2591301.196, 101
Trd, 2591301.463, 102
Trd, 2591301.929, 98
Trd, 2591303.763, 99
Trd, 2591304.379, 104
Trd, 2591304.546, 100
Trd, 2591304.879, 98
Trd, 2591305.013, 95
Trd, 2591305.046, 104
Trd, 2591305.429, 112
Trd, 2591306.163, 111
Trd, 2591306.696, 113
Trd, 2591307.746, 110
Trd, 2591308.396, 110
Trd, 2591308.796, 127
Trd, 2591309.163, 115
Trd, 2591309.213, 114
Trd, 2591311.279, 94
Trd, 2591313.479, 101
Trd, 2591314.079, 108
Trd, 2591314.279, 109
Trd, 2591314.663, 112
Trd, 2591315.396, 113
Trd, 2591315.763, 96
Trd, 2591316.846, 100
Trd, 2591317.229, 91
Trd, 2591317.646, 109
Trd, 2591318.096, 89
Trd, 2591318.129, 87
Trd, 2591319.596, 103
Trd, 2591319.779, 85
Trd, 2591320.129, 105
Trd, 2591321.529, 104
Trd, 2591321.879, 108
Trd, 2591323.079, 112
Trd, 2591323.479, 108
Trd, 2591324.363, 110
Trd, 2591324.446, 109
Trd, 2591324.496, 111
Trd, 2591325.029, 99
Trd, 2591325.413, 87
Trd, 2591326.229, 108
Trd, 2591326.979, 84
Trd, 2591327.113, 109
Trd, 2591327.146, 112
Trd, 2591327.346, 97
Trd, 2591328.813, 92
Trd, 2591330.379, 114
Trd, 2591330.829, 93
Trd, 2591331.213, 91
Trd, 2591332.129, 107
Trd, 2591332.613, 90
Trd, 2591332.713, 89
Trd, 2591333.013, 116
Trd, 2591333.929, 105
Trd, 2591334.379, 106
Trd, 2591334.763, 107
Trd, 2591335.196, 105
Trd, 2591335.796, 87
Trd, 2591337.646, 95
Trd, 2591338.096, 87
Trd, 2591339.029, 116
Trd, 2591339.079, 111
Trd, 2591339.396, 115
Trd, 2591341.096, 107
Trd, 2591342.229, 106
Trd, 2591343.063, 105
Trd, 2591343.629, 105
Trd, 2591343.929, 101
Trd, 2591344.346, 95
Trd, 2591345.196, 94
Trd, 2591346.496, 106
Trd, 2591346.779, 106
Trd, 2591347.646, 108
Trd, 2591347.996, 109
Trd, 2591348.513, 102
Trd, 2591348.696, 101
Trd, 2591348.896, 99
Trd, 2591350.463, 109
Trd, 2591351.196, 94
Trd, 2591352.579, 93
Trd, 2591352.696, 107
Trd, 2591353.563, 91
Trd, 2591353.929, 108
Trd, 2591354.529, 112
Trd, 2591355.129, 107
Trd, 2591355.213, 101
Trd, 2591356.113, 86
Trd, 2591356.213, 87
Trd, 2591357.463, 91
Trd, 2591357.479, 84
Trd, 2591358.129, 101
Trd, 2591358.413, 91
Trd, 2591359.163, 111
Trd, 2591360.329, 108
Trd, 2591362.179, 106
Trd, 2591362.296, 108
Trd, 2591364.713, 112
Trd, 2591365.546, 104
Trd, 2591365.996, 103
Trd, 2591366.429, 105
Trd, 2591366.529, 106
Trd, 2591366.746, 101
Trd, 2591367.779, 114
Trd, 2591368.079, 113
Trd, 2591368.196, 112
Trd, 2591369.013, 106
Trd, 2591369.813, 105
Trd, 2591370.496, 100
Trd, 2591370.879, 94
Trd, 2591371.513, 101
Trd, 2591372.513, 90
Trd, 2591372.996, 99
Trd, 2591373.513, 101
Trd, 2591373.879, 109
Trd, 2591375.929, 108
Trd, 2591377.046, 107
Trd, 2591377.396, 107
Trd, 2591377.946, 104
Trd, 2591379.279, 99
Trd, 2591379.313, 104
Trd, 2591380.829, 96
Trd, 2591381.179, 94
Trd, 2591381.296, 102
Trd, 2591381.396, 108
Trd, 2591381.846, 111
Trd, 2591382.046, 96
Trd, 2591384.296, 107
Trd, 2591385.296, 104
Trd, 2591387.129, 99
Trd, 2591387.246, 97
Trd, 2591387.929, 94
Trd, 2591388.513, 106
Trd, 2591388.913, 97
Trd, 2591390.363, 95
Trd, 2591390.846, 104
Trd, 2591391.063, 103
Trd, 2591391.363, 102
Trd, 2591391.396, 104
Trd, 2591391.479, 101
Trd, 2591393.596, 105
Trd, 2591394.429, 112
Trd, 2591394.963, 96
Trd, 2591395.463, 94
Trd, 2591397.013, 103
Trd, 2591397.829, 91
Trd, 2591397.863, 104
Trd, 2591398.579, 101
Trd, 2591399.263, 101
Trd, 2591399.296, 101
Trd, 2591400.079, 109
Trd, 2591401.446, 108
Trd, 2591401.796, 89
Trd, 2591401.963, 112
Trd, 2591402.046, 115
Trd, 2591402.113, 90
Trd, 2591403.329, 98
Trd, 2591404.579, 107
Trd, 2591405.829, 90
Trd, 2591405.863, 87
Trd, 2591405.929, 105
Trd, 2591406.196, 107
Trd, 2591407.313, 84
Trd, 2591408.446, 82
Trd, 2591408.779, 84
Trd, 2591408.946, 89
Trd, 2591410.713, 98
Trd, 2591412.013, 96
Trd, 2591412.363, 99
Trd, 2591412.413, 101
Trd, 2591412.529, 106
Trd, 2591413.446, 103
Trd, 2591413.629, 110
Trd, 2591414.146, 112
Trd, 2591414.513, 103
Trd, 2591414.913, 106
Trd, 2591414.996, 101
Trd, 2591415.379, 108
Trd, 2591415.746, 95
Trd, 2591415.796, 109
Trd, 2591416.663, 112
Trd, 2591416.796, 94
Trd, 2591418.046, 84
Trd, 2591419.146, 95
Trd, 2591420.446, 99
Trd, 2591422.346, 104
Trd, 2591422.729, 105
Trd, 2591422.746, 108
Trd, 2591424.679, 104
Trd, 2591425.513, 105
Trd, 2591426.779, 102
Trd, 2591427.929, 97
Trd, 2591428.013, 91
Trd, 2591428.346, 107
Trd, 2591428.463, 94
Trd, 2591430.279, 105
Trd, 2591430.563, 108
Trd, 2591431.346, 103
Trd, 2591431.663, 101
Trd, 2591432.013, 100
Trd, 2591432.496, 111
Trd, 2591432.813, 100
Trd, 2591434.129, 104
Trd, 2591434.146, 109
Trd, 2591434.596, 112
Trd, 2591435.946, 105
Trd, 2591436.063, 115
Trd, 2591436.696, 105
Trd, 2591439.546, 108
Trd, 2591439.646, 101
Trd, 2591440.363, 118
Trd, 2591442.263, 104
Trd, 2591442.579, 103
Trd, 2591443.146, 107
Trd, 2591443.446, 108
Trd, 2591443.846, 94
Trd, 2591444.813, 100
Trd, 2591445.063, 101
Trd, 2591445.113, 107
Trd, 2591446.063, 108
Trd, 2591446.396, 92
Trd, 2591447.396, 102
Trd, 2591447.746, 101
Trd, 2591448.546, 112
Trd, 2591448.829, 112
Trd, 2591449.513, 114
Trd, 2591449.929, 112
Trd, 2591452.496, 112
Trd, 2591452.913, 111
Trd, 2591453.279, 94
Trd, 2591455.296, 93
Trd, 2591455.896, 96
Trd, 2591456.579, 101
Trd, 2591458.413, 104
Trd, 2591458.579, 96
Trd, 2591459.279, 102
Trd, 2591459.629, 96
Trd, 2591460.013, 102
Trd, 2591461.829, 107
Trd, 2591461.879, 104
Trd, 2591462.079, 96
Trd, 2591462.113, 94
Trd, 2591462.296, 89
Trd, 2591463.713, 108
Trd, 2591464.579, 96
Trd, 2591465.329, 107
Trd, 2591465.446, 97
Trd, 2591465.863, 89
Trd, 2591468.013, 92
Trd, 2591468.163, 103
Trd, 2591468.496, 110
Trd, 2591468.629, 112
Trd, 2591469.496, 103
Trd, 2591470.479, 105
Trd, 2591470.563, 104
Trd, 2591470.913, 104
Trd, 2591471.463, 102
Trd, 2591471.996, 110
Trd, 2591475.063, 110
Trd, 2591475.079, 116
Trd, 2591475.146, 109
Trd, 2591476.779, 106
Trd, 2591477.713, 110
Trd, 2591478.163, 106
Trd, 2591479.279, 94
Trd, 2591479.846, 92
Trd, 2591480.196, 110
Trd, 2591480.313, 101
Trd, 2591480.363, 111
Trd, 2591481.896, 111
Trd, 2591482.179, 99
Trd, 2591482.213, 88
Trd, 2591483.346, 87
Trd, 2591483.496, 79
Trd, 2591484.713, 107
Trd, 2591484.896, 101
Trd, 2591485.063, 108
Trd, 2591485.746, 111
Trd, 2591487.513, 100
Trd, 2591488.196, 112
Trd, 2591488.413, 113
Trd, 2591489.296, 115
Trd, 2591489.896, 85
Trd, 2591489.996, 87
Trd, 2591490.779, 95
Trd, 2591491.529, 106
Trd, 2591492.963, 95
Trd, 2591493.029, 112
Trd, 2591493.746, 99
Trd, 2591493.996, 114
Trd, 2591494.279, 114
Trd, 2591495.046, 102
Trd, 2591495.296, 105
Trd, 2591495.496, 109
Trd, 2591495.596, 94
Trd, 2591496.296, 96
Trd, 2591498.713, 106
Trd, 2591500.246, 100
Trd, 2591500.579, 110
Trd, 2591502.363, 100
Trd, 2591502.546, 111
Trd, 2591502.946, 108
Trd, 2591502.996, 94
Trd, 2591503.263, 102
Trd, 2591504.263, 96
Trd, 2591504.413, 112
Trd, 2591504.679, 115
Trd, 2591506.596, 118
Trd, 2591506.796, 94
Trd, 2591508.229, 106
Trd, 2591508.296, 116
Trd, 2591508.313, 91
Trd, 2591509.396, 101
Trd, 2591511.063, 99
Trd, 2591511.296, 100
Trd, 2591511.529, 87
Trd, 2591513.496, 95
Trd, 2591514.363, 101
Trd, 2591514.646, 105
Trd, 2591515.696, 101
Trd, 2591516.379, 100
Trd, 2591516.996, 95
Trd, 2591518.196, 106
Trd, 2591518.629, 105
Trd, 2591518.646, 112
Trd, 2591519.229, 114
Trd, 2591519.246, 95
Trd, 2591519.913, 94
Trd, 2591522.746, 113
Trd, 2591523.113, 105
Trd, 2591524.629, 106
Trd, 2591524.796, 104
Trd, 2591525.229, 104
Trd, 2591526.879, 103
Trd, 2591526.896, 108
Trd, 2591526.979, 102
Trd, 2591527.763, 110
Trd, 2591528.129, 112
Trd, 2591529.229, 103
Trd, 2591529.896, 101
Trd, 2591529.946, 94
Trd, 2591530.746, 101
Trd, 2591531.313, 100
Trd, 2591532.346, 101
Trd, 2591532.429, 102
Trd, 2591533.029, 97
Trd, 2591533.046, 92
Trd, 2591533.279, 91
Trd, 2591533.513, 114
Trd, 2591534.746, 115
Trd, 2591535.313, 114
Trd, 2591537.579, 86
Trd, 2591538.279, 86
Trd, 2591539.346, 83
Trd, 2591539.913, 95
Trd, 2591540.046, 95
Trd, 2591540.096, 101
Trd, 2591541.146, 103
Trd, 2591541.896, 110
Trd, 2591543.429, 107
Trd, 2591543.463, 107
Trd, 2591544.146, 107
Trd, 2591544.213, 106
Trd, 2591544.679, 108
Trd, 2591544.829, 101
Trd, 2591545.179, 112
Trd, 2591545.996, 94
Trd, 2591546.229, 100
Trd, 2591547.746, 94
Trd, 2591547.946, 112
Trd, 2591548.013, 92
Trd, 2591548.029, 115
Trd, 2591548.713, 95
Trd, 2591549.446, 100
Trd, 2591551.463, 107
Trd, 2591552.113, 107
Trd, 2591552.963, 109
Trd, 2591553.679, 102
Trd, 2591554.446, 112
Trd, 2591555.813, 108
Trd, 2591557.163, 103
Trd, 2591557.813, 106
Trd, 2591558.429, 106
Trd, 2591558.779, 105
Trd, 2591560.929, 101
Trd, 2591561.196, 110
Trd, 2591561.779, 94
Trd, 2591562.063, 100
Trd, 2591562.313, 101
Trd, 2591562.563, 112
Trd, 2591564.313, 96
Trd, 2591564.779, 108
Trd, 2591566.513, 100
Trd, 2591567.946, 98
Trd, 2591567.979, 97
Trd, 2591569.496, 89
Trd, 2591569.796, 93
Trd, 2591569.979, 94
Trd, 2591569.996, 101
Trd, 2591570.813, 109
Trd, 2591571.629, 108
Trd, 2591571.746, 112
Trd, 2591572.363, 109
Trd, 2591572.629, 94
Trd, 2591573.263, 86
Trd, 2591573.363, 112
Trd, 2591573.729, 87
Trd, 2591574.829, 113
Trd, 2591574.863, 111
Trd, 2591575.446, 89
Trd, 2591575.479, 115
Trd, 2591576.296, 105
Trd, 2591578.096, 102
Trd, 2591579.513, 101
Trd, 2591580.213, 96
Trd, 2591580.713, 103
Trd, 2591582.463, 108
Trd, 2591583.313, 108
Trd, 2591584.229, 107
Trd, 2591584.563, 95
Trd, 2591584.796, 108
Trd, 2591584.929, 112
Trd, 2591585.896, 111
Trd, 2591585.913, 108
Trd, 2591587.196, 103
Trd, 2591589.096, 107
Trd, 2591589.246, 106
Trd, 2591590.479, 104
Trd, 2591591.079, 100
Trd, 2591591.096, 105
Trd, 2591591.596, 102
Trd, 2591591.763, 112
Trd, 2591594.763, 94
Trd, 2591595.129, 96
Trd, 2591595.413, 97
Trd, 2591596.646, 112
Trd, 2591597.179, 115
Trd, 2591598.279, 100
Trd, 2591598.729, 93
Trd, 2591600.363, 87
Trd, 2591601.046, 89
Trd, 2591601.413, 99
Trd, 2591601.646, 88
Trd, 2591602.946, 91
Trd, 2591603.146, 92
Trd, 2591603.279, 94
Trd, 2591603.929, 87
Trd, 2591604.513, 88
Trd, 2591604.863, 89
Trd, 2591605.413, 95
Trd, 2591606.029, 101
Trd, 2591606.529, 92
Trd, 2591606.679, 91
Trd, 2591607.296, 100
Trd, 2591608.513, 88
Trd, 2591608.813, 94
Trd, 2591609.129, 106
Trd, 2591609.163, 87
Trd, 2591610.096, 106
Trd, 2591612.796, 110
Trd, 2591613.596, 107
Trd, 2591614.346, 106
Trd, 2591614.729, 102
Trd, 2591615.613, 105
Trd, 2591616.463, 104
Trd, 2591616.663, 103
Trd, 2591616.879, 105
Trd, 2591617.246, 99
Trd, 2591618.196, 90
Trd, 2591619.663, 87
Trd, 2591620.763, 81
Trd, 2591621.496, 96
Trd, 2591621.529, 97
Trd, 2591621.896, 112
Trd, 2591622.163, 114
Trd, 2591622.629, 111
Trd, 2591623.163, 101
Trd, 2591624.913, 102
Trd, 2591625.446, 99
Trd, 2591625.479, 99
Trd, 2591625.563, 104
Trd, 2591626.579, 107
Trd, 2591626.779, 95
Trd, 2591629.613, 94
Trd, 2591631.663, 111
Trd, 2591631.696, 109
Trd, 2591631.946, 107
Trd, 2591632.613, 109
Trd, 2591632.846, 112
Trd, 2591632.896, 115
Trd, 2591633.196, 105
Trd, 2591633.779, 101
Trd, 2591634.513, 91
Trd, 2591634.846, 110
Trd, 2591636.329, 126
Trd, 2591637.846, 122
Trd, 2591638.296, 125
Trd, 2591639.146, 114
Trd, 2591640.113, 112
Trd, 2591641.646, 105
Trd, 2591642.579, 106
Trd, 2591642.713, 101
Trd, 2591643.096, 106
Trd, 2591643.296, 107
Trd, 2591643.979, 95
Trd, 2591644.179, 108
Trd, 2591646.963, 110
Trd, 2591647.513, 99
Trd, 2591648.296, 103
Trd, 2591649.429, 110
Trd, 2591649.529, 104
Trd, 2591650.079, 94
Trd, 2591650.346, 107
Trd, 2591650.379, 112
Trd, 2591651.446, 112
Trd, 2591651.946, 100
Trd, 2591653.179, 101
Trd, 2591653.713, 100
Trd, 2591653.796, 92
Trd, 2591653.913, 103
Trd, 2591653.946, 115
Trd, 2591653.996, 91
Trd, 2591655.013, 125
Trd, 2591655.213, 114
Trd, 2591657.213, 94
Trd, 2591658.463, 92
Trd, 2591658.513, 87
Trd, 2591659.329, 94
Trd, 2591662.196, 92
Trd, 2591662.246, 98
Trd, 2591662.463, 99
Trd, 2591662.479, 101
Trd, 2591662.846, 93
Trd, 2591663.463, 110
Trd, 2591665.329, 104
Trd, 2591665.363, 108
Trd, 2591666.129, 112
Trd, 2591666.946, 109
Trd, 2591667.663, 108
Trd, 2591667.729, 101
Trd, 2591668.079, 90
Trd, 2591669.146, 112
Trd, 2591669.396, 89
Trd, 2591670.063, 114
Trd, 2591670.163, 115
Trd, 2591670.963, 113
Trd, 2591672.129, 114
Trd, 2591672.413, 113
Trd, 2591673.346, 112
Trd, 2591674.213, 109
Trd, 2591675.179, 96
Trd, 2591676.313, 104
Trd, 2591678.396, 97
Trd, 2591678.546, 101
Trd, 2591680.063, 103
Trd, 2591680.413, 106
Trd, 2591681.046, 112
Trd, 2591681.346, 101
Trd, 2591681.779, 102
Trd, 2591681.913, 101
Trd, 2591682.179, 103
Trd, 2591683.879, 102
Trd, 2591683.929, 109
Trd, 2591684.396, 100
Trd, 2591685.163, 112
Trd, 2591685.213, 94
Trd, 2591685.796, 108
Trd, 2591686.263, 91
Trd, 2591686.863, 87
Trd, 2591687.646, 111
Trd, 2591688.329, 112
Trd, 2591688.779, 100
Trd, 2591689.296, 107
Trd, 2591689.529, 102
Trd, 2591690.063, 103
Trd, 2591692.396, 104
Trd, 2591692.896, 105
Trd, 2591693.963, 105
Trd, 2591695.096, 106
Trd, 2591695.363, 109
Trd, 2591696.579, 110
Trd, 2591696.779, 107
Trd, 2591697.363, 106
Trd, 2591698.063, 100
Trd, 2591698.129, 107
Trd, 2591699.129, 109
Trd, 2591699.879, 96
Trd, 2591700.863, 104
Trd, 2591702.379, 109
Trd, 2591702.763, 98
Trd, 2591703.296, 94
Trd, 2591703.329, 90
Trd, 2591704.146, 99
Trd, 2591704.213, 101
Trd, 2591704.913, 105
Trd, 2591705.363, 95
Trd, 2591706.329, 112
Trd, 2591707.046, 97
Trd, 2591708.646, 95
Trd, 2591708.996, 95
Trd, 2591709.146, 96
Trd, 2591709.713, 107
Trd, 2591711.013, 97
Trd, 2591712.179, 100
Trd, 2591712.296, 94
Trd, 2591713.346, 93
Trd, 2591713.679, 108
Trd, 2591714.346, 108
Trd, 2591714.713, 101
Trd, 2591714.729, 110
Trd, 2591715.813, 101
Trd, 2591716.296, 109
Trd, 2591716.779, 108
Trd, 2591716.896, 111
Trd, 2591717.079, 112
Trd, 2591717.396, 113
Trd, 2591717.413, 115
Trd, 2591717.913, 94
Trd, 2591721.779, 104
Trd, 2591721.929, 100
Trd, 2591722.863, 111
Trd, 2591723.163, 101
Trd, 2591723.929, 93
Trd, 2591724.079, 102
Trd, 2591725.029, 102
Trd, 2591726.079, 98
Trd, 2591728.063, 103
Trd, 2591728.413, 107
Trd, 2591729.163, 112
Trd, 2591730.129, 108
Trd, 2591730.763, 109
Trd, 2591730.913, 113
Trd, 2591732.079, 111
Trd, 2591733.046, 118
Trd, 2591733.679, 108
Trd, 2591733.946, 108
Trd, 2591734.346, 108
Trd, 2591734.379, 101
Trd, 2591734.529, 111
Trd, 2591736.296, 99
Trd, 2591736.646, 94
Trd, 2591738.113, 93
Trd, 2591738.579, 95
Trd, 2591739.279, 92
Trd, 2591740.929, 101
Trd, 2591741.779, 103
Trd, 2591741.846, 99
Trd, 2591742.063, 103
Trd, 2591743.179, 100
Trd, 2591743.363, 94
Trd, 2591743.396, 106
Trd, 2591743.446, 108
Trd, 2591744.413, 110
Trd, 2591744.963, 112
Trd, 2591747.229, 104
Trd, 2591747.513, 112
Trd, 2591747.646, 102
Trd, 2591748.413, 103
Trd, 2591748.429, 102
Trd, 2591750.013, 101
Trd, 2591750.079, 107
Trd, 2591750.663, 107
Trd, 2591751.829, 102
Trd, 2591752.396, 94
Trd, 2591753.846, 104
Trd, 2591754.296, 95
Trd, 2591754.696, 107
Trd, 2591755.113, 97
Trd, 2591756.629, 97
Trd, 2591757.429, 108
Trd, 2591757.663, 95
Trd, 2591757.879, 115
Trd, 2591758.063, 94
Trd, 2591758.629, 107
Trd, 2591760.979, 99
Trd, 2591761.446, 99
Trd, 2591761.463, 101
Trd, 2591761.796, 101
Trd, 2591761.913, 88
Trd, 2591764.479, 105
Trd, 2591764.563, 111
Trd, 2591765.096, 97
Trd, 2591765.729, 110
Trd, 2591767.579, 97
Trd, 2591768.879, 95
Trd, 2591769.913, 99
Trd, 2591770.513, 104
Trd, 2591770.713, 105
Trd, 2591771.696, 95
Trd, 2591772.229, 93
Trd, 2591772.329, 92
Trd, 2591773.029, 104
Trd, 2591773.063, 108
Trd, 2591774.079, 94
Trd, 2591774.363, 108
Trd, 2591774.379, 107
Trd, 2591776.263, 111
Trd, 2591776.379, 112
Trd, 2591776.629, 99
Trd, 2591776.963, 114
Trd, 2591778.263, 114
Trd, 2591778.479, 115
Trd, 2591779.046, 124
Trd, 2591779.913, 117
Trd, 2591780.079, 124
Trd, 2591781.229, 105
Trd, 2591781.329, 106
Trd, 2591781.479, 99
Trd, 2591782.046, 101
Trd, 2591782.446, 101
Trd, 2591783.463, 94
Trd, 2591783.629, 107
Trd, 2591783.946, 106
Trd, 2591784.046, 91
Trd, 2591786.896, 115
Trd, 2591787.596, 100
Trd, 2591788.446, 111
Trd, 2591790.996, 108
Trd, 2591791.496, 104
Trd, 2591792.879, 101
Trd, 2591792.946, 88
Trd, 2591793.446, 103
Trd, 2591793.996, 95
Trd, 2591794.679, 97
Trd, 2591795.029, 104
Trd, 2591795.429, 111
Trd, 2591795.596, 112
Trd, 2591795.679, 108
Trd, 2591796.313, 97
Trd, 2591796.629, 100
Trd, 2591797.263, 94
Trd, 2591797.929, 98
Trd, 2591799.379, 106
Trd, 2591799.913, 106
Trd, 2591800.029, 102
Trd, 2591800.113, 90
Trd, 2591801.413, 94
Trd, 2591801.979, 108
Trd, 2591803.729, 102
Trd, 2591804.179, 102
Trd, 2591804.429, 104
Trd, 2591804.863, 107
Trd, 2591805.113, 102
Trd, 2591805.163, 101
Trd, 2591807.846, 106
Trd, 2591808.763, 108
Trd, 2591809.146, 105
Trd, 2591809.679, 108
Trd, 2591810.146, 104
Trd, 2591810.429, 108
Trd, 2591810.829, 112
Trd, 2591811.313, 101
Trd, 2591811.613, 112
Trd, 2591813.146, 111
Trd, 2591813.663, 96
Trd, 2591814.046, 94
Trd, 2591814.663, 113
Trd, 2591815.879, 108
Trd, 2591816.229, 105
Trd, 2591816.863, 104
Trd, 2591817.063, 115
Trd, 2591817.163, 126
Trd, 2591817.179, 127
Trd, 2591818.696, 106
Trd, 2591818.763, 94
Trd, 2591820.979, 101
Trd, 2591821.213, 110
Trd, 2591822.079, 93
Trd, 2591822.396, 105
Trd, 2591823.346, 107
Trd, 2591824.129, 110
Trd, 2591824.213, 104
Trd, 2591824.296, 90
Trd, 2591825.379, 100
Trd, 2591825.913, 99
Trd, 2591826.463, 95
Trd, 2591826.963, 93
Trd, 2591828.463, 100
Trd, 2591829.746, 98
Trd, 2591829.863, 101
Trd, 2591831.163, 107
Trd, 2591831.879, 104
Trd, 2591832.113, 105
Trd, 2591832.913, 99
Trd, 2591833.079, 100
Trd, 2591833.863, 102
Trd, 2591834.346, 101
Trd, 2591834.446, 99
Trd, 2591835.496, 96
Trd, 2591835.963, 94
Trd, 2591837.679, 96
Trd, 2591837.746, 92
Trd, 2591839.513, 102
Trd, 2591840.679, 103
Trd, 2591840.996, 111
Trd, 2591841.446, 112
Trd, 2591841.629, 113
Trd, 2591842.263, 121
Trd, 2591844.879, 125
Trd, 2591844.963, 115
Trd, 2591845.763, 113
Trd, 2591846.146, 112
Trd, 2591846.163, 123
Trd, 2591847.529, 124
Trd, 2591847.579, 128
Trd, 2591847.763, 112
Trd, 2591850.463, 97
Trd, 2591851.179, 110
Trd, 2591851.846, 95
Trd, 2591853.013, 102
Trd, 2591853.296, 101
Trd, 2591853.663, 102
Trd, 2591853.963, 95
Trd, 2591854.713, 91
Trd, 2591855.063, 96
Trd, 2591855.946, 110
Trd, 2591856.246, 91
Trd, 2591856.346, 111
Trd, 2591857.913, 112
Trd, 2591858.363, 115
Trd, 2591859.479, 124
Trd, 2591860.146, 123
Trd, 2591861.263, 103
Trd, 2591861.479, 94
Trd, 2591862.396, 105
Trd, 2591862.663, 106
Trd, 2591862.946, 101
Trd, 2591862.979, 87
Trd, 2591864.263, 103
Trd, 2591865.046, 97
Trd, 2591866.029, 110
Trd, 2591866.263, 97
Trd, 2591867.229, 98
Trd, 2591868.046, 111
Trd, 2591868.846, 101
Trd, 2591869.229, 109
Trd, 2591870.096, 98
Trd, 2591871.346, 96
Trd, 2591871.429, 101
Trd, 2591872.646, 96
Trd, 2591873.779, 95
Trd, 2591874.613, 94
Trd, 2591875.129, 99
Trd, 2591876.313, 105
Trd, 2591876.329, 101
Trd, 2591876.479, 108
Trd, 2591877.196, 110
Trd, 2591877.396, 109
Trd, 2591878.996, 107
Trd, 2591879.163, 92
Trd, 2591879.513, 112
Trd, 2591880.963, 104
Trd, 2591881.196, 100
Trd, 2591881.629, 91
Trd, 2591882.429, 110
Trd, 2591882.779, 108
Trd, 2591883.446, 108
Trd, 2591884.229, 105
Trd, 2591884.379, 103
Trd, 2591884.463, 101
Trd, 2591885.329, 83
Trd, 2591885.763, 84
Trd, 2591886.096, 87
Trd, 2591886.946, 100
Trd, 2591888.396, 104
Trd, 2591888.796, 105
Trd, 2591889.279, 114
Trd, 2591889.713, 103
Trd, 2591890.613, 92
Trd, 2591891.696, 93
Trd, 2591892.379, 97
Trd, 2591892.563, 94
Trd, 2591893.163, 106
Trd, 2591893.546, 110
Trd, 2591894.613, 121
Trd, 2591897.229, 118
Trd, 2591897.329, 101
Trd, 2591898.813, 99
Trd, 2591899.029, 99
Trd, 2591899.146, 90
Trd, 2591900.163, 106
Trd, 2591900.413, 107
Trd, 2591900.696, 111
Trd, 2591900.946, 90
Trd, 2591901.346, 94
Trd, 2591901.813, 113
Trd, 2591902.179, 87
Trd, 2591902.246, 114
Trd, 2591905.029, 98
Trd, 2591905.429, 106
Trd, 2591906.363, 112
Trd, 2591906.446, 96
Trd, 2591907.079, 115
Trd, 2591908.513, 126
Trd, 2591908.963, 125
Trd, 2591911.363, 115
Trd, 2591912.163, 112
Trd, 2591912.229, 110
Trd, 2591912.629, 101
Trd, 2591913.213, 100
Trd, 2591913.529, 94
Trd, 2591913.696, 90
Trd, 2591914.829, 96
Trd, 2591915.496, 99
Trd, 2591915.646, 101
Trd, 2591916.196, 94
Trd, 2591916.296, 92
Trd, 2591916.929, 91
Trd, 2591917.663, 110
Trd, 2591919.896, 99
Trd, 2591920.079, 90
Trd, 2591920.563, 101
Trd, 2591921.479, 102
Trd, 2591922.046, 103
Trd, 2591922.146, 109
Trd, 2591923.813, 110
Trd, 2591923.946, 108
Trd, 2591926.363, 104
Trd, 2591926.379, 103
Trd, 2591928.929, 110
Trd, 2591929.263, 102
Trd, 2591929.846, 100
Trd, 2591930.413, 106
Trd, 2591930.563, 90
Trd, 2591930.679, 108
Trd, 2591931.713, 88
Trd, 2591931.829, 112
Trd, 2591931.896, 127
Trd, 2591932.579, 111
Trd, 2591933.029, 101
Trd, 2591934.296, 115
Trd, 2591934.496, 114
Trd, 2591934.979, 99
Trd, 2591935.946, 105
Trd, 2591938.179, 90
Trd, 2591938.613, 105
Trd, 2591939.229, 106
Trd, 2591939.296, 107
Trd, 2591940.363, 103
Trd, 2591940.696, 112
Trd, 2591942.246, 97
Trd, 2591942.813, 113
Trd, 2591943.013, 91
Trd, 2591944.129, 114
Trd, 2591944.246, 115
Trd, 2591944.546, 90
Trd, 2591944.679, 127
Trd, 2591945.179, 105
Trd, 2591945.413, 102
Trd, 2591945.796, 128
Trd, 2591946.613, 112
Trd, 2591946.829, 91
Trd, 2591948.163, 102
Trd, 2591949.646, 101
Trd, 2591949.746, 103
Trd, 2591949.879, 96
Trd, 2591950.913, 94
Trd, 2591951.996, 89
Trd, 2591952.146, 95
Trd, 2591952.163, 88
Trd, 2591953.829, 95
Trd, 2591954.929, 104
Trd, 2591954.946, 105
Trd, 2591954.979, 109
Trd, 2591955.213, 87
Trd, 2591956.313, 84
Trd, 2591956.613, 97
Trd, 2591957.246, 78
Trd, 2591957.296, 99
Trd, 2591958.696, 101
Trd, 2591959.129, 95
Trd, 2591959.346, 94
Trd, 2591961.346, 110
Trd, 2591961.763, 106
Trd, 2591963.579, 93
Trd, 2591964.579, 91
Trd, 2591964.646, 106
Trd, 2591964.763, 107
Trd, 2591965.279, 107
Trd, 2591966.596, 101
Trd, 2591967.546, 95
Trd, 2591967.913, 109
Trd, 2591968.696, 112
Trd, 2591968.729, 96
Trd, 2591969.263, 114
Trd, 2591970.896, 107
Trd, 2591971.229, 107
Trd, 2591972.229, 101
Trd, 2591973.546, 101
Trd, 2591974.446, 100
Trd, 2591975.029, 100
Trd, 2591976.229, 101
Trd, 2591977.146, 101
Trd, 2591977.696, 112
Trd, 2591979.179, 101
Trd, 2591979.646, 98
Trd, 2591980.979, 105
Trd, 2591980.996, 97
Trd, 2591981.046, 109
Trd, 2591982.163, 110
Trd, 2591982.329, 93
Trd, 2591983.196, 109
Trd, 2591983.229, 91
Trd, 2591984.046, 101
Trd, 2591984.829, 107
Trd, 2591985.446, 109
Trd, 2591985.713, 92
Trd, 2591985.946, 91
Trd, 2591986.513, 105
Trd, 2591990.296, 103
Trd, 2591990.413, 104
Trd, 2591990.463, 101
Trd, 2591990.596, 95
Trd, 2591990.863, 105
Trd, 2591991.029, 108
Trd, 2591992.029, 101
Trd, 2591992.163, 112
Trd, 2591992.913, 109
Trd, 2591993.296, 94
Trd, 2591995.263, 94
Trd, 2591996.179, 92
Trd, 2591997.946, 115
Trd, 2591997.996, 101
Trd, 2591998.896, 113
Trd, 2591999.213, 87
Trd, 2591999.929, 108
Trd, 2591999.996, 107
