Trd, 2590707.129, 86
Trd, 2590707.196, 91
Trd, 2590707.613, 92
Trd, 2590708.463, 81
Trd, 2590708.663, 98
Trd, 2590709.913, 101
Trd, 2590710.446, 104
Trd, 2590710.563, 108
Trd, 2590711.463, 100
Trd, 2590711.513, 86
Trd, 2590711.796, 101
Trd, 2590712.096, 116
Trd, 2590713.046, 108
Trd, 2590713.296, 88
Trd, 2590713.696, 112
Trd, 2590714.679, 117
Trd, 2590715.579, 103
Trd, 2590715.979, 93
Trd, 2590716.329, 115
Trd, 2590718.696, 94
Trd, 2590718.746, 95
Trd, 2590719.363, 97
Trd, 2590719.613, 96
Trd, 2590719.679, 113
Trd, 2590719.779, 94
Trd, 2590721.163, 91
Trd, 2590722.379, 108
Trd, 2590722.429, 111
Trd, 2590723.179, 115
Trd, 2590723.379, 120
Trd, 2590724.946, 92
Trd, 2590725.196, 99
Trd, 2590725.363, 93
Trd, 2590726.663, 106
Trd, 2590727.379, 105
Trd, 2590727.629, 101
Trd, 2590728.796, 106
Trd, 2590729.046, 108
Trd, 2590729.329, 99
Trd, 2590729.613, 98
Trd, 2590730.129, 94
Trd, 2590730.196, 101
Trd, 2590730.429, 112
Trd, 2590730.713, 114
Trd, 2590731.546, 102
Trd, 2590732.429, 117
Trd, 2590733.879, 117
Trd, 2590733.963, 99
Trd, 2590734.363, 97
Trd, 2590734.763, 95
Trd, 2590734.913, 94
Trd, 2590734.929, 87
Trd, 2590735.896, 114
Trd, 2590736.013, 117
Trd, 2590736.363, 86
Trd, 2590737.396, 85
Trd, 2590737.563, 116
Trd, 2590738.063, 108
Trd, 2590738.496, 102
Trd, 2590740.379, 101
Trd, 2590741.396, 114
Trd, 2590742.779, 104
Trd, 2590743.779, 115
Trd, 2590743.879, 117
Trd, 2590744.029, 101
Trd, 2590744.229, 118
Trd, 2590744.913, 98
Trd, 2590745.863, 106
Trd, 2590746.129, 99
Trd, 2590746.746, 99
Trd, 2590746.779, 97
Trd, 2590747.563, 98
Trd, 2590747.929, 99
Trd, 2590748.213, 105
Trd, 2590749.246, 94
Trd, 2590750.063, 111
Trd, 2590750.429, 114
Trd, 2590750.763, 95
Trd, 2590750.829, 115
Trd, 2590750.963, 94
Trd, 2590752.246, 114
Trd, 2590752.813, 96
Trd, 2590754.663, 95
Trd, 2590754.846, 101
Trd, 2590755.296, 101
Trd, 2590756.729, 107
Trd, 2590757.629, 114
Trd, 2590758.596, 95
Trd, 2590758.879, 101
Trd, 2590758.929, 110
Trd, 2590759.329, 91
Trd, 2590759.513, 112
Trd, 2590759.813, 87
Trd, 2590760.896, 90
Trd, 2590761.296, 101
Trd, 2590761.913, 108
Trd, 2590762.329, 94
Trd, 2590763.379, 109
Trd, 2590763.613, 96
Trd, 2590764.229, 115
Trd, 2590764.729, 115
Trd, 2590764.763, 120
Trd, 2590766.313, 104
Trd, 2590766.529, 98
Trd, 2590767.713, 111
Trd, 2590767.729, 88
Trd, 2590768.029, 86
Trd, 2590768.563, 112
Trd, 2590769.013, 99
Trd, 2590769.146, 86
Trd, 2590770.046, 117
Trd, 2590770.163, 118
Trd, 2590772.029, 116
Trd, 2590773.079, 118
Trd, 2590773.413, 115
Trd, 2590774.079, 114
Trd, 2590774.429, 108
Trd, 2590774.629, 105
Trd, 2590774.696, 97
Trd, 2590774.796, 91
Trd, 2590775.863, 104
Trd, 2590776.513, 88
Trd, 2590776.563, 112
Trd, 2590776.579, 87
Trd, 2590777.963, 112
Trd, 2590778.463, 107
Trd, 2590779.429, 93
Trd, 2590779.713, 89
Trd, 2590780.613, 102
Trd, 2590781.446, 101
Trd, 2590783.546, 104
Trd, 2590783.579, 106
Trd, 2590784.129, 108
Trd, 2590784.713, 93
Trd, 2590785.996, 93
Trd, 2590786.213, 91
Trd, 2590786.829, 95
Trd, 2590787.129, 89
Trd, 2590787.163, 87
Trd, 2590787.596, 86
Trd, 2590787.796, 104
Trd, 2590788.796, 112
Trd, 2590789.629, 103
Trd, 2590789.896, 113
Trd, 2590789.946, 114
Trd, 2590790.146, 115
Trd, 2590790.996, 118
Trd, 2590791.746, 120
Trd, 2590792.763, 104
Trd, 2590792.963, 120
Trd, 2590795.429, 106
Trd, 2590795.929, 106
Trd, 2590797.446, 112
Trd, 2590797.479, 101
Trd, 2590798.013, 99
Trd, 2590798.146, 98
Trd, 2590799.313, 108
Trd, 2590799.379, 102
Trd, 2590799.496, 111
Trd, 2590800.146, 91
Trd, 2590800.246, 113
Trd, 2590800.329, 87
Trd, 2590801.296, 115
Trd, 2590801.313, 118
Trd, 2590801.429, 86
Trd, 2590801.829, 114
Trd, 2590803.896, 104
Trd, 2590805.129, 105
Trd, 2590805.329, 105
Trd, 2590806.013, 108
Trd, 2590806.163, 103
Trd, 2590806.263, 102
Trd, 2590807.279, 101
Trd, 2590807.463, 107
Trd, 2590807.829, 94
Trd, 2590808.163, 91
Trd, 2590808.379, 108
Trd, 2590808.696, 113
Trd, 2590809.413, 87
Trd, 2590810.146, 115
Trd, 2590810.163, 87
Trd, 2590810.213, 85
Trd, 2590810.579, 84
Trd, 2590813.329, 87
Trd, 2590813.479, 112
Trd, 2590814.613, 92
Trd, 2590814.696, 105
Trd, 2590815.063, 93
Trd, 2590816.313, 100
Trd, 2590816.779, 98
Trd, 2590817.313, 94
Trd, 2590817.529, 108
Trd, 2590817.896, 106
Trd, 2590818.246, 113
Trd, 2590819.013, 115
Trd, 2590819.046, 106
Trd, 2590819.196, 120
Trd, 2590820.729, 118
Trd, 2590820.796, 117
Trd, 2590821.246, 115
Trd, 2590822.079, 105
Trd, 2590822.096, 91
Trd, 2590822.446, 84
Trd, 2590822.729, 100
Trd, 2590822.913, 77
Trd, 2590823.713, 78
Trd, 2590824.046, 101
Trd, 2590824.079, 85
Trd, 2590824.529, 84
Trd, 2590825.113, 91
Trd, 2590826.896, 89
Trd, 2590827.929, 98
Trd, 2590828.113, 98
Trd, 2590828.146, 108
Trd, 2590829.713, 112
Trd, 2590830.313, 114
Trd, 2590830.696, 109
Trd, 2590831.763, 111
Trd, 2590834.013, 117
Trd, 2590835.246, 112
Trd, 2590835.413, 113
Trd, 2590835.913, 111
Trd, 2590836.713, 108
Trd, 2590836.813, 105
Trd, 2590837.296, 98
Trd, 2590837.879, 97
Trd, 2590837.946, 98
Trd, 2590838.629, 114
Trd, 2590839.346, 105
Trd, 2590839.746, 110
Trd, 2590839.813, 104
Trd, 2590840.146, 110
Trd, 2590840.479, 102
Trd, 2590841.196, 108
Trd, 2590843.146, 111
Trd, 2590843.529, 112
Trd, 2590843.913, 101
Trd, 2590844.379, 117
Trd, 2590844.546, 101
Trd, 2590844.829, 99
Trd, 2590845.796, 98
Trd, 2590845.996, 118
Trd, 2590846.246, 118
Trd, 2590847.379, 116
Trd, 2590848.029, 116
Trd, 2590848.113, 115
Trd, 2590848.429, 98
Trd, 2590849.179, 108
Trd, 2590849.696, 109
Trd, 2590850.929, 108
Trd, 2590851.313, 104
Trd, 2590851.346, 94
Trd, 2590852.963, 110
Trd, 2590853.446, 94
Trd, 2590853.929, 96
Trd, 2590854.396, 102
Trd, 2590854.513, 113
Trd, 2590854.846, 93
Trd, 2590855.679, 122
Trd, 2590855.946, 127
Trd, 2590857.546, 124
Trd, 2590857.746, 125
Trd, 2590857.896, 129
Trd, 2590857.913, 124
Trd, 2590858.146, 120
Trd, 2590858.329, 102
Trd, 2590858.479, 91
Trd, 2590859.713, 114
Trd, 2590860.696, 88
Trd, 2590862.179, 90
Trd, 2590862.263, 89
Trd, 2590862.279, 84
Trd, 2590862.513, 77
Trd, 2590862.713, 118
Trd, 2590862.963, 118
Trd, 2590863.546, 107
Trd, 2590864.513, 101
Trd, 2590864.946, 115
Trd, 2590865.746, 114
Trd, 2590866.296, 121
Trd, 2590866.896, 86
Trd, 2590867.929, 119
Trd, 2590868.329, 106
Trd, 2590868.429, 103
Trd, 2590869.296, 102
Trd, 2590869.463, 84
Trd, 2590869.513, 74
Trd, 2590870.729, 80
Trd, 2590871.013, 82
Trd, 2590872.529, 87
Trd, 2590873.213, 102
Trd, 2590873.963, 100
Trd, 2590874.346, 112
Trd, 2590875.746, 96
Trd, 2590877.113, 99
Trd, 2590877.596, 111
Trd, 2590877.613, 114
Trd, 2590878.063, 118
Trd, 2590878.346, 99
Trd, 2590879.596, 115
Trd, 2590879.663, 116
Trd, 2590879.679, 102
Trd, 2590880.046, 98
Trd, 2590880.546, 107
Trd, 2590881.079, 92
Trd, 2590882.013, 111
Trd, 2590882.096, 107
Trd, 2590882.579, 91
Trd, 2590882.946, 108
Trd, 2590883.279, 108
Trd, 2590883.813, 92
Trd, 2590885.113, 116
Trd, 2590885.146, 117
Trd, 2590885.179, 118
Trd, 2590886.746, 109
Trd, 2590886.896, 108
Trd, 2590887.563, 106
Trd, 2590888.079, 118
Trd, 2590888.979, 102
Trd, 2590889.696, 101
Trd, 2590889.963, 102
Trd, 2590890.779, 94
Trd, 2590891.046, 101
Trd, 2590891.263, 103
Trd, 2590892.046, 99
Trd, 2590892.346, 101
Trd, 2590892.363, 91
Trd, 2590892.846, 122
Trd, 2590893.313, 87
Trd, 2590893.779, 129
Trd, 2590893.913, 85
Trd, 2590895.363, 105
Trd, 2590895.629, 121
Trd, 2590896.463, 115
Trd, 2590896.563, 112
Trd, 2590896.946, 109
Trd, 2590897.213, 108
Trd, 2590897.729, 94
Trd, 2590898.479, 115
Trd, 2590899.346, 84
Trd, 2590899.496, 117
Trd, 2590899.663, 118
Trd, 2590900.613, 79
Trd, 2590900.663, 86
Trd, 2590901.996, 78
Trd, 2590902.429, 77
Trd, 2590902.446, 103
Trd, 2590903.829, 112
Trd, 2590904.063, 96
Trd, 2590904.496, 95
Trd, 2590904.863, 112
Trd, 2590904.996, 113
Trd, 2590906.629, 118
Trd, 2590906.813, 87
Trd, 2590907.379, 111
Trd, 2590907.663, 112
Trd, 2590907.896, 116
Trd, 2590909.129, 104
Trd, 2590909.696, 101
Trd, 2590910.163, 113
Trd, 2590910.596, 99
Trd, 2590910.713, 98
Trd, 2590911.379, 95
Trd, 2590911.663, 94
Trd, 2590912.229, 120
Trd, 2590912.363, 92
Trd, 2590912.513, 91
Trd, 2590913.546, 119
Trd, 2590914.329, 97
Trd, 2590915.446, 103
Trd, 2590916.546, 89
Trd, 2590916.896, 87
Trd, 2590916.979, 114
Trd, 2590917.113, 114
Trd, 2590917.529, 120
Trd, 2590919.179, 116
Trd, 2590919.363, 116
Trd, 2590919.646, 115
Trd, 2590921.463, 115
Trd, 2590921.963, 112
Trd, 2590922.229, 114
Trd, 2590923.279, 110
Trd, 2590923.796, 107
Trd, 2590924.063, 113
Trd, 2590924.396, 98
Trd, 2590925.129, 101
Trd, 2590925.279, 94
Trd, 2590926.146, 108
Trd, 2590926.779, 115
Trd, 2590928.063, 97
Trd, 2590929.296, 105
Trd, 2590929.913, 103
Trd, 2590930.163, 111
Trd, 2590931.629, 103
Trd, 2590932.596, 103
Trd, 2590933.163, 113
Trd, 2590933.763, 105
Trd, 2590934.046, 116
Trd, 2590934.529, 101
Trd, 2590934.546, 114
Trd, 2590934.763, 100
Trd, 2590934.963, 98
Trd, 2590936.296, 96
Trd, 2590936.563, 113
Trd, 2590936.796, 97
Trd, 2590937.746, 118
Trd, 2590937.963, 115
Trd, 2590938.896, 95
Trd, 2590939.529, 94
Trd, 2590939.929, 86
Trd, 2590940.129, 114
Trd, 2590942.046, 108
Trd, 2590943.463, 110
Trd, 2590943.579, 96
Trd, 2590943.996, 107
Trd, 2590944.213, 105
Trd, 2590944.846, 109
Trd, 2590945.946, 101
Trd, 2590947.179, 102
Trd, 2590947.396, 101
Trd, 2590947.663, 115
Trd, 2590948.396, 94
Trd, 2590948.629, 97
Trd, 2590948.829, 93
Trd, 2590949.046, 98
Trd, 2590949.213, 99
Trd, 2590950.263, 108
Trd, 2590950.579, 86
Trd, 2590951.146, 86
Trd, 2590951.313, 86
Trd, 2590952.196, 108
Trd, 2590952.579, 106
Trd, 2590952.896, 90
Trd, 2590953.446, 117
Trd, 2590954.029, 92
Trd, 2590954.279, 118
Trd, 2590954.513, 91
Trd, 2590957.296, 108
Trd, 2590957.363, 107
Trd, 2590958.429, 102
Trd, 2590959.713, 100
Trd, 2590959.879, 94
Trd, 2590960.413, 106
Trd, 2590960.479, 91
Trd, 2590961.179, 108
Trd, 2590961.263, 86
Trd, 2590961.329, 115
Trd, 2590961.596, 84
Trd, 2590962.446, 84
Trd, 2590962.879, 77
Trd, 2590962.979, 91
Trd, 2590963.913, 102
Trd, 2590964.429, 92
Trd, 2590965.096, 116
Trd, 2590965.296, 95
Trd, 2590967.846, 103
Trd, 2590968.713, 103
Trd, 2590968.879, 102
Trd, 2590969.113, 112
Trd, 2590969.946, 117
Trd, 2590970.313, 118
Trd, 2590970.846, 106
Trd, 2590971.063, 121
Trd, 2590971.363, 122
Trd, 2590971.629, 101
Trd, 2590971.729, 91
Trd, 2590971.929, 86
Trd, 2590972.463, 117
Trd, 2590973.513, 116
Trd, 2590974.379, 116
Trd, 2590974.746, 120
Trd, 2590974.996, 113
Trd, 2590975.146, 112
Trd, 2590975.613, 136
Trd, 2590976.279, 109
Trd, 2590976.929, 107
Trd, 2590978.613, 108
Trd, 2590979.613, 100
Trd, 2590979.663, 101
Trd, 2590979.746, 102
Trd, 2590980.396, 108
Trd, 2590981.129, 98
Trd, 2590981.363, 94
Trd, 2590981.379, 112
Trd, 2590982.929, 103
Trd, 2590983.013, 88
Trd, 2590984.146, 89
Trd, 2590986.546, 96
Trd, 2590986.963, 95
Trd, 2590987.363, 91
Trd, 2590987.613, 84
Trd, 2590987.663, 98
Trd, 2590987.679, 103
Trd, 2590987.729, 108
Trd, 2590988.629, 113
Trd, 2590988.796, 118
Trd, 2590989.096, 81
Trd, 2590990.179, 118
Trd, 2590990.246, 86
Trd, 2590991.479, 101
Trd, 2590991.746, 101
Trd, 2590991.796, 100
Trd, 2590994.696, 116
Trd, 2590994.863, 115
Trd, 2590995.379, 112
Trd, 2590996.146, 108
Trd, 2590996.179, 115
Trd, 2590997.146, 118
Trd, 2590997.179, 91
Trd, 2590998.179, 118
Trd, 2590998.546, 106
Trd, 2590999.879, 108
Trd, 2591000.196, 116
Trd, 2591000.446, 118
Trd, 2591000.563, 105
Trd, 2591001.163, 111
Trd, 2591001.363, 101
Trd, 2591001.979, 111
Trd, 2591002.046, 101
Trd, 2591002.163, 98
Trd, 2591003.079, 106
Trd, 2591003.513, 97
Trd, 2591004.096, 115
Trd, 2591004.246, 97
Trd, 2591004.779, 101
Trd, 2591006.646, 105
Trd, 2591007.213, 94
Trd, 2591009.263, 108
Trd, 2591009.279, 93
Trd, 2591009.396, 108
Trd, 2591009.629, 92
Trd, 2591009.663, 112
Trd, 2591010.513, 101
Trd, 2591011.429, 109
Trd, 2591012.579, 110
Trd, 2591012.746, 92
Trd, 2591012.879, 91
Trd, 2591013.829, 89
Trd, 2591014.313, 99
Trd, 2591014.779, 109
Trd, 2591015.063, 88
Trd, 2591015.679, 87
Trd, 2591016.079, 112
Trd, 2591017.929, 108
Trd, 2591018.196, 109
Trd, 2591018.296, 113
Trd, 2591018.596, 117
Trd, 2591019.379, 110
Trd, 2591019.946, 119
Trd, 2591020.396, 122
Trd, 2591020.563, 109
Trd, 2591021.196, 106
Trd, 2591021.313, 105
Trd, 2591022.246, 98
Trd, 2591023.029, 91
Trd, 2591024.263, 88
Trd, 2591025.313, 87
Trd, 2591026.429, 90
Trd, 2591026.446, 84
Trd, 2591027.013, 91
Trd, 2591027.213, 98
Trd, 2591027.246, 108
Trd, 2591027.379, 115
Trd, 2591027.696, 87
Trd, 2591027.813, 118
Trd, 2591027.963, 122
Trd, 2591028.579, 103
Trd, 2591029.446, 119
Trd, 2591030.696, 86
Trd, 2591030.846, 85
Trd, 2591031.379, 86
Trd, 2591032.929, 116
Trd, 2591033.479, 118
Trd, 2591033.679, 115
Trd, 2591033.879, 107
Trd, 2591034.863, 104
Trd, 2591035.229, 106
Trd, 2591035.263, 122
Trd, 2591035.329, 102
Trd, 2591038.046, 118
Trd, 2591038.679, 118
Trd, 2591038.746, 107
Trd, 2591039.246, 112
Trd, 2591039.329, 113
Trd, 2591039.579, 101
Trd, 2591040.479, 124
Trd, 2591040.563, 98
Trd, 2591041.746, 115
Trd, 2591042.296, 103
Trd, 2591042.713, 121
Trd, 2591043.296, 118
Trd, 2591044.113, 115
Trd, 2591045.229, 107
Trd, 2591045.279, 96
Trd, 2591046.346, 94
Trd, 2591046.563, 99
Trd, 2591047.079, 91
Trd, 2591047.213, 87
Trd, 2591047.496, 99
Trd, 2591047.579, 85
Trd, 2591048.279, 97
Trd, 2591049.163, 97
Trd, 2591049.946, 108
Trd, 2591050.496, 114
Trd, 2591051.646, 104
Trd, 2591051.729, 104
Trd, 2591052.013, 100
Trd, 2591052.346, 113
Trd, 2591052.446, 118
Trd, 2591052.546, 89
Trd, 2591053.179, 101
Trd, 2591053.613, 120
Trd, 2591054.079, 120
Trd, 2591055.429, 109
Trd, 2591056.679, 117
Trd, 2591057.496, 115
Trd, 2591058.163, 108
Trd, 2591058.496, 105
Trd, 2591059.579, 113
Trd, 2591060.196, 113
Trd, 2591060.229, 118
Trd, 2591061.646, 100
Trd, 2591061.779, 99
Trd, 2591062.079, 96
Trd, 2591062.629, 95
Trd, 2591062.713, 108
Trd, 2591062.963, 94
Trd, 2591065.146, 99
Trd, 2591065.596, 115
Trd, 2591066.296, 94
Trd, 2591066.646, 122
Trd, 2591066.796, 113
Trd, 2591067.829, 128
Trd, 2591067.979, 107
Trd, 2591068.146, 112
Trd, 2591069.429, 105
Trd, 2591069.446, 94
Trd, 2591069.696, 100
Trd, 2591071.063, 91
Trd, 2591071.529, 113
Trd, 2591072.163, 113
Trd, 2591072.296, 88
Trd, 2591073.096, 87
Trd, 2591073.329, 84
Trd, 2591073.813, 80
Trd, 2591074.113, 80
Trd, 2591074.846, 113
Trd, 2591075.546, 114
Trd, 2591075.846, 109
Trd, 2591076.613, 99
Trd, 2591076.646, 98
Trd, 2591076.763, 113
Trd, 2591077.546, 94
Trd, 2591079.063, 91
Trd, 2591079.129, 111
Trd, 2591079.279, 77
Trd, 2591079.329, 115
Trd, 2591080.263, 112
Trd, 2591081.579, 108
Trd, 2591082.096, 101
Trd, 2591082.179, 116
Trd, 2591083.046, 118
Trd, 2591083.629, 106
Trd, 2591085.679, 100
Trd, 2591085.746, 95
Trd, 2591086.079, 94
Trd, 2591086.513, 86
Trd, 2591087.579, 99
Trd, 2591087.596, 103
Trd, 2591087.829, 107
Trd, 2591089.513, 99
Trd, 2591089.629, 92
Trd, 2591090.296, 108
Trd, 2591091.546, 116
Trd, 2591091.829, 112
Trd, 2591092.196, 107
Trd, 2591092.296, 100
Trd, 2591092.763, 112
Trd, 2591093.063, 113
Trd, 2591095.946, 103
Trd, 2591096.013, 102
Trd, 2591096.396, 110
Trd, 2591096.513, 113
Trd, 2591096.613, 115
Trd, 2591096.863, 102
Trd, 2591097.029, 101
Trd, 2591097.696, 118
Trd, 2591098.229, 110
Trd, 2591098.329, 109
Trd, 2591098.713, 98
Trd, 2591098.746, 119
Trd, 2591100.813, 105
Trd, 2591101.846, 92
Trd, 2591102.263, 91
Trd, 2591102.563, 100
Trd, 2591102.663, 114
Trd, 2591103.296, 89
Trd, 2591105.713, 108
Trd, 2591105.829, 105
Trd, 2591106.263, 101
Trd, 2591106.363, 113
Trd, 2591107.246, 94
Trd, 2591107.496, 116
Trd, 2591107.529, 88
Trd, 2591110.029, 98
Trd, 2591110.396, 98
Trd, 2591110.413, 101
Trd, 2591110.829, 107
Trd, 2591110.996, 108
Trd, 2591111.013, 98
Trd, 2591111.496, 98
Trd, 2591111.529, 91
Trd, 2591113.346, 88
Trd, 2591114.763, 90
Trd, 2591115.196, 104
Trd, 2591115.529, 91
Trd, 2591115.596, 106
Trd, 2591116.029, 108
Trd, 2591116.813, 106
Trd, 2591117.363, 106
Trd, 2591118.913, 109
Trd, 2591119.779, 116
Trd, 2591120.346, 107
Trd, 2591120.379, 117
Trd, 2591120.529, 105
Trd, 2591121.829, 101
Trd, 2591122.279, 87
Trd, 2591122.646, 116
Trd, 2591122.779, 118
Trd, 2591123.079, 84
Trd, 2591124.946, 122
Trd, 2591125.529, 98
Trd, 2591125.863, 96
Trd, 2591126.696, 123
Trd, 2591127.796, 118
Trd, 2591128.063, 116
Trd, 2591128.179, 114
Trd, 2591128.546, 109
Trd, 2591129.479, 109
Trd, 2591129.579, 108
Trd, 2591129.596, 101
Trd, 2591130.146, 104
Trd, 2591130.196, 113
Trd, 2591131.713, 89
Trd, 2591132.796, 107
Trd, 2591133.429, 108
Trd, 2591133.463, 114
Trd, 2591134.313, 115
Trd, 2591135.146, 91
Trd, 2591135.796, 89
Trd, 2591137.996, 92
Trd, 2591138.946, 106
Trd, 2591139.046, 101
Trd, 2591139.313, 98
Trd, 2591140.046, 92
Trd, 2591140.163, 91
Trd, 2591140.379, 87
Trd, 2591140.713, 98
Trd, 2591140.829, 103
Trd, 2591141.479, 84
Trd, 2591141.746, 108
Trd, 2591142.679, 115
Trd, 2591142.846, 117
Trd, 2591143.963, 107
Trd, 2591144.613, 85
Trd, 2591144.696, 84
Trd, 2591144.963, 115
Trd, 2591145.579, 83
Trd, 2591145.796, 97
Trd, 2591146.079, 98
Trd, 2591146.146, 83
Trd, 2591146.346, 107
Trd, 2591147.963, 104
Trd, 2591149.446, 103
Trd, 2591150.363, 103
Trd, 2591150.529, 101
Trd, 2591151.563, 99
Trd, 2591152.063, 107
Trd, 2591152.546, 107
Trd, 2591153.279, 105
Trd, 2591153.629, 105
Trd, 2591154.029, 108
Trd, 2591154.946, 113
Trd, 2591155.879, 99
Trd, 2591155.913, 98
Trd, 2591156.096, 118
Trd, 2591156.329, 94
Trd, 2591157.096, 103
Trd, 2591158.196, 115
Trd, 2591158.229, 91
Trd, 2591158.863, 119
Trd, 2591159.363, 102
Trd, 2591159.613, 86
Trd, 2591160.146, 83
Trd, 2591160.546, 77
Trd, 2591160.679, 117
Trd, 2591161.163, 79
Trd, 2591161.779, 118
Trd, 2591161.879, 103
Trd, 2591162.113, 100
Trd, 2591162.563, 107
Trd, 2591163.546, 122
Trd, 2591164.046, 129
Trd, 2591165.913, 114
Trd, 2591165.996, 113
Trd, 2591166.446, 115
Trd, 2591167.563, 104
Trd, 2591167.963, 101
Trd, 2591168.163, 115
Trd, 2591168.229, 98
Trd, 2591168.746, 116
Trd, 2591169.229, 106
Trd, 2591169.663, 105
Trd, 2591170.079, 89
Trd, 2591171.129, 88
Trd, 2591171.896, 91
Trd, 2591172.079, 110
Trd, 2591172.496, 112
Trd, 2591172.846, 91
Trd, 2591174.679, 100
Trd, 2591176.746, 100
Trd, 2591176.979, 102
Trd, 2591177.246, 108
Trd, 2591178.346, 107
Trd, 2591178.613, 106
Trd, 2591179.096, 112
Trd, 2591179.463, 112
Trd, 2591179.929, 106
Trd, 2591180.263, 103
Trd, 2591181.046, 111
Trd, 2591181.796, 117
Trd, 2591181.896, 98
Trd, 2591181.979, 100
Trd, 2591183.013, 105
Trd, 2591183.246, 115
Trd, 2591183.446, 116
Trd, 2591184.096, 107
Trd, 2591184.446, 99
Trd, 2591184.529, 94
Trd, 2591185.579, 108
Trd, 2591186.163, 109
Trd, 2591186.396, 92
Trd, 2591186.513, 91
Trd, 2591187.579, 101
Trd, 2591188.363, 91
Trd, 2591188.513, 103
Trd, 2591188.529, 89
Trd, 2591189.213, 88
Trd, 2591189.396, 114
Trd, 2591189.546, 115
Trd, 2591192.213, 117
Trd, 2591194.163, 101
Trd, 2591194.596, 108
Trd, 2591194.746, 116
Trd, 2591195.029, 101
Trd, 2591195.563, 121
Trd, 2591196.446, 101
Trd, 2591196.563, 98
Trd, 2591196.746, 94
Trd, 2591196.813, 91
Trd, 2591197.496, 117
Trd, 2591198.263, 118
Trd, 2591198.863, 106
Trd, 2591199.346, 113
Trd, 2591199.446, 115
Trd, 2591199.913, 108
Trd, 2591200.496, 108
Trd, 2591201.179, 106
Trd, 2591201.946, 105
Trd, 2591202.563, 87
Trd, 2591202.979, 115
Trd, 2591203.129, 117
Trd, 2591203.596, 97
Trd, 2591203.796, 104
Trd, 2591203.846, 84
Trd, 2591204.129, 77
Trd, 2591205.646, 98
Trd, 2591205.663, 99
Trd, 2591208.879, 88
Trd, 2591209.079, 89
Trd, 2591209.263, 91
Trd, 2591209.363, 118
Trd, 2591211.629, 103
Trd, 2591212.613, 99
Trd, 2591212.896, 107
Trd, 2591213.379, 99
Trd, 2591213.963, 98
Trd, 2591214.196, 106
Trd, 2591215.213, 101
Trd, 2591215.263, 94
Trd, 2591215.813, 94
Trd, 2591216.146, 105
Trd, 2591217.796, 102
Trd, 2591217.946, 112
Trd, 2591218.413, 113
Trd, 2591218.563, 94
Trd, 2591218.746, 93
Trd, 2591218.996, 92
Trd, 2591219.096, 115
Trd, 2591220.429, 91
Trd, 2591220.979, 101
Trd, 2591221.946, 113
Trd, 2591222.796, 89
Trd, 2591223.896, 111
Trd, 2591224.113, 111
Trd, 2591224.529, 101
Trd, 2591225.329, 108
Trd, 2591225.346, 111
Trd, 2591225.929, 96
Trd, 2591226.113, 96
Trd, 2591226.313, 118
Trd, 2591226.646, 118
Trd, 2591227.229, 117
Trd, 2591228.313, 91
Trd, 2591229.829, 103
Trd, 2591229.929, 102
Trd, 2591230.363, 108
Trd, 2591231.479, 105
Trd, 2591231.963, 108
Trd, 2591234.429, 114
Trd, 2591235.013, 117
Trd, 2591235.196, 107
Trd, 2591235.696, 105
Trd, 2591236.929, 94
Trd, 2591237.046, 91
Trd, 2591237.829, 109
Trd, 2591238.013, 107
Trd, 2591238.046, 112
Trd, 2591238.096, 117
Trd, 2591238.146, 105
Trd, 2591238.213, 118
Trd, 2591238.246, 102
Trd, 2591238.279, 111
Trd, 2591238.613, 122
Trd, 2591239.146, 103
Trd, 2591239.846, 101
Trd, 2591240.229, 87
Trd, 2591241.113, 86
Trd, 2591242.713, 111
Trd, 2591243.329, 112
Trd, 2591243.629, 88
Trd, 2591244.513, 87
Trd, 2591244.979, 109
Trd, 2591245.313, 84
Trd, 2591245.513, 112
Trd, 2591245.946, 116
Trd, 2591247.346, 92
Trd, 2591248.379, 105
Trd, 2591250.479, 110
Trd, 2591250.579, 108
Trd, 2591250.946, 109
Trd, 2591250.996, 107
Trd, 2591251.246, 108
Trd, 2591251.313, 113
Trd, 2591251.446, 115
Trd, 2591251.529, 118
Trd, 2591251.679, 101
Trd, 2591251.746, 96
Trd, 2591251.796, 91
Trd, 2591253.196, 121
Trd, 2591253.296, 85
Trd, 2591254.813, 104
Trd, 2591255.163, 101
Trd, 2591255.579, 115
Trd, 2591256.446, 85
Trd, 2591257.279, 88
Trd, 2591258.063, 90
Trd, 2591258.829, 100
Trd, 2591258.863, 101
Trd, 2591259.196, 102
Trd, 2591259.596, 108
Trd, 2591261.046, 117
Trd, 2591261.446, 107
Trd, 2591261.529, 106
Trd, 2591261.813, 105
Trd, 2591262.646, 101
Trd, 2591263.379, 108
Trd, 2591266.146, 102
Trd, 2591266.463, 92
Trd, 2591267.063, 108
Trd, 2591267.396, 115
Trd, 2591267.913, 94
Trd, 2591268.179, 118
Trd, 2591268.363, 102
Trd, 2591268.463, 98
Trd, 2591269.063, 112
Trd, 2591269.946, 121
Trd, 2591271.096, 122
Trd, 2591271.363, 119
Trd, 2591271.396, 118
Trd, 2591271.479, 114
Trd, 2591272.063, 91
Trd, 2591272.429, 122
Trd, 2591274.113, 113
Trd, 2591274.179, 112
Trd, 2591275.046, 86
Trd, 2591276.479, 87
Trd, 2591276.579, 85
Trd, 2591276.713, 84
Trd, 2591276.796, 101
Trd, 2591277.263, 86
Trd, 2591277.446, 101
Trd, 2591277.829, 103
Trd, 2591279.813, 105
Trd, 2591280.746, 102
Trd, 2591281.629, 100
Trd, 2591282.013, 105
Trd, 2591282.096, 106
Trd, 2591282.629, 106
Trd, 2591283.813, 117
Trd, 2591284.746, 116
Trd, 2591284.863, 102
Trd, 2591285.696, 115
Trd, 2591286.096, 103
Trd, 2591286.279, 101
Trd, 2591286.563, 108
Trd, 2591286.779, 99
Trd, 2591286.813, 98
Trd, 2591287.379, 94
Trd, 2591288.413, 114
Trd, 2591288.929, 114
Trd, 2591289.163, 113
Trd, 2591289.829, 113
Trd, 2591292.146, 98
Trd, 2591292.563, 112
Trd, 2591293.379, 115
Trd, 2591293.729, 96
Trd, 2591294.229, 97
Trd, 2591294.829, 98
Trd, 2591295.029, 115
Trd, 2591295.929, 109
Trd, 2591297.029, 101
Trd, 2591297.213, 107
Trd, 2591297.229, 86
Trd, 2591298.413, 86
Trd, 2591298.463, 107
Trd, 2591298.746, 108
Trd, 2591300.096, 114
Trd, 2591300.979, 105
Trd, 2591301.296, 104
Trd, 2591301.896, 98
Trd, 2591301.979, 87
Trd, 2591302.046, 84
Trd, 2591303.379, 88
Trd, 2591303.846, 112
Trd, 2591304.529, 101
Trd, 2591304.813, 91
Trd, 2591305.296, 87
Trd, 2591306.063, 106
Trd, 2591306.413, 114
Trd, 2591306.679, 116
Trd, 2591306.813, 79
Trd, 2591308.479, 115
Trd, 2591308.713, 106
Trd, 2591309.246, 115
Trd, 2591309.429, 106
Trd, 2591309.763, 104
Trd, 2591310.429, 118
Trd, 2591313.296, 102
Trd, 2591313.579, 98
Trd, 2591314.446, 113
Trd, 2591315.013, 95
Trd, 2591315.279, 95
Trd, 2591315.796, 102
Trd, 2591315.963, 114
Trd, 2591316.813, 101
Trd, 2591317.646, 96
Trd, 2591317.846, 96
Trd, 2591317.896, 116
Trd, 2591317.913, 95
Trd, 2591317.946, 94
Trd, 2591318.313, 91
Trd, 2591319.279, 111
Trd, 2591320.579, 103
Trd, 2591321.346, 105
Trd, 2591321.563, 107
Trd, 2591321.929, 117
Trd, 2591322.663, 115
Trd, 2591324.729, 101
Trd, 2591324.779, 94
Trd, 2591324.963, 108
Trd, 2591324.979, 87
Trd, 2591325.113, 114
Trd, 2591326.779, 115
Trd, 2591327.263, 114
Trd, 2591327.713, 122
Trd, 2591327.879, 112
Trd, 2591328.263, 108
Trd, 2591329.013, 118
Trd, 2591330.096, 118
Trd, 2591330.213, 117
Trd, 2591331.629, 105
Trd, 2591333.196, 99
Trd, 2591333.663, 106
Trd, 2591333.913, 107
Trd, 2591334.779, 105
Trd, 2591335.713, 106
Trd, 2591336.713, 100
Trd, 2591336.946, 99
Trd, 2591336.963, 98
Trd, 2591337.279, 94
Trd, 2591337.329, 91
Trd, 2591338.096, 98
Trd, 2591338.413, 102
Trd, 2591338.863, 87
Trd, 2591339.063, 108
Trd, 2591340.029, 115
Trd, 2591340.296, 112
Trd, 2591340.596, 101
Trd, 2591341.229, 111
Trd, 2591341.579, 113
Trd, 2591343.329, 116
Trd, 2591344.063, 117
Trd, 2591344.179, 92
Trd, 2591345.279, 105
Trd, 2591345.346, 91
Trd, 2591345.546, 89
Trd, 2591345.813, 118
Trd, 2591345.846, 82
Trd, 2591346.096, 71
Trd, 2591347.463, 92
Trd, 2591347.496, 101
Trd, 2591347.646, 78
Trd, 2591348.279, 115
Trd, 2591348.563, 71
Trd, 2591349.379, 82
Trd, 2591350.129, 114
Trd, 2591350.729, 76
Trd, 2591352.313, 117
Trd, 2591352.496, 117
Trd, 2591352.863, 115
Trd, 2591352.996, 116
Trd, 2591353.579, 118
Trd, 2591353.663, 122
Trd, 2591353.713, 126
Trd, 2591355.213, 99
Trd, 2591355.579, 100
Trd, 2591356.129, 103
Trd, 2591356.946, 114
Trd, 2591357.146, 104
Trd, 2591357.663, 101
Trd, 2591357.996, 116
Trd, 2591358.529, 98
Trd, 2591359.779, 89
Trd, 2591360.146, 115
Trd, 2591361.013, 101
Trd, 2591361.046, 94
Trd, 2591362.013, 89
Trd, 2591363.363, 99
Trd, 2591363.896, 114
Trd, 2591363.979, 93
Trd, 2591364.963, 101
Trd, 2591365.696, 100
Trd, 2591365.813, 113
Trd, 2591366.229, 96
Trd, 2591366.746, 95
Trd, 2591367.729, 94
Trd, 2591368.313, 111
Trd, 2591368.629, 85
Trd, 2591368.863, 112
Trd, 2591368.896, 115
Trd, 2591370.296, 91
Trd, 2591371.329, 113
Trd, 2591371.496, 114
Trd, 2591372.179, 116
Trd, 2591373.463, 109
Trd, 2591373.879, 111
Trd, 2591374.063, 113
Trd, 2591375.263, 106
Trd, 2591376.196, 106
Trd, 2591376.363, 105
Trd, 2591377.179, 98
Trd, 2591377.613, 99
Trd, 2591377.913, 102
Trd, 2591378.279, 118
Trd, 2591379.179, 105
Trd, 2591379.363, 117
Trd, 2591379.546, 119
Trd, 2591380.563, 104
Trd, 2591381.246, 105
Trd, 2591381.496, 100
Trd, 2591382.096, 111
Trd, 2591382.129, 108
Trd, 2591382.213, 112
Trd, 2591382.663, 94
Trd, 2591383.229, 97
Trd, 2591384.413, 108
Trd, 2591384.429, 108
Trd, 2591385.079, 95
Trd, 2591385.663, 91
Trd, 2591386.079, 84
Trd, 2591386.613, 78
Trd, 2591387.729, 88
Trd, 2591389.013, 88
Trd, 2591389.163, 91
Trd, 2591389.379, 86
Trd, 2591389.896, 101
Trd, 2591390.796, 99
Trd, 2591391.329, 114
Trd, 2591391.579, 116
Trd, 2591392.029, 118
Trd, 2591392.163, 105
Trd, 2591392.196, 104
Trd, 2591392.763, 101
Trd, 2591393.779, 98
Trd, 2591394.763, 116
Trd, 2591394.879, 117
Trd, 2591394.963, 126
Trd, 2591395.879, 109
Trd, 2591395.979, 113
Trd, 2591396.113, 88
Trd, 2591396.446, 113
Trd, 2591396.846, 105
Trd, 2591397.296, 87
Trd, 2591397.529, 108
Trd, 2591398.163, 77
Trd, 2591402.213, 96
Trd, 2591402.263, 99
Trd, 2591403.529, 117
Trd, 2591404.329, 98
Trd, 2591405.079, 98
Trd, 2591405.113, 96
Trd, 2591405.329, 91
Trd, 2591405.629, 102
Trd, 2591405.679, 101
Trd, 2591406.129, 102
Trd, 2591406.546, 116
Trd, 2591406.629, 115
Trd, 2591406.946, 117
Trd, 2591407.713, 83
Trd, 2591408.029, 118
Trd, 2591409.096, 85
Trd, 2591409.529, 125
Trd, 2591409.863, 83
Trd, 2591410.829, 80
Trd, 2591411.363, 80
Trd, 2591411.879, 89
Trd, 2591412.013, 91
Trd, 2591412.896, 110
Trd, 2591413.996, 117
Trd, 2591415.029, 111
Trd, 2591415.396, 109
Trd, 2591415.863, 119
Trd, 2591416.713, 108
Trd, 2591416.779, 98
Trd, 2591417.896, 109
Trd, 2591417.979, 95
Trd, 2591418.213, 112
Trd, 2591418.529, 94
Trd, 2591419.129, 108
Trd, 2591419.263, 122
Trd, 2591419.546, 120
Trd, 2591420.763, 107
Trd, 2591421.546, 105
Trd, 2591422.146, 101
Trd, 2591422.413, 93
Trd, 2591422.546, 118
Trd, 2591423.596, 94
Trd, 2591424.463, 117
Trd, 2591424.629, 117
Trd, 2591425.613, 116
Trd, 2591425.679, 113
Trd, 2591425.946, 98
Trd, 2591426.213, 91
Trd, 2591427.746, 101
Trd, 2591428.079, 109
Trd, 2591428.146, 110
Trd, 2591428.479, 97
Trd, 2591428.813, 98
Trd, 2591430.446, 90
Trd, 2591430.479, 89
Trd, 2591431.663, 111
Trd, 2591432.279, 110
Trd, 2591432.313, 118
Trd, 2591432.346, 122
Trd, 2591432.529, 106
Trd, 2591433.613, 116
Trd, 2591434.596, 102
Trd, 2591435.679, 113
Trd, 2591436.696, 113
Trd, 2591437.263, 116
Trd, 2591437.363, 100
Trd, 2591437.379, 118
Trd, 2591437.846, 97
Trd, 2591437.963, 91
Trd, 2591438.029, 86
Trd, 2591438.329, 108
Trd, 2591438.813, 85
Trd, 2591440.979, 101
Trd, 2591441.246, 100
Trd, 2591442.413, 98
Trd, 2591442.613, 92
Trd, 2591443.129, 102
Trd, 2591443.346, 104
Trd, 2591443.379, 105
Trd, 2591443.463, 95
Trd, 2591443.579, 113
Trd, 2591444.863, 98
Trd, 2591444.996, 114
Trd, 2591445.146, 98
Trd, 2591448.213, 101
Trd, 2591448.379, 111
Trd, 2591449.129, 113
Trd, 2591449.479, 102
Trd, 2591450.046, 102
Trd, 2591450.163, 101
Trd, 2591450.479, 95
Trd, 2591450.813, 94
Trd, 2591451.579, 91
Trd, 2591452.629, 113
Trd, 2591453.479, 88
Trd, 2591454.046, 112
Trd, 2591454.746, 99
Trd, 2591455.879, 86
Trd, 2591456.596, 103
Trd, 2591457.313, 87
Trd, 2591457.379, 107
Trd, 2591458.263, 113
Trd, 2591458.563, 111
Trd, 2591458.779, 112
Trd, 2591458.929, 91
Trd, 2591459.879, 107
Trd, 2591460.029, 101
Trd, 2591460.129, 115
Trd, 2591460.629, 105
Trd, 2591460.763, 93
Trd, 2591461.663, 116
Trd, 2591462.579, 116
Trd, 2591463.029, 115
Trd, 2591464.079, 98
Trd, 2591464.663, 91
Trd, 2591465.163, 115
Trd, 2591465.296, 105
Trd, 2591465.846, 115
Trd, 2591466.496, 108
Trd, 2591466.663, 101
Trd, 2591466.779, 101
Trd, 2591467.079, 98
Trd, 2591469.029, 96
Trd, 2591469.363, 114
Trd, 2591470.046, 115
Trd, 2591470.596, 99
Trd, 2591471.496, 118
Trd, 2591471.879, 111
Trd, 2591472.713, 109
Trd, 2591474.546, 116
Trd, 2591474.696, 108
Trd, 2591475.063, 103
Trd, 2591475.829, 103
Trd, 2591475.879, 102
Trd, 2591476.146, 101
Trd, 2591476.163, 94
Trd, 2591476.396, 117
Trd, 2591476.829, 117
Trd, 2591477.346, 121
Trd, 2591480.263, 115
Trd, 2591480.863, 112
Trd, 2591482.113, 120
Trd, 2591482.129, 106
Trd, 2591482.729, 101
Trd, 2591483.079, 117
Trd, 2591483.313, 119
Trd, 2591483.429, 118
Trd, 2591483.696, 98
Trd, 2591483.829, 121
Trd, 2591484.446, 91
Trd, 2591484.946, 122
Trd, 2591485.913, 89
Trd, 2591486.463, 129
Trd, 2591486.579, 88
Trd, 2591486.713, 101
Trd, 2591487.896, 108
Trd, 2591488.046, 87
Trd, 2591488.713, 105
Trd, 2591488.829, 101
Trd, 2591489.729, 112
Trd, 2591491.763, 88
Trd, 2591491.879, 113
Trd, 2591492.213, 114
Trd, 2591492.846, 91
Trd, 2591493.096, 90
Trd, 2591493.113, 101
Trd, 2591493.363, 88
Trd, 2591493.463, 98
Trd, 2591493.513, 87
Trd, 2591495.063, 99
Trd, 2591495.613, 103
Trd, 2591496.313, 101
Trd, 2591497.646, 116
Trd, 2591498.946, 117
Trd, 2591499.646, 86
Trd, 2591499.729, 84
Trd, 2591500.179, 115
Trd, 2591500.946, 116
Trd, 2591501.329, 116
Trd, 2591501.796, 114
Trd, 2591502.196, 94
Trd, 2591503.913, 110
Trd, 2591504.029, 111
Trd, 2591504.479, 109
Trd, 2591504.496, 112
Trd, 2591505.163, 108
Trd, 2591505.279, 111
Trd, 2591506.096, 108
Trd, 2591506.796, 100
Trd, 2591507.779, 98
Trd, 2591508.079, 91
Trd, 2591508.379, 87
Trd, 2591510.579, 104
Trd, 2591510.946, 114
Trd, 2591510.963, 84
Trd, 2591511.379, 102
Trd, 2591511.596, 118
Trd, 2591511.746, 114
Trd, 2591511.996, 113
Trd, 2591513.296, 116
Trd, 2591513.879, 117
Trd, 2591513.979, 101
Trd, 2591514.313, 113
Trd, 2591515.346, 101
Trd, 2591516.329, 101
Trd, 2591516.463, 105
Trd, 2591517.246, 101
Trd, 2591517.296, 108
Trd, 2591517.446, 115
Trd, 2591519.096, 103
Trd, 2591519.196, 102
Trd, 2591520.346, 111
Trd, 2591520.779, 100
Trd, 2591520.979, 100
Trd, 2591522.246, 107
Trd, 2591523.413, 105
Trd, 2591523.729, 98
Trd, 2591523.846, 105
Trd, 2591524.079, 108
Trd, 2591524.746, 102
Trd, 2591524.779, 94
Trd, 2591524.929, 91
Trd, 2591525.013, 108
Trd, 2591527.696, 106
Trd, 2591527.746, 105
Trd, 2591528.146, 86
Trd, 2591528.179, 84
Trd, 2591529.963, 89
Trd, 2591530.163, 106
Trd, 2591530.246, 82
Trd, 2591530.596, 106
Trd, 2591530.946, 108
Trd, 2591531.863, 86
Trd, 2591533.529, 96
Trd, 2591534.179, 94
Trd, 2591534.296, 102
Trd, 2591535.129, 105
Trd, 2591535.279, 97
Trd, 2591535.546, 111
Trd, 2591535.946, 116
Trd, 2591536.379, 98
Trd, 2591537.879, 107
Trd, 2591538.096, 103
Trd, 2591538.563, 98
Trd, 2591538.629, 98
Trd, 2591538.896, 99
Trd, 2591540.079, 101
Trd, 2591540.213, 113
Trd, 2591541.513, 114
Trd, 2591542.063, 118
Trd, 2591542.896, 100
Trd, 2591542.979, 99
Trd, 2591543.546, 115
Trd, 2591543.679, 101
Trd, 2591543.879, 94
Trd, 2591544.029, 91
Trd, 2591544.479, 88
Trd, 2591545.079, 114
Trd, 2591545.629, 107
Trd, 2591546.463, 88
Trd, 2591546.946, 115
Trd, 2591548.979, 89
Trd, 2591549.263, 103
Trd, 2591551.546, 97
Trd, 2591551.563, 98
Trd, 2591551.679, 101
Trd, 2591552.296, 95
Trd, 2591552.713, 108
Trd, 2591553.113, 96
Trd, 2591554.129, 96
Trd, 2591554.546, 94
Trd, 2591554.579, 91
Trd, 2591555.129, 101
Trd, 2591555.229, 88
Trd, 2591555.896, 101
Trd, 2591555.963, 88
Trd, 2591557.096, 112
Trd, 2591557.829, 108
Trd, 2591557.896, 112
Trd, 2591559.213, 117
Trd, 2591559.696, 115
Trd, 2591560.096, 117
Trd, 2591561.863, 115
Trd, 2591562.029, 98
Trd, 2591562.463, 118
Trd, 2591562.546, 105
Trd, 2591562.579, 121
Trd, 2591562.763, 94
Trd, 2591564.629, 119
Trd, 2591564.829, 122
Trd, 2591566.046, 92
Trd, 2591566.196, 91
Trd, 2591566.396, 98
Trd, 2591567.713, 91
Trd, 2591568.129, 91
Trd, 2591568.263, 90
Trd, 2591568.396, 116
Trd, 2591569.013, 114
Trd, 2591569.879, 86
Trd, 2591570.546, 100
Trd, 2591571.179, 101
Trd, 2591571.396, 108
Trd, 2591571.963, 113
Trd, 2591572.146, 83
Trd, 2591573.563, 89
Trd, 2591573.729, 88
Trd, 2591573.779, 87
Trd, 2591573.913, 84
Trd, 2591574.513, 77
Trd, 2591574.629, 104
Trd, 2591575.446, 107
Trd, 2591576.363, 114
Trd, 2591576.429, 82
Trd, 2591577.296, 85
Trd, 2591578.046, 98
Trd, 2591578.396, 118
Trd, 2591579.013, 92
Trd, 2591579.313, 91
Trd, 2591580.696, 112
Trd, 2591582.229, 98
Trd, 2591583.263, 113
Trd, 2591583.513, 112
Trd, 2591583.596, 116
Trd, 2591584.496, 105
Trd, 2591584.746, 104
Trd, 2591585.129, 107
Trd, 2591586.146, 111
Trd, 2591587.129, 101
Trd, 2591587.263, 96
Trd, 2591587.863, 110
Trd, 2591588.746, 109
Trd, 2591589.413, 115
Trd, 2591590.363, 107
Trd, 2591590.829, 98
Trd, 2591590.913, 113
Trd, 2591591.129, 94
Trd, 2591592.279, 104
Trd, 2591592.746, 88
Trd, 2591592.846, 122
Trd, 2591593.496, 89
Trd, 2591593.679, 116
Trd, 2591594.029, 88
Trd, 2591594.213, 87
Trd, 2591594.879, 99
Trd, 2591595.129, 85
Trd, 2591595.263, 123
Trd, 2591595.763, 101
Trd, 2591596.863, 100
Trd, 2591597.146, 100
Trd, 2591597.329, 99
Trd, 2591598.529, 101
Trd, 2591599.496, 94
Trd, 2591600.346, 107
Trd, 2591600.696, 118
Trd, 2591601.529, 111
Trd, 2591601.546, 98
Trd, 2591601.896, 87
Trd, 2591603.579, 90
Trd, 2591604.796, 98
Trd, 2591605.063, 100
Trd, 2591605.129, 105
Trd, 2591605.846, 108
Trd, 2591606.146, 90
Trd, 2591606.379, 113
Trd, 2591606.663, 114
Trd, 2591608.746, 105
Trd, 2591609.829, 106
Trd, 2591610.379, 94
Trd, 2591610.679, 106
Trd, 2591610.763, 106
Trd, 2591610.779, 75
Trd, 2591610.913, 111
Trd, 2591611.579, 101
Trd, 2591612.329, 90
Trd, 2591612.796, 101
Trd, 2591613.096, 112
Trd, 2591613.346, 92
Trd, 2591614.579, 98
Trd, 2591614.613, 117
Trd, 2591614.746, 98
Trd, 2591614.963, 118
Trd, 2591615.563, 108
Trd, 2591615.713, 104
Trd, 2591616.279, 94
Trd, 2591617.179, 92
Trd, 2591617.896, 112
Trd, 2591618.746, 115
Trd, 2591621.746, 100
Trd, 2591622.396, 100
Trd, 2591622.579, 101
Trd, 2591622.729, 99
Trd, 2591623.279, 108
Trd, 2591624.463, 100
Trd, 2591624.496, 98
Trd, 2591625.029, 104
Trd, 2591625.213, 94
Trd, 2591625.529, 91
Trd, 2591626.079, 111
Trd, 2591626.579, 87
Trd, 2591627.279, 115
Trd, 2591627.329, 118
Trd, 2591627.863, 105
Trd, 2591628.479, 122
Trd, 2591630.029, 108
Trd, 2591630.729, 122
Trd, 2591631.579, 122
Trd, 2591632.079, 121
Trd, 2591632.096, 112
Trd, 2591632.713, 118
Trd, 2591632.979, 115
Trd, 2591632.996, 102
Trd, 2591633.946, 100
Trd, 2591634.379, 112
Trd, 2591635.113, 99
Trd, 2591635.746, 99
Trd, 2591635.979, 98
Trd, 2591636.563, 109
Trd, 2591637.746, 114
Trd, 2591638.179, 109
Trd, 2591638.846, 107
Trd, 2591639.129, 117
Trd, 2591639.379, 104
Trd, 2591639.663, 119
Trd, 2591639.813, 98
Trd, 2591640.563, 94
Trd, 2591641.029, 91
Trd, 2591641.296, 87
Trd, 2591641.963, 112
Trd, 2591642.679, 84
Trd, 2591646.313, 104
Trd, 2591646.613, 101
Trd, 2591646.896, 103
Trd, 2591648.196, 108
Trd, 2591648.596, 99
Trd, 2591648.729, 110
Trd, 2591649.863, 101
Trd, 2591649.913, 115
Trd, 2591650.513, 105
Trd, 2591650.546, 116
Trd, 2591650.813, 100
Trd, 2591651.113, 98
Trd, 2591651.813, 105
Trd, 2591653.146, 111
Trd, 2591653.496, 114
Trd, 2591654.329, 103
Trd, 2591655.313, 112
Trd, 2591655.446, 101
Trd, 2591655.929, 116
Trd, 2591656.396, 100
Trd, 2591656.896, 116
Trd, 2591657.429, 118
Trd, 2591658.579, 106
Trd, 2591660.963, 104
Trd, 2591660.996, 98
Trd, 2591661.029, 91
Trd, 2591661.463, 90
Trd, 2591661.596, 87
Trd, 2591662.129, 105
Trd, 2591662.346, 85
Trd, 2591662.779, 104
Trd, 2591663.896, 85
Trd, 2591664.329, 102
Trd, 2591664.646, 103
Trd, 2591664.829, 86
Trd, 2591665.013, 83
Trd, 2591666.329, 112
Trd, 2591667.746, 117
Trd, 2591668.196, 86
Trd, 2591668.396, 108
Trd, 2591668.879, 118
Trd, 2591669.146, 83
Trd, 2591670.179, 84
Trd, 2591671.829, 103
Trd, 2591672.013, 108
Trd, 2591672.313, 111
Trd, 2591672.396, 94
Trd, 2591673.463, 114
Trd, 2591673.763, 101
Trd, 2591673.996, 96
Trd, 2591675.663, 97
Trd, 2591676.279, 97
Trd, 2591676.463, 95
Trd, 2591676.696, 99
Trd, 2591678.113, 95
Trd, 2591678.179, 102
Trd, 2591679.696, 94
Trd, 2591679.879, 108
Trd, 2591680.413, 116
Trd, 2591680.679, 89
Trd, 2591681.346, 85
Trd, 2591681.579, 94
Trd, 2591681.979, 118
Trd, 2591682.829, 122
Trd, 2591682.929, 129
Trd, 2591683.079, 131
Trd, 2591683.096, 116
Trd, 2591683.313, 115
Trd, 2591684.163, 116
Trd, 2591684.629, 105
Trd, 2591685.579, 95
Trd, 2591685.696, 94
Trd, 2591685.963, 87
Trd, 2591685.996, 83
Trd, 2591687.179, 84
Trd, 2591688.329, 96
Trd, 2591689.313, 99
Trd, 2591689.579, 106
Trd, 2591689.996, 108
Trd, 2591690.146, 104
Trd, 2591690.863, 113
Trd, 2591690.963, 94
Trd, 2591692.113, 100
Trd, 2591692.579, 108
Trd, 2591693.746, 111
Trd, 2591694.763, 102
Trd, 2591696.246, 105
Trd, 2591696.713, 111
Trd, 2591696.979, 104
Trd, 2591697.663, 101
Trd, 2591698.563, 99
Trd, 2591698.796, 107
Trd, 2591700.096, 98
Trd, 2591701.563, 106
Trd, 2591701.779, 105
Trd, 2591702.279, 107
Trd, 2591702.513, 108
Trd, 2591702.696, 98
Trd, 2591702.763, 118
Trd, 2591703.213, 101
Trd, 2591704.129, 107
Trd, 2591704.279, 114
Trd, 2591704.813, 102
Trd, 2591705.279, 101
Trd, 2591705.363, 98
Trd, 2591705.646, 91
Trd, 2591706.513, 85
Trd, 2591707.146, 104
Trd, 2591707.746, 109
Trd, 2591708.396, 109
Trd, 2591708.946, 92
Trd, 2591711.263, 103
Trd, 2591712.196, 104
Trd, 2591712.246, 108
Trd, 2591713.163, 114
Trd, 2591713.429, 115
Trd, 2591713.529, 100
Trd, 2591713.696, 99
Trd, 2591714.379, 108
Trd, 2591714.429, 114
Trd, 2591715.146, 117
Trd, 2591716.896, 102
Trd, 2591717.063, 91
Trd, 2591717.696, 114
Trd, 2591719.563, 105
Trd, 2591719.713, 114
Trd, 2591720.179, 99
Trd, 2591720.396, 106
Trd, 2591720.713, 98
Trd, 2591721.529, 103
Trd, 2591722.079, 116
Trd, 2591722.346, 103
Trd, 2591722.413, 117
Trd, 2591722.729, 101
Trd, 2591723.463, 94
Trd, 2591723.963, 112
Trd, 2591724.846, 108
Trd, 2591725.213, 112
Trd, 2591725.896, 108
Trd, 2591726.413, 108
Trd, 2591726.979, 116
Trd, 2591727.329, 117
Trd, 2591728.663, 117
Trd, 2591729.029, 118
Trd, 2591729.746, 122
Trd, 2591729.779, 115
Trd, 2591729.846, 105
Trd, 2591730.546, 97
Trd, 2591731.429, 94
Trd, 2591731.646, 106
Trd, 2591732.979, 124
Trd, 2591733.246, 118
Trd, 2591733.729, 98
Trd, 2591735.013, 122
Trd, 2591735.096, 112
Trd, 2591736.929, 100
Trd, 2591737.329, 95
Trd, 2591737.829, 107
Trd, 2591739.496, 101
Trd, 2591739.729, 93
Trd, 2591740.196, 104
Trd, 2591740.846, 102
Trd, 2591741.596, 108
Trd, 2591742.646, 116
Trd, 2591742.796, 96
Trd, 2591742.929, 93
Trd, 2591743.546, 109
Trd, 2591743.929, 108
Trd, 2591744.079, 115
Trd, 2591745.146, 104
Trd, 2591745.479, 102
Trd, 2591745.763, 117
Trd, 2591745.779, 118
Trd, 2591747.946, 114
Trd, 2591748.029, 101
Trd, 2591748.129, 98
Trd, 2591748.163, 121
Trd, 2591750.879, 103
Trd, 2591751.096, 105
Trd, 2591751.246, 94
Trd, 2591751.396, 91
Trd, 2591751.829, 106
Trd, 2591752.696, 87
Trd, 2591753.363, 108
Trd, 2591753.829, 86
Trd, 2591754.479, 104
Trd, 2591754.746, 108
Trd, 2591754.779, 104
Trd, 2591755.213, 116
Trd, 2591755.479, 89
Trd, 2591756.896, 101
Trd, 2591757.263, 117
Trd, 2591758.179, 104
Trd, 2591758.496, 87
Trd, 2591760.579, 110
Trd, 2591760.779, 108
Trd, 2591760.863, 112
Trd, 2591761.013, 113
Trd, 2591761.279, 83
Trd, 2591761.296, 118
Trd, 2591761.713, 100
Trd, 2591764.163, 95
Trd, 2591764.246, 94
Trd, 2591764.313, 91
Trd, 2591764.779, 99
Trd, 2591764.996, 101
Trd, 2591765.163, 115
Trd, 2591765.446, 94
Trd, 2591765.629, 87
Trd, 2591766.229, 117
Trd, 2591768.679, 86
Trd, 2591769.096, 87
Trd, 2591769.696, 103
Trd, 2591769.779, 108
Trd, 2591769.946, 86
Trd, 2591771.163, 104
Trd, 2591771.746, 102
Trd, 2591772.013, 100
Trd, 2591772.896, 112
Trd, 2591774.396, 107
Trd, 2591774.729, 105
Trd, 2591774.763, 111
Trd, 2591774.946, 112
Trd, 2591775.096, 86
Trd, 2591775.596, 118
Trd, 2591777.896, 107
Trd, 2591778.296, 106
Trd, 2591778.413, 111
Trd, 2591779.079, 104
Trd, 2591779.263, 103
Trd, 2591779.946, 109
Trd, 2591780.646, 101
Trd, 2591781.146, 98
Trd, 2591781.429, 94
Trd, 2591781.679, 91
Trd, 2591782.296, 107
Trd, 2591782.629, 114
Trd, 2591784.863, 109
Trd, 2591784.946, 108
Trd, 2591785.446, 116
Trd, 2591786.246, 103
Trd, 2591786.779, 105
Trd, 2591786.863, 99
Trd, 2591787.029, 91
Trd, 2591787.213, 118
Trd, 2591787.279, 122
Trd, 2591787.696, 108
Trd, 2591787.763, 87
Trd, 2591788.529, 117
Trd, 2591789.179, 84
Trd, 2591789.296, 118
Trd, 2591789.396, 83
Trd, 2591790.679, 84
Trd, 2591791.129, 87
Trd, 2591792.146, 79
Trd, 2591793.429, 119
Trd, 2591794.063, 117
Trd, 2591794.496, 113
Trd, 2591795.196, 112
Trd, 2591796.046, 99
Trd, 2591796.663, 100
Trd, 2591797.896, 98
Trd, 2591798.079, 101
Trd, 2591799.613, 103
Trd, 2591799.663, 96
Trd, 2591799.863, 94
Trd, 2591799.979, 87
Trd, 2591800.696, 103
Trd, 2591801.113, 90
Trd, 2591801.629, 108
Trd, 2591802.463, 87
Trd, 2591802.813, 102
Trd, 2591802.963, 113
Trd, 2591804.046, 113
Trd, 2591804.496, 107
Trd, 2591804.563, 105
Trd, 2591804.679, 118
Trd, 2591804.996, 101
Trd, 2591805.863, 114
Trd, 2591806.363, 98
Trd, 2591808.629, 117
Trd, 2591808.763, 115
Trd, 2591809.079, 114
Trd, 2591809.113, 117
Trd, 2591809.196, 113
Trd, 2591809.629, 128
Trd, 2591809.896, 108
Trd, 2591810.229, 118
Trd, 2591810.563, 96
Trd, 2591811.646, 105
Trd, 2591812.129, 95
Trd, 2591813.313, 94
Trd, 2591813.896, 100
Trd, 2591814.163, 92
Trd, 2591814.696, 99
Trd, 2591815.746, 88
Trd, 2591816.113, 102
Trd, 2591817.496, 106
Trd, 2591817.529, 85
Trd, 2591818.146, 87
Trd, 2591818.513, 111
Trd, 2591819.496, 104
Trd, 2591819.629, 105
Trd, 2591819.713, 99
Trd, 2591820.013, 112
Trd, 2591820.363, 93
Trd, 2591820.429, 83
Trd, 2591821.379, 88
Trd, 2591822.629, 91
Trd, 2591823.163, 90
Trd, 2591823.546, 107
Trd, 2591823.696, 117
Trd, 2591824.446, 115
Trd, 2591824.863, 117
Trd, 2591824.913, 88
Trd, 2591825.346, 118
Trd, 2591826.179, 87
Trd, 2591826.563, 122
Trd, 2591826.579, 125
Trd, 2591827.229, 94
Trd, 2591828.863, 101
Trd, 2591830.163, 122
Trd, 2591830.679, 111
Trd, 2591831.113, 112
Trd, 2591831.146, 116
Trd, 2591831.563, 109
Trd, 2591831.663, 115
Trd, 2591832.996, 108
Trd, 2591833.029, 108
Trd, 2591834.546, 105
Trd, 2591834.629, 114
Trd, 2591835.113, 99
Trd, 2591835.196, 100
Trd, 2591835.296, 98
Trd, 2591835.546, 94
Trd, 2591835.946, 91
Trd, 2591836.496, 87
Trd, 2591836.596, 115
Trd, 2591837.063, 84
Trd, 2591837.279, 104
Trd, 2591838.729, 114
Trd, 2591839.479, 115
Trd, 2591839.896, 118
Trd, 2591840.946, 102
Trd, 2591841.079, 100
Trd, 2591841.846, 99
Trd, 2591843.246, 112
Trd, 2591843.713, 113
Trd, 2591844.529, 104
Trd, 2591844.613, 100
Trd, 2591844.879, 98
Trd, 2591845.363, 95
Trd, 2591846.113, 108
Trd, 2591846.613, 95
Trd, 2591847.296, 113
Trd, 2591847.496, 101
Trd, 2591848.779, 93
Trd, 2591849.046, 99
Trd, 2591849.113, 92
Trd, 2591851.696, 105
Trd, 2591852.913, 105
Trd, 2591853.163, 105
Trd, 2591853.646, 105
Trd, 2591853.679, 99
Trd, 2591853.829, 87
Trd, 2591854.079, 108
Trd, 2591854.396, 100
Trd, 2591856.163, 95
Trd, 2591856.279, 97
Trd, 2591856.346, 93
Trd, 2591856.729, 98
Trd, 2591858.329, 94
Trd, 2591858.546, 93
Trd, 2591860.013, 111
Trd, 2591860.396, 112
Trd, 2591860.413, 103
Trd, 2591860.896, 107
Trd, 2591861.163, 101
Trd, 2591861.646, 117
Trd, 2591862.546, 88
Trd, 2591862.713, 106
Trd, 2591864.129, 116
Trd, 2591864.746, 113
Trd, 2591865.346, 104
Trd, 2591865.929, 98
Trd, 2591866.329, 95
Trd, 2591867.229, 94
Trd, 2591867.279, 115
Trd, 2591868.396, 101
Trd, 2591868.579, 111
Trd, 2591869.079, 110
Trd, 2591870.629, 101
Trd, 2591871.629, 94
Trd, 2591872.279, 110
Trd, 2591872.929, 112
Trd, 2591873.113, 98
Trd, 2591873.279, 97
Trd, 2591873.679, 117
Trd, 2591873.879, 118
Trd, 2591874.413, 86
Trd, 2591874.629, 120
Trd, 2591875.079, 122
Trd, 2591876.179, 87
Trd, 2591876.346, 116
Trd, 2591876.579, 86
Trd, 2591877.163, 119
Trd, 2591878.079, 108
Trd, 2591879.046, 108
Trd, 2591879.296, 118
Trd, 2591879.679, 109
Trd, 2591880.329, 98
Trd, 2591880.629, 117
Trd, 2591880.696, 108
Trd, 2591880.996, 105
Trd, 2591881.296, 113
Trd, 2591881.596, 122
Trd, 2591883.013, 94
Trd, 2591884.363, 87
Trd, 2591885.963, 86
Trd, 2591887.046, 104
Trd, 2591887.179, 107
Trd, 2591887.296, 77
Trd, 2591887.396, 115
Trd, 2591887.596, 114
Trd, 2591888.029, 101
Trd, 2591889.679, 108
Trd, 2591889.829, 94
Trd, 2591889.896, 109
Trd, 2591890.113, 112
Trd, 2591890.913, 115
Trd, 2591891.829, 93
Trd, 2591893.046, 93
Trd, 2591893.446, 92
Trd, 2591893.496, 91
Trd, 2591893.913, 105
Trd, 2591894.346, 86
Trd, 2591894.929, 86
Trd, 2591895.113, 83
Trd, 2591896.029, 84
Trd, 2591896.396, 107
Trd, 2591896.929, 106
Trd, 2591897.013, 108
Trd, 2591897.729, 88
Trd, 2591898.529, 113
Trd, 2591898.613, 113
Trd, 2591898.813, 87
Trd, 2591899.063, 89
Trd, 2591899.496, 106
Trd, 2591900.063, 99
Trd, 2591902.413, 101
Trd, 2591902.529, 101
Trd, 2591904.046, 113
Trd, 2591904.879, 109
Trd, 2591906.113, 107
Trd, 2591906.129, 102
Trd, 2591907.479, 113
Trd, 2591907.629, 101
Trd, 2591908.613, 120
Trd, 2591909.346, 115
Trd, 2591909.679, 117
Trd, 2591910.046, 118
Trd, 2591910.113, 107
Trd, 2591910.229, 101
Trd, 2591911.363, 122
Trd, 2591911.463, 121
Trd, 2591912.596, 101
Trd, 2591913.513, 103
Trd, 2591913.563, 110
Trd, 2591913.929, 111
Trd, 2591914.346, 117
Trd, 2591914.446, 98
Trd, 2591916.896, 106
Trd, 2591917.063, 94
Trd, 2591917.346, 95
Trd, 2591917.713, 98
Trd, 2591918.079, 93
Trd, 2591918.146, 108
Trd, 2591918.946, 105
Trd, 2591919.346, 91
Trd, 2591919.996, 111
Trd, 2591920.096, 112
Trd, 2591920.496, 87
Trd, 2591921.279, 115
Trd, 2591922.963, 90
Trd, 2591923.229, 100
Trd, 2591923.779, 101
Trd, 2591924.079, 92
Trd, 2591924.679, 105
Trd, 2591924.863, 105
Trd, 2591925.896, 101
Trd, 2591926.796, 102
Trd, 2591927.463, 112
Trd, 2591927.729, 95
Trd, 2591928.296, 113
Trd, 2591928.796, 96
Trd, 2591929.013, 115
Trd, 2591929.813, 117
Trd, 2591929.846, 118
Trd, 2591930.329, 122
Trd, 2591932.246, 113
Trd, 2591932.446, 113
Trd, 2591933.129, 117
Trd, 2591933.363, 112
Trd, 2591933.863, 108
Trd, 2591934.029, 95
Trd, 2591934.763, 95
Trd, 2591935.646, 97
Trd, 2591935.796, 98
Trd, 2591935.979, 94
Trd, 2591937.796, 92
Trd, 2591937.979, 102
Trd, 2591939.396, 114
Trd, 2591939.429, 115
Trd, 2591939.479, 110
Trd, 2591940.363, 108
Trd, 2591941.346, 107
Trd, 2591941.563, 112
Trd, 2591941.579, 98
Trd, 2591942.913, 105
Trd, 2591943.329, 94
Trd, 2591943.396, 112
Trd, 2591943.479, 91
Trd, 2591943.546, 115
Trd, 2591945.713, 78
Trd, 2591945.913, 113
Trd, 2591946.563, 83
Trd, 2591948.013, 116
Trd, 2591948.263, 92
Trd, 2591948.329, 89
Trd, 2591948.563, 88
Trd, 2591948.913, 117
Trd, 2591949.346, 88
Trd, 2591949.613, 116
Trd, 2591951.163, 114
Trd, 2591951.179, 113
Trd, 2591951.279, 116
Trd, 2591951.913, 100
Trd, 2591952.163, 105
Trd, 2591952.329, 118
Trd, 2591953.063, 105
Trd, 2591953.746, 104
Trd, 2591954.046, 114
Trd, 2591954.413, 115
Trd, 2591954.546, 105
Trd, 2591955.179, 98
Trd, 2591956.646, 89
Trd, 2591956.896, 88
Trd, 2591957.163, 87
Trd, 2591958.513, 84
Trd, 2591959.363, 85
Trd, 2591959.496, 107
Trd, 2591960.746, 108
Trd, 2591961.513, 114
Trd, 2591961.696, 116
Trd, 2591962.013, 118
Trd, 2591963.113, 102
Trd, 2591963.296, 102
Trd, 2591963.329, 103
Trd, 2591963.896, 116
Trd, 2591964.546, 107
Trd, 2591965.463, 101
Trd, 2591965.596, 111
Trd, 2591965.613, 94
Trd, 2591965.679, 77
Trd, 2591966.646, 103
Trd, 2591968.613, 103
Trd, 2591968.663, 112
Trd, 2591969.129, 113
Trd, 2591969.179, 92
Trd, 2591969.613, 100
Trd, 2591970.079, 117
Trd, 2591970.196, 112
Trd, 2591970.279, 91
Trd, 2591971.879, 118
Trd, 2591972.913, 107
Trd, 2591972.996, 115
Trd, 2591973.846, 114
Trd, 2591974.029, 75
Trd, 2591975.279, 116
Trd, 2591976.413, 105
Trd, 2591977.146, 104
Trd, 2591977.196, 117
Trd, 2591977.746, 101
Trd, 2591978.129, 117
Trd, 2591978.363, 115
Trd, 2591979.696, 101
Trd, 2591979.879, 117
Trd, 2591981.196, 116
Trd, 2591981.529, 98
Trd, 2591982.563, 91
Trd, 2591982.963, 89
Trd, 2591983.579, 88
Trd, 2591983.813, 104
Trd, 2591983.863, 87
Trd, 2591984.196, 117
Trd, 2591984.613, 85
Trd, 2591984.846, 112
Trd, 2591986.363, 118
Trd, 2591986.596, 109
Trd, 2591987.496, 110
Trd, 2591987.863, 118
Trd, 2591987.929, 109
Trd, 2591988.413, 108
Trd, 2591988.446, 101
Trd, 2591988.663, 118
Trd, 2591990.563, 105
Trd, 2591991.096, 113
Trd, 2591992.846, 112
Trd, 2591993.429, 107
Trd, 2591993.796, 103
Trd, 2591994.146, 110
Trd, 2591995.113, 105
Trd, 2591996.446, 101
Trd, 2591996.979, 99
Trd, 2591996.996, 100
Trd, 2591997.663, 98
Trd, 2591997.913, 92
Trd, 2591997.929, 103
Trd, 2591999.263, 99
Trd, 2591999.679, 99
Trd, 2591999.813, 92
