Trd, 2590639.513, 83
Trd, 2590639.963, 95
Trd, 2590642.079, 109
Trd, 2590642.463, 99
Trd, 2590642.596, 109
Trd, 2590643.146, 100
Trd, 2590643.679, 103
Trd, 2590645.529, 105
Trd, 2590646.879, 111
Trd, 2590647.079, 103
Trd, 2590647.313, 108
Trd, 2590647.596, 103
Trd, 2590647.879, 101
Trd, 2590649.846, 110
Trd, 2590650.229, 103
Trd, 2590650.563, 102
Trd, 2590650.663, 101
Trd, 2590650.796, 87
Trd, 2590650.846, 86
Trd, 2590651.896, 104
Trd, 2590652.363, 108
Trd, 2590653.079, 115
Trd, 2590655.463, 105
Trd, 2590656.346, 94
Trd, 2590657.329, 104
Trd, 2590657.379, 96
Trd, 2590657.813, 96
Trd, 2590658.146, 95
Trd, 2590658.696, 89
Trd, 2590659.546, 90
Trd, 2590660.963, 102
Trd, 2590662.513, 94
Trd, 2590662.629, 93
Trd, 2590665.729, 95
Trd, 2590666.129, 101
Trd, 2590666.779, 104
Trd, 2590666.896, 96
Trd, 2590667.913, 103
Trd, 2590668.329, 96
Trd, 2590669.413, 96
Trd, 2590669.713, 96
Trd, 2590669.796, 105
Trd, 2590671.946, 109
Trd, 2590672.079, 111
Trd, 2590672.213, 108
Trd, 2590672.696, 87
Trd, 2590673.146, 90
Trd, 2590673.263, 92
Trd, 2590673.896, 89
Trd, 2590674.663, 97
Trd, 2590674.729, 106
Trd, 2590676.446, 119
Trd, 2590677.163, 91
Trd, 2590679.063, 112
Trd, 2590679.663, 111
Trd, 2590679.879, 96
Trd, 2590680.129, 96
Trd, 2590680.496, 94
Trd, 2590680.629, 87
Trd, 2590681.779, 94
Trd, 2590682.513, 97
Trd, 2590684.046, 100
Trd, 2590684.196, 111
Trd, 2590685.263, 101
Trd, 2590687.546, 101
Trd, 2590687.963, 105
Trd, 2590688.096, 93
Trd, 2590689.579, 101
Trd, 2590689.846, 116
Trd, 2590690.163, 122
Trd, 2590690.779, 101
Trd, 2590691.246, 104
Trd, 2590691.796, 96
Trd, 2590692.229, 109
Trd, 2590692.463, 105
Trd, 2590693.213, 111
Trd, 2590693.779, 91
Trd, 2590694.713, 97
Trd, 2590695.496, 96
Trd, 2590695.779, 95
Trd, 2590698.896, 103
Trd, 2590698.913, 105
Trd, 2590699.229, 104
Trd, 2590700.313, 104
Trd, 2590700.813, 87
Trd, 2590701.513, 104
Trd, 2590701.646, 86
Trd, 2590703.179, 89
Trd, 2590703.279, 101
Trd, 2590704.396, 91
Trd, 2590705.129, 100
Trd, 2590706.929, 96
Trd, 2590707.429, 99
Trd, 2590707.846, 100
Trd, 2590708.179, 99
Trd, 2590708.196, 98
Trd, 2590708.996, 88
Trd, 2590709.129, 102
Trd, 2590710.496, 103
Trd, 2590711.129, 88
Trd, 2590711.996, 101
Trd, 2590712.029, 87
Trd, 2590712.529, 82
Trd, 2590716.213, 84
Trd, 2590716.713, 95
Trd, 2590719.046, 94
Trd, 2590719.313, 95
Trd, 2590719.546, 92
Trd, 2590719.596, 91
Trd, 2590719.696, 89
Trd, 2590719.846, 94
Trd, 2590720.396, 96
Trd, 2590721.296, 95
Trd, 2590721.513, 104
Trd, 2590722.179, 96
Trd, 2590722.996, 105
Trd, 2590723.096, 109
Trd, 2590723.363, 97
Trd, 2590724.446, 107
Trd, 2590724.513, 88
Trd, 2590726.046, 89
Trd, 2590727.446, 96
Trd, 2590728.029, 97
Trd, 2590728.113, 95
Trd, 2590728.829, 116
Trd, 2590730.096, 94
Trd, 2590730.163, 102
Trd, 2590730.529, 109
Trd, 2590730.629, 87
Trd, 2590733.496, 108
Trd, 2590733.513, 112
Trd, 2590734.096, 121
Trd, 2590734.929, 136
Trd, 2590735.513, 87
Trd, 2590736.179, 77
Trd, 2590736.779, 89
Trd, 2590737.729, 86
Trd, 2590737.946, 87
Trd, 2590737.963, 94
Trd, 2590738.813, 88
Trd, 2590740.946, 96
Trd, 2590741.079, 105
Trd, 2590742.479, 101
Trd, 2590743.046, 104
Trd, 2590743.429, 105
Trd, 2590743.529, 108
Trd, 2590745.546, 111
Trd, 2590745.713, 110
Trd, 2590746.213, 113
Trd, 2590747.496, 109
Trd, 2590747.696, 108
Trd, 2590748.229, 92
Trd, 2590749.413, 89
Trd, 2590749.446, 84
Trd, 2590750.796, 84
Trd, 2590751.629, 91
Trd, 2590752.046, 84
Trd, 2590753.996, 88
Trd, 2590754.713, 86
Trd, 2590755.246, 88
Trd, 2590755.646, 86
Trd, 2590755.663, 99
Trd, 2590756.146, 87
Trd, 2590757.596, 85
Trd, 2590758.163, 78
Trd, 2590759.313, 97
Trd, 2590761.296, 105
Trd, 2590762.263, 103
Trd, 2590762.596, 95
Trd, 2590762.746, 95
Trd, 2590763.296, 111
Trd, 2590763.329, 95
Trd, 2590763.746, 95
Trd, 2590764.046, 111
Trd, 2590764.829, 96
Trd, 2590765.229, 94
Trd, 2590765.413, 88
Trd, 2590766.346, 104
Trd, 2590767.896, 84
Trd, 2590768.979, 105
Trd, 2590769.413, 107
Trd, 2590769.763, 106
Trd, 2590770.463, 94
Trd, 2590772.546, 90
Trd, 2590773.263, 107
Trd, 2590773.813, 101
Trd, 2590775.596, 109
Trd, 2590776.196, 112
Trd, 2590776.929, 104
Trd, 2590777.513, 103
Trd, 2590777.979, 117
Trd, 2590779.046, 118
Trd, 2590779.663, 115
Trd, 2590779.929, 112
Trd, 2590780.079, 90
Trd, 2590781.963, 87
Trd, 2590785.979, 88
Trd, 2590786.246, 87
Trd, 2590786.279, 86
Trd, 2590787.513, 91
Trd, 2590788.313, 91
Trd, 2590788.879, 102
Trd, 2590789.129, 97
Trd, 2590789.546, 93
Trd, 2590790.029, 93
Trd, 2590790.746, 102
Trd, 2590791.796, 104
Trd, 2590791.913, 100
Trd, 2590792.213, 101
Trd, 2590793.346, 104
Trd, 2590793.563, 105
Trd, 2590794.729, 107
Trd, 2590795.179, 105
Trd, 2590796.046, 110
Trd, 2590796.113, 87
Trd, 2590796.279, 86
Trd, 2590796.296, 113
Trd, 2590796.496, 122
Trd, 2590796.679, 81
Trd, 2590798.729, 111
Trd, 2590799.379, 112
Trd, 2590799.779, 112
Trd, 2590800.996, 105
Trd, 2590802.079, 103
Trd, 2590804.063, 136
Trd, 2590804.596, 98
Trd, 2590804.763, 97
Trd, 2590804.779, 92
Trd, 2590806.063, 94
Trd, 2590807.013, 103
Trd, 2590808.096, 106
Trd, 2590808.529, 106
Trd, 2590808.646, 110
Trd, 2590810.329, 113
Trd, 2590810.596, 112
Trd, 2590810.846, 115
Trd, 2590810.929, 108
Trd, 2590810.979, 115
Trd, 2590811.946, 89
Trd, 2590812.463, 89
Trd, 2590813.479, 90
Trd, 2590814.246, 90
Trd, 2590814.429, 87
Trd, 2590816.213, 95
Trd, 2590816.313, 96
Trd, 2590816.613, 80
Trd, 2590816.829, 102
Trd, 2590817.779, 80
Trd, 2590820.579, 88
Trd, 2590821.396, 105
Trd, 2590821.613, 91
Trd, 2590821.646, 90
Trd, 2590822.713, 109
Trd, 2590822.813, 91
Trd, 2590823.846, 107
Trd, 2590824.563, 108
Trd, 2590825.446, 100
Trd, 2590825.996, 95
Trd, 2590827.279, 88
Trd, 2590827.779, 88
Trd, 2590828.913, 93
Trd, 2590829.279, 95
Trd, 2590830.296, 102
Trd, 2590830.779, 94
Trd, 2590831.846, 113
Trd, 2590832.096, 101
Trd, 2590832.729, 104
Trd, 2590833.829, 95
Trd, 2590834.196, 94
Trd, 2590835.229, 100
Trd, 2590835.479, 98
Trd, 2590835.713, 96
Trd, 2590836.013, 99
Trd, 2590837.329, 87
Trd, 2590841.996, 103
Trd, 2590842.646, 105
Trd, 2590843.996, 108
Trd, 2590844.896, 108
Trd, 2590845.246, 119
Trd, 2590845.763, 105
Trd, 2590846.596, 89
Trd, 2590846.996, 88
Trd, 2590847.113, 88
Trd, 2590847.546, 87
Trd, 2590848.929, 94
Trd, 2590849.313, 95
Trd, 2590849.479, 114
Trd, 2590849.579, 93
Trd, 2590849.896, 91
Trd, 2590850.713, 108
Trd, 2590853.779, 92
Trd, 2590854.329, 89
Trd, 2590854.713, 97
Trd, 2590855.663, 104
Trd, 2590856.013, 88
Trd, 2590856.213, 124
Trd, 2590857.013, 97
Trd, 2590857.213, 94
Trd, 2590857.379, 101
Trd, 2590857.729, 88
Trd, 2590860.413, 104
Trd, 2590860.463, 105
Trd, 2590860.879, 112
Trd, 2590861.079, 98
Trd, 2590862.029, 100
Trd, 2590862.463, 98
Trd, 2590864.029, 102
Trd, 2590864.329, 98
Trd, 2590865.646, 109
Trd, 2590865.779, 113
Trd, 2590867.229, 93
Trd, 2590867.696, 117
Trd, 2590868.429, 89
Trd, 2590869.096, 90
Trd, 2590869.696, 97
Trd, 2590870.413, 88
Trd, 2590872.363, 91
Trd, 2590872.379, 128
Trd, 2590872.479, 91
Trd, 2590872.613, 135
Trd, 2590872.663, 122
Trd, 2590872.779, 115
Trd, 2590875.146, 99
Trd, 2590876.079, 131
Trd, 2590876.529, 130
Trd, 2590877.013, 129
Trd, 2590877.079, 131
Trd, 2590877.379, 108
Trd, 2590878.179, 105
Trd, 2590878.946, 107
Trd, 2590880.229, 81
Trd, 2590881.929, 84
Trd, 2590882.646, 87
Trd, 2590884.346, 87
Trd, 2590884.429, 100
Trd, 2590884.813, 105
Trd, 2590885.946, 108
Trd, 2590885.996, 108
Trd, 2590886.196, 109
Trd, 2590886.646, 113
Trd, 2590887.613, 113
Trd, 2590888.663, 113
Trd, 2590889.513, 108
Trd, 2590889.896, 97
Trd, 2590890.546, 105
Trd, 2590891.279, 91
Trd, 2590891.979, 96
Trd, 2590893.263, 100
Trd, 2590893.929, 96
Trd, 2590895.629, 101
Trd, 2590896.229, 98
Trd, 2590896.646, 100
Trd, 2590897.463, 98
Trd, 2590898.029, 105
Trd, 2590898.629, 122
Trd, 2590898.963, 97
Trd, 2590898.996, 94
Trd, 2590900.046, 93
Trd, 2590900.563, 114
Trd, 2590900.713, 91
Trd, 2590903.179, 89
Trd, 2590903.246, 105
Trd, 2590903.613, 91
Trd, 2590904.413, 101
Trd, 2590905.863, 105
Trd, 2590905.929, 98
Trd, 2590906.096, 97
Trd, 2590907.196, 96
Trd, 2590908.746, 109
Trd, 2590909.346, 112
Trd, 2590909.396, 108
Trd, 2590910.463, 97
Trd, 2590910.563, 110
Trd, 2590910.796, 92
Trd, 2590912.663, 85
Trd, 2590914.546, 87
Trd, 2590915.263, 87
Trd, 2590916.496, 85
Trd, 2590916.763, 85
Trd, 2590917.379, 86
Trd, 2590918.096, 94
Trd, 2590918.663, 89
Trd, 2590919.146, 100
Trd, 2590919.379, 102
Trd, 2590919.896, 104
Trd, 2590920.213, 97
Trd, 2590921.646, 87
Trd, 2590923.329, 85
Trd, 2590924.613, 91
Trd, 2590925.046, 89
Trd, 2590925.929, 92
Trd, 2590926.079, 94
Trd, 2590928.263, 106
Trd, 2590928.296, 105
Trd, 2590928.596, 107
Trd, 2590928.846, 105
Trd, 2590929.029, 107
Trd, 2590930.113, 109
Trd, 2590930.546, 110
Trd, 2590931.696, 111
Trd, 2590931.796, 110
Trd, 2590931.879, 87
Trd, 2590932.379, 115
Trd, 2590932.996, 88
Trd, 2590933.729, 87
Trd, 2590933.779, 94
Trd, 2590936.379, 88
Trd, 2590936.446, 102
Trd, 2590937.379, 94
Trd, 2590938.513, 103
Trd, 2590938.546, 104
Trd, 2590938.579, 105
Trd, 2590939.963, 108
Trd, 2590941.213, 104
Trd, 2590942.596, 106
Trd, 2590943.179, 107
Trd, 2590943.596, 105
Trd, 2590944.546, 104
Trd, 2590946.779, 101
Trd, 2590946.846, 93
Trd, 2590946.979, 110
Trd, 2590947.129, 104
Trd, 2590948.429, 88
Trd, 2590949.763, 107
Trd, 2590950.096, 103
Trd, 2590951.929, 98
Trd, 2590952.013, 97
Trd, 2590954.163, 97
Trd, 2590955.379, 100
Trd, 2590955.413, 99
Trd, 2590955.463, 101
Trd, 2590955.579, 108
Trd, 2590956.463, 111
Trd, 2590956.929, 105
Trd, 2590957.913, 114
Trd, 2590958.163, 107
Trd, 2590958.213, 105
Trd, 2590958.613, 103
Trd, 2590961.263, 86
Trd, 2590961.913, 87
Trd, 2590962.163, 87
Trd, 2590962.979, 105
Trd, 2590963.796, 99
Trd, 2590963.963, 99
Trd, 2590964.663, 114
Trd, 2590966.363, 105
Trd, 2590966.446, 104
Trd, 2590966.663, 102
Trd, 2590967.813, 103
Trd, 2590968.513, 103
Trd, 2590968.646, 105
Trd, 2590970.246, 111
Trd, 2590970.379, 110
Trd, 2590970.746, 91
Trd, 2590970.879, 108
Trd, 2590972.329, 136
Trd, 2590974.096, 98
Trd, 2590975.146, 100
Trd, 2590975.296, 105
Trd, 2590976.063, 99
Trd, 2590976.513, 100
Trd, 2590977.279, 100
Trd, 2590977.446, 89
Trd, 2590977.529, 101
Trd, 2590979.929, 89
Trd, 2590980.363, 94
Trd, 2590981.046, 90
Trd, 2590981.546, 91
Trd, 2590981.763, 101
Trd, 2590981.896, 92
Trd, 2590983.129, 91
Trd, 2590983.563, 105
Trd, 2590985.946, 101
Trd, 2590986.296, 107
Trd, 2590987.013, 97
Trd, 2590988.163, 108
Trd, 2590989.513, 107
Trd, 2590989.679, 102
Trd, 2590990.196, 108
Trd, 2590990.296, 104
Trd, 2590990.963, 107
Trd, 2590992.079, 106
Trd, 2590993.029, 108
Trd, 2590993.446, 105
Trd, 2590994.946, 105
Trd, 2590995.013, 104
Trd, 2590995.046, 103
Trd, 2590995.513, 100
Trd, 2590995.846, 92
Trd, 2590996.046, 83
Trd, 2590998.779, 104
Trd, 2590999.046, 95
Trd, 2591000.479, 101
Trd, 2591000.613, 99
Trd, 2591001.296, 101
Trd, 2591001.363, 105
Trd, 2591002.663, 89
Trd, 2591004.013, 100
Trd, 2591005.179, 102
Trd, 2591006.546, 111
Trd, 2591006.629, 110
Trd, 2591006.896, 108
Trd, 2591007.346, 108
Trd, 2591007.379, 115
Trd, 2591008.046, 122
Trd, 2591008.579, 120
Trd, 2591010.379, 112
Trd, 2591011.079, 111
Trd, 2591011.813, 87
Trd, 2591012.546, 86
Trd, 2591012.746, 79
Trd, 2591012.963, 85
Trd, 2591015.046, 91
Trd, 2591015.446, 111
Trd, 2591015.796, 89
Trd, 2591015.979, 113
Trd, 2591017.796, 88
Trd, 2591018.846, 90
Trd, 2591019.196, 108
Trd, 2591019.613, 91
Trd, 2591019.963, 100
Trd, 2591020.296, 91
Trd, 2591022.279, 94
Trd, 2591022.379, 94
Trd, 2591023.513, 96
Trd, 2591025.763, 98
Trd, 2591026.246, 97
Trd, 2591026.479, 96
Trd, 2591026.979, 97
Trd, 2591027.146, 87
Trd, 2591027.546, 101
Trd, 2591027.796, 108
Trd, 2591028.079, 91
Trd, 2591028.229, 103
Trd, 2591028.613, 113
Trd, 2591032.046, 100
Trd, 2591032.463, 95
Trd, 2591033.046, 101
Trd, 2591033.463, 95
Trd, 2591033.646, 94
Trd, 2591034.429, 100
Trd, 2591034.729, 103
Trd, 2591035.763, 106
Trd, 2591037.529, 99
Trd, 2591037.746, 110
Trd, 2591038.596, 107
Trd, 2591040.129, 107
Trd, 2591040.463, 107
Trd, 2591040.479, 110
Trd, 2591041.363, 89
Trd, 2591041.446, 102
Trd, 2591043.779, 101
Trd, 2591044.246, 101
Trd, 2591044.396, 101
Trd, 2591044.479, 100
Trd, 2591045.446, 100
Trd, 2591045.729, 92
Trd, 2591046.896, 87
Trd, 2591048.029, 89
Trd, 2591049.429, 94
Trd, 2591049.796, 94
Trd, 2591050.413, 95
Trd, 2591050.546, 105
Trd, 2591051.063, 102
Trd, 2591051.096, 112
Trd, 2591051.713, 94
Trd, 2591054.246, 96
Trd, 2591054.279, 95
Trd, 2591054.613, 88
Trd, 2591057.229, 100
Trd, 2591057.279, 95
Trd, 2591058.496, 94
Trd, 2591058.946, 99
Trd, 2591058.996, 104
Trd, 2591059.496, 113
Trd, 2591059.579, 92
Trd, 2591060.763, 107
Trd, 2591060.813, 95
Trd, 2591063.113, 97
Trd, 2591065.279, 104
Trd, 2591065.513, 104
Trd, 2591065.563, 103
Trd, 2591066.946, 111
Trd, 2591067.213, 112
Trd, 2591068.196, 94
Trd, 2591069.463, 101
Trd, 2591069.729, 97
Trd, 2591069.796, 96
Trd, 2591070.496, 93
Trd, 2591070.796, 100
Trd, 2591070.946, 87
Trd, 2591071.279, 101
Trd, 2591071.396, 105
Trd, 2591073.213, 95
Trd, 2591073.863, 95
Trd, 2591074.346, 102
Trd, 2591074.946, 101
Trd, 2591075.446, 109
Trd, 2591076.013, 116
Trd, 2591078.746, 102
Trd, 2591079.496, 112
Trd, 2591079.913, 105
Trd, 2591079.979, 108
Trd, 2591080.279, 105
Trd, 2591080.429, 104
Trd, 2591081.546, 108
Trd, 2591082.363, 107
Trd, 2591083.029, 106
Trd, 2591083.279, 108
Trd, 2591083.329, 107
Trd, 2591083.363, 105
Trd, 2591083.379, 97
Trd, 2591084.363, 88
Trd, 2591084.796, 90
Trd, 2591084.879, 92
Trd, 2591085.263, 110
Trd, 2591088.813, 101
Trd, 2591091.396, 108
Trd, 2591091.413, 106
Trd, 2591091.896, 113
Trd, 2591092.163, 122
Trd, 2591092.996, 130
Trd, 2591093.079, 107
Trd, 2591093.113, 107
Trd, 2591093.213, 90
Trd, 2591093.713, 87
Trd, 2591096.046, 109
Trd, 2591096.279, 108
Trd, 2591096.646, 113
Trd, 2591097.563, 111
Trd, 2591097.696, 106
Trd, 2591097.879, 116
Trd, 2591100.146, 114
Trd, 2591100.729, 113
Trd, 2591101.896, 112
Trd, 2591102.063, 111
Trd, 2591102.496, 105
Trd, 2591102.563, 99
Trd, 2591103.829, 112
Trd, 2591104.779, 96
Trd, 2591106.213, 116
Trd, 2591106.796, 81
Trd, 2591107.629, 91
Trd, 2591108.796, 102
Trd, 2591109.146, 100
Trd, 2591111.046, 102
Trd, 2591111.279, 104
Trd, 2591111.929, 108
Trd, 2591112.063, 110
Trd, 2591112.096, 109
Trd, 2591112.279, 109
Trd, 2591113.363, 109
Trd, 2591113.529, 105
Trd, 2591114.013, 87
Trd, 2591115.329, 88
Trd, 2591117.879, 95
Trd, 2591118.779, 100
Trd, 2591118.996, 94
Trd, 2591119.029, 101
Trd, 2591119.063, 105
Trd, 2591119.296, 94
Trd, 2591120.113, 122
Trd, 2591121.046, 123
Trd, 2591121.196, 115
Trd, 2591121.496, 112
Trd, 2591123.379, 95
Trd, 2591123.929, 94
Trd, 2591124.696, 96
Trd, 2591124.729, 95
Trd, 2591125.679, 97
Trd, 2591125.846, 101
Trd, 2591126.096, 105
Trd, 2591127.846, 116
Trd, 2591128.863, 120
Trd, 2591129.163, 109
Trd, 2591129.879, 114
Trd, 2591130.313, 108
Trd, 2591130.779, 115
Trd, 2591131.246, 111
Trd, 2591132.863, 113
Trd, 2591134.029, 90
Trd, 2591136.246, 104
Trd, 2591137.063, 111
Trd, 2591138.446, 111
Trd, 2591138.513, 108
Trd, 2591138.663, 107
Trd, 2591138.763, 105
Trd, 2591139.379, 109
Trd, 2591139.479, 102
Trd, 2591140.146, 95
Trd, 2591140.863, 112
Trd, 2591140.946, 96
Trd, 2591142.079, 93
Trd, 2591142.479, 95
Trd, 2591143.396, 95
Trd, 2591143.429, 94
Trd, 2591144.563, 96
Trd, 2591146.763, 94
Trd, 2591148.546, 85
Trd, 2591149.313, 92
Trd, 2591149.379, 105
Trd, 2591150.013, 85
Trd, 2591150.429, 89
Trd, 2591152.213, 90
Trd, 2591152.396, 102
Trd, 2591153.229, 103
Trd, 2591155.213, 91
Trd, 2591155.713, 93
Trd, 2591156.396, 94
Trd, 2591156.979, 94
Trd, 2591157.079, 94
Trd, 2591159.029, 108
Trd, 2591159.179, 96
Trd, 2591159.229, 94
Trd, 2591159.329, 93
Trd, 2591160.763, 101
Trd, 2591160.913, 108
Trd, 2591162.363, 102
Trd, 2591163.146, 112
Trd, 2591163.479, 102
Trd, 2591163.763, 115
Trd, 2591164.913, 100
Trd, 2591165.363, 87
Trd, 2591167.296, 97
Trd, 2591168.196, 96
Trd, 2591169.013, 99
Trd, 2591170.013, 108
Trd, 2591170.429, 109
Trd, 2591170.513, 136
Trd, 2591171.313, 114
Trd, 2591171.596, 112
Trd, 2591172.229, 107
Trd, 2591173.229, 105
Trd, 2591173.513, 84
Trd, 2591174.346, 97
Trd, 2591174.729, 96
Trd, 2591175.279, 102
Trd, 2591177.363, 87
Trd, 2591178.346, 97
Trd, 2591178.879, 95
Trd, 2591179.229, 105
Trd, 2591180.063, 100
Trd, 2591181.946, 106
Trd, 2591182.429, 95
Trd, 2591182.746, 97
Trd, 2591183.796, 105
Trd, 2591183.913, 110
Trd, 2591185.113, 102
Trd, 2591186.146, 106
Trd, 2591186.296, 104
Trd, 2591188.746, 108
Trd, 2591189.729, 110
Trd, 2591189.896, 105
Trd, 2591190.029, 112
Trd, 2591190.463, 94
Trd, 2591190.879, 89
Trd, 2591191.029, 111
Trd, 2591191.529, 100
Trd, 2591191.679, 113
Trd, 2591192.463, 95
Trd, 2591193.579, 90
Trd, 2591194.713, 93
Trd, 2591195.296, 92
Trd, 2591195.413, 110
Trd, 2591196.946, 89
Trd, 2591197.146, 90
Trd, 2591199.713, 99
Trd, 2591200.579, 97
Trd, 2591200.596, 102
Trd, 2591201.063, 97
Trd, 2591201.796, 97
Trd, 2591202.246, 98
Trd, 2591202.979, 108
Trd, 2591203.229, 105
Trd, 2591204.363, 100
Trd, 2591205.229, 101
Trd, 2591205.296, 109
Trd, 2591205.346, 108
Trd, 2591207.963, 107
Trd, 2591209.696, 108
Trd, 2591210.629, 108
Trd, 2591211.396, 111
Trd, 2591211.463, 110
Trd, 2591212.229, 107
Trd, 2591212.279, 110
Trd, 2591212.879, 107
Trd, 2591212.946, 105
Trd, 2591214.613, 97
Trd, 2591215.046, 108
Trd, 2591216.696, 103
Trd, 2591217.613, 100
Trd, 2591218.913, 105
Trd, 2591219.863, 106
Trd, 2591220.113, 108
Trd, 2591220.596, 106
Trd, 2591220.613, 105
Trd, 2591221.063, 103
Trd, 2591221.496, 96
Trd, 2591222.329, 112
Trd, 2591222.463, 87
Trd, 2591222.763, 108
Trd, 2591224.146, 107
Trd, 2591224.629, 120
Trd, 2591226.063, 88
Trd, 2591226.763, 122
Trd, 2591228.563, 94
Trd, 2591228.679, 98
Trd, 2591230.829, 98
Trd, 2591230.963, 97
Trd, 2591231.346, 98
Trd, 2591231.629, 100
Trd, 2591232.829, 100
Trd, 2591233.246, 104
Trd, 2591233.696, 102
Trd, 2591234.663, 105
Trd, 2591234.879, 103
Trd, 2591235.729, 90
Trd, 2591236.696, 88
Trd, 2591236.813, 87
Trd, 2591238.829, 92
Trd, 2591240.329, 96
Trd, 2591241.196, 104
Trd, 2591241.213, 81
Trd, 2591241.696, 105
Trd, 2591242.396, 110
Trd, 2591244.079, 97
Trd, 2591245.546, 100
Trd, 2591247.063, 111
Trd, 2591247.329, 108
Trd, 2591248.729, 90
Trd, 2591249.113, 101
Trd, 2591249.413, 105
Trd, 2591250.046, 93
Trd, 2591250.413, 87
Trd, 2591250.896, 88
Trd, 2591251.029, 86
Trd, 2591253.096, 93
Trd, 2591253.963, 101
Trd, 2591254.696, 98
Trd, 2591255.479, 105
Trd, 2591256.363, 103
Trd, 2591256.446, 101
Trd, 2591256.929, 85
Trd, 2591258.729, 89
Trd, 2591260.329, 91
Trd, 2591260.896, 92
Trd, 2591261.213, 103
Trd, 2591261.446, 104
Trd, 2591262.046, 111
Trd, 2591262.813, 106
Trd, 2591263.646, 115
Trd, 2591263.779, 112
Trd, 2591264.629, 112
Trd, 2591265.129, 116
Trd, 2591265.263, 113
Trd, 2591265.479, 105
Trd, 2591266.946, 112
Trd, 2591267.029, 111
Trd, 2591267.063, 122
Trd, 2591269.713, 115
Trd, 2591269.779, 104
Trd, 2591270.196, 111
Trd, 2591270.496, 109
Trd, 2591271.646, 88
Trd, 2591273.446, 97
Trd, 2591273.579, 102
Trd, 2591274.863, 99
Trd, 2591275.463, 89
Trd, 2591275.646, 87
Trd, 2591276.113, 100
Trd, 2591276.346, 103
Trd, 2591276.429, 102
Trd, 2591277.879, 111
Trd, 2591278.213, 111
Trd, 2591278.696, 111
Trd, 2591281.646, 112
Trd, 2591281.863, 113
Trd, 2591282.046, 89
Trd, 2591282.213, 93
Trd, 2591282.896, 122
Trd, 2591283.146, 91
Trd, 2591284.079, 93
Trd, 2591284.779, 94
Trd, 2591285.579, 101
Trd, 2591286.729, 106
Trd, 2591287.113, 103
Trd, 2591287.696, 104
Trd, 2591288.563, 111
Trd, 2591288.779, 123
Trd, 2591288.946, 87
Trd, 2591289.829, 88
Trd, 2591290.296, 93
Trd, 2591290.429, 87
Trd, 2591290.996, 89
Trd, 2591291.996, 105
Trd, 2591293.213, 89
Trd, 2591293.263, 99
Trd, 2591293.646, 90
Trd, 2591296.213, 101
Trd, 2591296.446, 102
Trd, 2591297.046, 105
Trd, 2591298.079, 105
Trd, 2591298.379, 109
Trd, 2591300.829, 121
Trd, 2591300.929, 105
Trd, 2591301.079, 105
Trd, 2591301.179, 112
Trd, 2591301.496, 95
Trd, 2591302.529, 92
Trd, 2591303.779, 96
Trd, 2591304.929, 89
Trd, 2591306.163, 97
Trd, 2591306.379, 88
Trd, 2591306.763, 87
Trd, 2591307.096, 105
Trd, 2591308.046, 98
Trd, 2591308.479, 91
Trd, 2591309.196, 87
Trd, 2591310.946, 105
Trd, 2591312.529, 108
Trd, 2591312.863, 109
Trd, 2591313.863, 113
Trd, 2591314.113, 113
Trd, 2591315.079, 116
Trd, 2591315.096, 115
Trd, 2591315.246, 114
Trd, 2591315.529, 108
Trd, 2591317.929, 112
Trd, 2591318.613, 105
Trd, 2591319.229, 87
Trd, 2591319.296, 105
Trd, 2591321.379, 100
Trd, 2591321.429, 105
Trd, 2591322.146, 105
Trd, 2591322.663, 98
Trd, 2591322.729, 109
Trd, 2591323.013, 95
Trd, 2591323.729, 104
Trd, 2591326.663, 101
Trd, 2591327.563, 104
Trd, 2591327.829, 103
Trd, 2591327.846, 101
Trd, 2591327.896, 100
Trd, 2591328.296, 100
Trd, 2591329.329, 96
Trd, 2591329.713, 99
Trd, 2591330.079, 100
Trd, 2591330.813, 103
Trd, 2591331.713, 105
Trd, 2591332.046, 91
Trd, 2591332.546, 91
Trd, 2591333.329, 104
Trd, 2591335.996, 87
Trd, 2591337.113, 93
Trd, 2591338.629, 93
Trd, 2591339.129, 95
Trd, 2591339.913, 97
Trd, 2591339.963, 94
Trd, 2591340.929, 100
Trd, 2591341.346, 97
Trd, 2591343.063, 93
Trd, 2591343.329, 101
Trd, 2591344.329, 105
Trd, 2591344.846, 98
Trd, 2591345.846, 98
Trd, 2591346.429, 104
Trd, 2591346.996, 105
Trd, 2591347.813, 113
Trd, 2591348.179, 102
Trd, 2591349.279, 102
Trd, 2591349.763, 101
Trd, 2591350.079, 103
Trd, 2591350.413, 103
Trd, 2591351.196, 112
Trd, 2591351.229, 91
Trd, 2591351.813, 107
Trd, 2591352.979, 95
Trd, 2591354.513, 112
Trd, 2591355.329, 92
Trd, 2591356.113, 101
Trd, 2591357.946, 110
Trd, 2591358.013, 108
Trd, 2591358.063, 87
Trd, 2591359.696, 95
Trd, 2591361.046, 111
Trd, 2591361.129, 112
Trd, 2591361.213, 110
Trd, 2591361.313, 108
Trd, 2591361.346, 105
Trd, 2591363.713, 101
Trd, 2591364.579, 122
Trd, 2591365.729, 102
Trd, 2591366.813, 102
Trd, 2591367.446, 87
Trd, 2591368.396, 81
Trd, 2591368.413, 81
Trd, 2591368.646, 79
Trd, 2591369.896, 91
Trd, 2591370.646, 92
Trd, 2591370.779, 90
Trd, 2591371.746, 94
Trd, 2591372.229, 102
Trd, 2591374.713, 105
Trd, 2591375.163, 108
Trd, 2591375.463, 109
Trd, 2591375.546, 109
Trd, 2591375.979, 120
Trd, 2591376.379, 113
Trd, 2591376.796, 112
Trd, 2591376.979, 111
Trd, 2591377.029, 121
Trd, 2591378.396, 112
Trd, 2591380.363, 105
Trd, 2591380.629, 113
Trd, 2591380.929, 108
Trd, 2591381.463, 91
Trd, 2591381.563, 87
Trd, 2591381.813, 108
Trd, 2591382.479, 80
Trd, 2591382.613, 78
Trd, 2591382.746, 95
Trd, 2591383.963, 79
Trd, 2591384.113, 81
Trd, 2591386.513, 101
Trd, 2591387.413, 90
Trd, 2591387.613, 92
Trd, 2591388.146, 95
Trd, 2591388.363, 96
Trd, 2591388.929, 96
Trd, 2591389.013, 95
Trd, 2591389.046, 97
Trd, 2591390.696, 99
Trd, 2591391.379, 101
Trd, 2591391.996, 99
Trd, 2591392.329, 88
Trd, 2591392.629, 87
Trd, 2591393.013, 105
Trd, 2591395.046, 108
Trd, 2591395.079, 109
Trd, 2591395.213, 101
Trd, 2591395.829, 108
Trd, 2591396.613, 91
Trd, 2591397.929, 96
Trd, 2591399.379, 90
Trd, 2591399.563, 91
Trd, 2591400.113, 105
Trd, 2591400.596, 106
Trd, 2591402.213, 92
Trd, 2591402.979, 90
Trd, 2591403.313, 91
Trd, 2591403.696, 96
Trd, 2591403.896, 93
Trd, 2591404.829, 87
Trd, 2591406.379, 88
Trd, 2591406.546, 95
Trd, 2591407.063, 100
Trd, 2591407.129, 101
Trd, 2591407.713, 105
Trd, 2591409.313, 85
Trd, 2591410.196, 86
Trd, 2591410.546, 85
Trd, 2591412.013, 98
Trd, 2591412.646, 100
Trd, 2591413.596, 113
Trd, 2591414.196, 94
Trd, 2591415.729, 102
Trd, 2591415.913, 96
Trd, 2591417.996, 102
Trd, 2591418.579, 101
Trd, 2591418.596, 98
Trd, 2591419.479, 103
Trd, 2591420.113, 80
Trd, 2591420.679, 108
Trd, 2591422.079, 112
Trd, 2591422.513, 107
Trd, 2591423.696, 105
Trd, 2591424.246, 124
Trd, 2591424.379, 126
Trd, 2591424.729, 105
Trd, 2591425.963, 122
Trd, 2591426.779, 114
Trd, 2591426.896, 113
Trd, 2591427.179, 112
Trd, 2591427.713, 111
Trd, 2591427.763, 105
Trd, 2591429.713, 101
Trd, 2591429.896, 102
Trd, 2591430.229, 111
Trd, 2591431.013, 102
Trd, 2591432.413, 87
Trd, 2591432.546, 101
Trd, 2591433.196, 112
Trd, 2591433.496, 115
Trd, 2591433.696, 85
Trd, 2591435.679, 122
Trd, 2591436.229, 84
Trd, 2591437.996, 113
Trd, 2591440.213, 99
Trd, 2591440.246, 100
Trd, 2591441.029, 105
Trd, 2591441.046, 102
Trd, 2591441.063, 100
Trd, 2591441.263, 99
Trd, 2591442.229, 95
Trd, 2591443.346, 103
Trd, 2591444.629, 93
Trd, 2591445.029, 93
Trd, 2591445.646, 94
Trd, 2591445.913, 105
Trd, 2591446.229, 94
Trd, 2591446.979, 96
Trd, 2591447.029, 95
Trd, 2591448.229, 89
Trd, 2591448.913, 101
Trd, 2591449.463, 87
Trd, 2591449.696, 104
Trd, 2591451.196, 108
Trd, 2591451.846, 90
Trd, 2591452.629, 99
Trd, 2591452.879, 98
Trd, 2591454.013, 104
Trd, 2591454.646, 104
Trd, 2591456.863, 97
Trd, 2591456.896, 96
Trd, 2591457.346, 87
Trd, 2591457.446, 81
Trd, 2591457.746, 105
Trd, 2591458.329, 112
Trd, 2591458.613, 106
Trd, 2591459.013, 112
Trd, 2591460.646, 113
Trd, 2591462.129, 95
Trd, 2591463.029, 85
Trd, 2591463.829, 102
Trd, 2591465.546, 92
Trd, 2591465.829, 112
Trd, 2591466.446, 106
Trd, 2591467.596, 104
Trd, 2591468.413, 113
Trd, 2591468.463, 110
Trd, 2591469.579, 114
Trd, 2591469.646, 111
Trd, 2591469.996, 112
Trd, 2591471.079, 108
Trd, 2591471.346, 103
Trd, 2591472.713, 101
Trd, 2591472.779, 112
Trd, 2591474.446, 95
Trd, 2591475.396, 88
Trd, 2591475.596, 95
Trd, 2591477.696, 107
Trd, 2591477.846, 108
Trd, 2591478.496, 107
Trd, 2591478.663, 118
Trd, 2591479.029, 108
Trd, 2591479.329, 108
Trd, 2591479.946, 105
Trd, 2591480.713, 104
Trd, 2591481.829, 97
Trd, 2591482.346, 99
Trd, 2591483.696, 121
Trd, 2591485.229, 115
Trd, 2591485.629, 113
Trd, 2591486.046, 110
Trd, 2591486.396, 102
Trd, 2591487.346, 111
Trd, 2591487.663, 112
Trd, 2591487.779, 110
Trd, 2591487.979, 108
Trd, 2591489.413, 87
Trd, 2591489.913, 85
Trd, 2591490.113, 105
Trd, 2591490.296, 114
Trd, 2591490.563, 86
Trd, 2591491.196, 124
Trd, 2591492.496, 123
Trd, 2591492.996, 121
Trd, 2591493.163, 108
Trd, 2591494.813, 117
Trd, 2591495.563, 109
Trd, 2591496.113, 109
Trd, 2591496.329, 109
Trd, 2591496.363, 108
Trd, 2591496.846, 107
Trd, 2591497.329, 102
Trd, 2591497.729, 83
Trd, 2591500.529, 112
Trd, 2591502.563, 91
Trd, 2591503.146, 109
Trd, 2591503.196, 111
Trd, 2591503.363, 89
Trd, 2591504.196, 93
Trd, 2591504.929, 92
Trd, 2591506.029, 94
Trd, 2591509.513, 96
Trd, 2591510.046, 108
Trd, 2591510.796, 110
Trd, 2591511.363, 108
Trd, 2591511.963, 110
Trd, 2591512.379, 113
Trd, 2591513.563, 116
Trd, 2591513.696, 114
Trd, 2591513.813, 112
Trd, 2591514.746, 109
Trd, 2591515.429, 108
Trd, 2591515.496, 87
Trd, 2591516.146, 113
Trd, 2591516.813, 112
Trd, 2591517.196, 88
Trd, 2591518.029, 99
Trd, 2591519.446, 88
Trd, 2591520.329, 96
Trd, 2591520.529, 94
Trd, 2591520.796, 117
Trd, 2591521.796, 107
Trd, 2591522.413, 98
Trd, 2591522.429, 97
Trd, 2591523.313, 97
Trd, 2591524.779, 104
Trd, 2591524.796, 97
Trd, 2591525.529, 110
Trd, 2591528.013, 91
Trd, 2591528.396, 92
Trd, 2591529.713, 105
Trd, 2591529.979, 107
Trd, 2591530.096, 105
Trd, 2591530.246, 109
Trd, 2591530.613, 109
Trd, 2591531.696, 111
Trd, 2591532.496, 111
Trd, 2591532.829, 111
Trd, 2591532.946, 105
Trd, 2591533.779, 95
Trd, 2591534.579, 94
Trd, 2591535.829, 104
Trd, 2591537.763, 107
Trd, 2591537.946, 108
Trd, 2591540.646, 108
Trd, 2591540.896, 106
Trd, 2591540.963, 118
Trd, 2591541.929, 108
Trd, 2591542.213, 108
Trd, 2591542.579, 105
Trd, 2591543.313, 113
Trd, 2591544.279, 96
Trd, 2591545.729, 101
Trd, 2591545.913, 89
Trd, 2591547.229, 98
Trd, 2591547.529, 92
Trd, 2591548.113, 93
Trd, 2591548.696, 94
Trd, 2591548.763, 105
Trd, 2591549.829, 110
Trd, 2591550.829, 102
Trd, 2591552.079, 101
Trd, 2591552.696, 104
Trd, 2591553.179, 103
Trd, 2591553.746, 102
Trd, 2591554.996, 104
Trd, 2591555.463, 108
Trd, 2591556.296, 113
Trd, 2591556.979, 112
Trd, 2591557.463, 112
Trd, 2591557.563, 108
Trd, 2591557.763, 87
Trd, 2591558.563, 87
Trd, 2591559.929, 94
Trd, 2591560.963, 86
Trd, 2591561.363, 86
Trd, 2591561.763, 103
Trd, 2591562.213, 105
Trd, 2591564.113, 101
Trd, 2591564.763, 108
Trd, 2591565.179, 102
Trd, 2591565.563, 102
Trd, 2591566.929, 106
Trd, 2591569.079, 105
Trd, 2591570.113, 106
Trd, 2591570.513, 107
Trd, 2591570.629, 104
Trd, 2591570.663, 87
Trd, 2591571.979, 114
Trd, 2591572.713, 89
Trd, 2591572.863, 88
Trd, 2591574.279, 106
Trd, 2591575.396, 108
Trd, 2591575.413, 107
Trd, 2591576.163, 101
Trd, 2591576.829, 106
Trd, 2591577.713, 86
Trd, 2591577.963, 109
Trd, 2591581.263, 104
Trd, 2591581.546, 94
Trd, 2591581.713, 94
Trd, 2591581.796, 94
Trd, 2591582.529, 105
Trd, 2591584.329, 102
Trd, 2591584.496, 102
Trd, 2591584.813, 103
Trd, 2591586.329, 107
Trd, 2591586.913, 108
Trd, 2591587.029, 112
Trd, 2591587.663, 119
Trd, 2591587.846, 108
Trd, 2591589.579, 122
Trd, 2591590.046, 111
Trd, 2591590.996, 111
Trd, 2591591.163, 112
Trd, 2591591.696, 111
Trd, 2591593.929, 94
Trd, 2591594.329, 101
Trd, 2591594.913, 114
Trd, 2591595.529, 113
Trd, 2591595.629, 94
Trd, 2591597.296, 104
Trd, 2591597.846, 104
Trd, 2591598.029, 103
Trd, 2591598.579, 102
Trd, 2591598.696, 119
Trd, 2591600.529, 104
Trd, 2591600.996, 105
Trd, 2591601.746, 94
Trd, 2591602.179, 115
Trd, 2591602.463, 87
Trd, 2591602.696, 114
Trd, 2591604.379, 85
Trd, 2591606.029, 97
Trd, 2591606.229, 104
Trd, 2591606.579, 108
Trd, 2591606.896, 106
Trd, 2591608.146, 106
Trd, 2591608.163, 86
Trd, 2591608.746, 93
Trd, 2591610.296, 96
Trd, 2591610.846, 105
Trd, 2591612.979, 90
Trd, 2591613.346, 89
Trd, 2591613.479, 93
Trd, 2591614.446, 101
Trd, 2591614.879, 102
Trd, 2591615.996, 91
Trd, 2591616.346, 90
Trd, 2591616.863, 94
Trd, 2591617.046, 102
Trd, 2591620.596, 89
Trd, 2591620.813, 89
Trd, 2591620.913, 90
Trd, 2591620.929, 91
Trd, 2591621.829, 90
Trd, 2591623.996, 105
Trd, 2591624.463, 101
Trd, 2591624.996, 101
Trd, 2591625.413, 102
Trd, 2591625.863, 104
Trd, 2591625.879, 103
Trd, 2591628.096, 107
Trd, 2591628.463, 104
Trd, 2591629.663, 103
Trd, 2591629.679, 103
Trd, 2591630.163, 93
Trd, 2591630.313, 107
Trd, 2591631.196, 91
Trd, 2591634.013, 98
Trd, 2591634.146, 98
Trd, 2591634.546, 98
Trd, 2591634.763, 103
Trd, 2591636.146, 95
Trd, 2591637.413, 96
Trd, 2591638.113, 105
Trd, 2591638.263, 95
Trd, 2591639.229, 94
Trd, 2591639.829, 99
Trd, 2591640.363, 100
Trd, 2591640.513, 107
Trd, 2591641.296, 88
Trd, 2591641.396, 87
Trd, 2591643.079, 112
Trd, 2591643.429, 88
Trd, 2591643.613, 87
Trd, 2591644.379, 86
Trd, 2591645.929, 102
Trd, 2591646.963, 108
Trd, 2591647.229, 97
Trd, 2591647.863, 97
Trd, 2591648.346, 96
Trd, 2591650.146, 97
Trd, 2591650.829, 99
Trd, 2591650.963, 101
Trd, 2591651.696, 100
Trd, 2591652.029, 114
Trd, 2591653.229, 105
Trd, 2591653.246, 104
Trd, 2591654.413, 109
Trd, 2591654.613, 102
Trd, 2591655.429, 122
Trd, 2591656.263, 115
Trd, 2591658.713, 126
Trd, 2591659.779, 112
Trd, 2591660.229, 105
Trd, 2591660.596, 91
Trd, 2591660.829, 87
Trd, 2591660.979, 85
Trd, 2591661.313, 80
Trd, 2591661.996, 80
Trd, 2591662.279, 105
Trd, 2591664.163, 89
Trd, 2591665.163, 90
Trd, 2591665.896, 101
Trd, 2591665.913, 90
Trd, 2591667.563, 99
Trd, 2591668.579, 101
Trd, 2591668.663, 99
Trd, 2591669.779, 104
Trd, 2591670.063, 107
Trd, 2591670.296, 109
Trd, 2591671.346, 105
Trd, 2591671.363, 103
Trd, 2591671.929, 87
Trd, 2591672.263, 113
Trd, 2591673.963, 86
Trd, 2591674.646, 98
Trd, 2591674.763, 87
Trd, 2591676.779, 88
Trd, 2591678.496, 89
Trd, 2591678.629, 92
Trd, 2591679.163, 89
Trd, 2591679.396, 96
Trd, 2591680.613, 90
Trd, 2591680.629, 105
Trd, 2591681.529, 90
Trd, 2591681.563, 96
Trd, 2591682.513, 104
Trd, 2591683.146, 114
Trd, 2591685.246, 96
Trd, 2591685.479, 102
Trd, 2591685.729, 106
Trd, 2591686.446, 92
Trd, 2591687.646, 105
Trd, 2591687.813, 92
Trd, 2591688.279, 89
Trd, 2591688.429, 96
Trd, 2591688.729, 87
Trd, 2591688.946, 82
Trd, 2591688.996, 102
Trd, 2591689.463, 79
Trd, 2591689.713, 103
Trd, 2591691.563, 106
Trd, 2591692.829, 109
Trd, 2591694.229, 103
Trd, 2591694.729, 103
Trd, 2591694.746, 102
Trd, 2591695.129, 110
Trd, 2591695.396, 114
Trd, 2591697.213, 107
Trd, 2591697.446, 117
Trd, 2591697.729, 103
Trd, 2591700.796, 105
Trd, 2591701.613, 115
Trd, 2591701.763, 112
Trd, 2591701.829, 103
Trd, 2591702.696, 105
Trd, 2591703.063, 103
Trd, 2591703.763, 98
Trd, 2591705.896, 97
Trd, 2591705.913, 100
Trd, 2591706.863, 105
Trd, 2591708.263, 101
Trd, 2591708.429, 99
Trd, 2591708.663, 98
Trd, 2591711.129, 105
Trd, 2591711.513, 109
Trd, 2591711.546, 107
Trd, 2591711.929, 107
Trd, 2591712.446, 106
Trd, 2591712.513, 113
Trd, 2591712.696, 106
Trd, 2591715.029, 102
Trd, 2591716.996, 110
Trd, 2591718.013, 103
Trd, 2591719.863, 95
Trd, 2591720.496, 102
Trd, 2591721.146, 103
Trd, 2591721.629, 99
Trd, 2591721.646, 98
Trd, 2591721.863, 108
Trd, 2591722.513, 112
Trd, 2591722.763, 111
Trd, 2591723.413, 100
Trd, 2591724.946, 98
Trd, 2591724.963, 97
Trd, 2591725.696, 106
Trd, 2591725.946, 109
Trd, 2591727.779, 102
Trd, 2591727.796, 101
Trd, 2591727.896, 109
Trd, 2591729.296, 106
Trd, 2591729.363, 105
Trd, 2591729.629, 112
Trd, 2591731.063, 112
Trd, 2591731.679, 114
Trd, 2591731.863, 126
Trd, 2591732.129, 97
Trd, 2591732.779, 99
Trd, 2591733.079, 98
Trd, 2591736.196, 98
Trd, 2591736.529, 105
Trd, 2591736.579, 98
Trd, 2591736.746, 96
Trd, 2591738.396, 104
Trd, 2591738.563, 93
Trd, 2591739.346, 91
Trd, 2591739.846, 101
Trd, 2591740.479, 88
Trd, 2591740.996, 102
Trd, 2591741.646, 107
Trd, 2591743.929, 92
Trd, 2591744.013, 90
Trd, 2591745.946, 88
Trd, 2591747.179, 92
Trd, 2591747.879, 99
Trd, 2591748.579, 97
Trd, 2591748.896, 100
Trd, 2591750.213, 105
Trd, 2591750.279, 102
Trd, 2591750.496, 103
Trd, 2591750.629, 108
Trd, 2591751.113, 110
Trd, 2591751.846, 108
Trd, 2591753.246, 110
Trd, 2591753.479, 107
Trd, 2591754.513, 111
Trd, 2591754.529, 91
Trd, 2591755.196, 87
Trd, 2591756.046, 92
Trd, 2591757.079, 92
Trd, 2591758.913, 92
Trd, 2591760.013, 93
Trd, 2591760.079, 97
Trd, 2591761.663, 96
Trd, 2591762.013, 101
Trd, 2591762.029, 95
Trd, 2591762.296, 114
Trd, 2591763.429, 92
Trd, 2591763.479, 87
Trd, 2591764.246, 119
Trd, 2591764.363, 117
Trd, 2591764.529, 122
Trd, 2591765.113, 90
Trd, 2591766.579, 91
Trd, 2591770.096, 101
Trd, 2591770.129, 103
Trd, 2591770.146, 105
Trd, 2591770.713, 105
Trd, 2591770.863, 103
Trd, 2591773.229, 104
Trd, 2591773.313, 103
Trd, 2591773.396, 105
Trd, 2591773.813, 118
Trd, 2591773.946, 113
Trd, 2591774.696, 93
Trd, 2591774.929, 122
Trd, 2591775.296, 120
Trd, 2591775.346, 87
Trd, 2591778.063, 92
Trd, 2591778.546, 91
Trd, 2591778.779, 91
Trd, 2591778.896, 92
Trd, 2591780.879, 94
Trd, 2591781.113, 93
Trd, 2591782.229, 102
Trd, 2591782.929, 105
Trd, 2591785.429, 103
Trd, 2591785.879, 99
Trd, 2591786.363, 87
Trd, 2591786.963, 90
Trd, 2591787.346, 103
Trd, 2591788.229, 94
Trd, 2591788.863, 93
Trd, 2591788.896, 85
Trd, 2591791.113, 80
Trd, 2591792.196, 86
Trd, 2591792.813, 87
Trd, 2591793.246, 88
Trd, 2591793.379, 105
Trd, 2591794.079, 116
Trd, 2591794.496, 116
Trd, 2591794.529, 115
Trd, 2591796.596, 112
Trd, 2591797.663, 115
Trd, 2591797.846, 108
Trd, 2591798.313, 97
Trd, 2591798.829, 115
Trd, 2591799.213, 108
Trd, 2591799.296, 83
Trd, 2591802.779, 93
Trd, 2591803.613, 97
Trd, 2591803.679, 96
Trd, 2591804.029, 96
Trd, 2591804.279, 97
Trd, 2591804.663, 98
Trd, 2591804.696, 97
Trd, 2591805.079, 99
Trd, 2591805.563, 98
Trd, 2591805.613, 101
Trd, 2591806.513, 95
Trd, 2591807.229, 87
Trd, 2591807.629, 105
Trd, 2591810.529, 98
Trd, 2591811.413, 84
Trd, 2591811.463, 108
Trd, 2591812.363, 90
Trd, 2591813.996, 119
Trd, 2591814.446, 122
Trd, 2591814.946, 105
Trd, 2591815.096, 87
Trd, 2591816.529, 92
Trd, 2591817.363, 95
Trd, 2591817.463, 105
Trd, 2591817.629, 112
Trd, 2591818.029, 82
Trd, 2591819.996, 107
Trd, 2591821.729, 101
Trd, 2591821.846, 113
Trd, 2591822.329, 105
Trd, 2591823.379, 101
Trd, 2591824.663, 103
Trd, 2591824.946, 102
Trd, 2591825.079, 103
Trd, 2591825.413, 104
Trd, 2591826.246, 105
Trd, 2591826.646, 106
Trd, 2591828.646, 110
Trd, 2591830.146, 112
Trd, 2591830.329, 108
Trd, 2591830.796, 113
Trd, 2591831.029, 113
Trd, 2591831.329, 103
Trd, 2591831.929, 115
Trd, 2591833.429, 92
Trd, 2591834.379, 106
Trd, 2591834.646, 95
Trd, 2591836.629, 101
Trd, 2591836.663, 97
Trd, 2591838.079, 103
Trd, 2591838.379, 102
Trd, 2591838.713, 102
Trd, 2591838.729, 107
Trd, 2591839.296, 96
Trd, 2591842.679, 92
Trd, 2591842.813, 94
Trd, 2591843.463, 99
Trd, 2591843.846, 94
Trd, 2591844.513, 101
Trd, 2591844.963, 98
Trd, 2591846.946, 101
Trd, 2591846.963, 102
Trd, 2591847.113, 105
Trd, 2591847.796, 109
Trd, 2591848.929, 110
Trd, 2591849.313, 113
Trd, 2591849.763, 113
Trd, 2591849.846, 111
Trd, 2591850.129, 107
Trd, 2591850.363, 127
Trd, 2591852.363, 107
Trd, 2591852.479, 105
Trd, 2591853.013, 108
Trd, 2591853.763, 111
Trd, 2591854.196, 91
Trd, 2591855.479, 87
Trd, 2591855.829, 80
Trd, 2591856.096, 80
Trd, 2591856.729, 89
Trd, 2591857.846, 94
Trd, 2591858.029, 94
Trd, 2591859.963, 93
Trd, 2591862.679, 101
Trd, 2591862.813, 102
Trd, 2591863.546, 105
Trd, 2591863.946, 110
Trd, 2591864.096, 120
Trd, 2591864.796, 112
Trd, 2591865.529, 110
Trd, 2591866.163, 110
Trd, 2591866.813, 111
Trd, 2591867.696, 122
Trd, 2591869.496, 114
Trd, 2591870.046, 117
Trd, 2591870.763, 112
Trd, 2591871.079, 105
Trd, 2591871.513, 88
Trd, 2591873.196, 100
Trd, 2591873.213, 102
Trd, 2591874.096, 99
Trd, 2591875.796, 86
Trd, 2591875.829, 87
Trd, 2591877.363, 105
Trd, 2591878.079, 110
Trd, 2591878.613, 112
Trd, 2591879.696, 101
Trd, 2591880.046, 92
Trd, 2591880.063, 83
Trd, 2591880.763, 83
Trd, 2591880.963, 109
Trd, 2591881.229, 94
Trd, 2591883.196, 94
Trd, 2591884.363, 101
Trd, 2591884.846, 107
Trd, 2591885.146, 102
Trd, 2591886.996, 99
Trd, 2591888.029, 108
Trd, 2591888.363, 107
Trd, 2591888.429, 106
Trd, 2591888.996, 99
Trd, 2591889.546, 108
Trd, 2591890.313, 100
Trd, 2591892.013, 101
Trd, 2591892.213, 104
Trd, 2591892.713, 112
Trd, 2591893.446, 119
Trd, 2591893.679, 102
Trd, 2591894.429, 88
Trd, 2591895.129, 97
Trd, 2591897.413, 99
Trd, 2591897.563, 98
Trd, 2591898.296, 105
Trd, 2591898.979, 87
Trd, 2591900.029, 83
Trd, 2591900.329, 107
Trd, 2591900.546, 106
Trd, 2591902.213, 91
Trd, 2591902.546, 90
Trd, 2591902.963, 105
Trd, 2591903.046, 89
Trd, 2591903.979, 96
Trd, 2591904.146, 90
Trd, 2591905.146, 102
Trd, 2591906.796, 101
Trd, 2591908.079, 102
Trd, 2591908.863, 100
Trd, 2591908.996, 87
Trd, 2591909.179, 83
Trd, 2591910.546, 101
Trd, 2591912.463, 88
Trd, 2591913.813, 97
Trd, 2591914.729, 111
Trd, 2591916.179, 102
Trd, 2591916.863, 105
Trd, 2591917.513, 105
Trd, 2591917.813, 107
Trd, 2591918.496, 110
Trd, 2591919.096, 110
Trd, 2591919.596, 110
Trd, 2591919.896, 112
Trd, 2591919.979, 111
Trd, 2591920.863, 110
Trd, 2591921.413, 105
Trd, 2591922.479, 92
Trd, 2591923.063, 110
Trd, 2591923.813, 84
Trd, 2591924.179, 82
Trd, 2591925.446, 113
Trd, 2591926.163, 111
Trd, 2591926.896, 111
Trd, 2591928.029, 114
Trd, 2591928.046, 118
Trd, 2591928.113, 88
Trd, 2591929.729, 79
Trd, 2591930.213, 116
Trd, 2591930.546, 81
Trd, 2591931.329, 122
Trd, 2591932.679, 108
Trd, 2591933.029, 105
Trd, 2591933.113, 108
Trd, 2591933.663, 88
Trd, 2591935.313, 94
Trd, 2591935.596, 95
Trd, 2591936.113, 94
Trd, 2591936.746, 101
Trd, 2591937.096, 102
Trd, 2591937.529, 105
Trd, 2591938.179, 131
Trd, 2591938.613, 118
Trd, 2591938.713, 108
Trd, 2591938.796, 105
Trd, 2591939.263, 102
Trd, 2591939.746, 110
Trd, 2591941.129, 105
Trd, 2591941.779, 101
Trd, 2591943.313, 94
Trd, 2591944.946, 95
Trd, 2591944.996, 103
Trd, 2591946.129, 99
Trd, 2591947.179, 105
Trd, 2591947.646, 106
Trd, 2591947.963, 102
Trd, 2591949.613, 87
Trd, 2591950.163, 95
Trd, 2591950.446, 92
Trd, 2591951.063, 99
Trd, 2591951.563, 98
Trd, 2591953.413, 101
Trd, 2591953.729, 101
Trd, 2591954.129, 100
Trd, 2591955.513, 92
Trd, 2591957.179, 95
Trd, 2591959.263, 99
Trd, 2591959.613, 100
Trd, 2591960.429, 101
Trd, 2591961.363, 110
Trd, 2591961.696, 109
Trd, 2591962.013, 108
Trd, 2591962.813, 105
Trd, 2591962.829, 110
Trd, 2591963.596, 109
Trd, 2591965.396, 100
Trd, 2591965.629, 99
Trd, 2591966.813, 96
Trd, 2591968.179, 95
Trd, 2591968.246, 94
Trd, 2591968.396, 87
Trd, 2591968.779, 96
Trd, 2591969.263, 104
Trd, 2591969.429, 111
Trd, 2591969.563, 112
Trd, 2591970.613, 82
Trd, 2591972.213, 121
Trd, 2591974.246, 94
Trd, 2591974.513, 95
Trd, 2591975.596, 101
Trd, 2591976.813, 102
Trd, 2591976.863, 99
Trd, 2591977.046, 99
Trd, 2591977.446, 101
Trd, 2591977.663, 103
Trd, 2591977.829, 100
Trd, 2591981.646, 123
Trd, 2591982.129, 122
Trd, 2591984.113, 114
Trd, 2591985.079, 112
Trd, 2591985.963, 111
Trd, 2591986.013, 108
Trd, 2591986.179, 93
Trd, 2591986.513, 87
Trd, 2591986.579, 84
Trd, 2591987.346, 100
Trd, 2591987.996, 115
Trd, 2591988.079, 114
Trd, 2591988.629, 105
Trd, 2591988.946, 92
Trd, 2591990.163, 90
Trd, 2591990.496, 114
Trd, 2591991.513, 88
Trd, 2591993.613, 109
Trd, 2591993.863, 110
Trd, 2591994.563, 103
Trd, 2591994.879, 92
Trd, 2591995.529, 91
Trd, 2591995.863, 101
Trd, 2591997.046, 95
Trd, 2591997.729, 111
Trd, 2591999.213, 91
