Trd, 2590675.129, 104
Trd, 2590675.213, 103
Trd, 2590675.413, 102
Trd, 2590676.146, 103
Trd, 2590676.846, 105
Trd, 2590677.429, 101
Trd, 2590677.579, 99
Trd, 2590677.846, 98
Trd, 2590678.329, 108
Trd, 2590678.946, 110
Trd, 2590679.563, 111
Trd, 2590679.713, 97
Trd, 2590680.296, 94
Trd, 2590680.563, 112
Trd, 2590681.279, 117
Trd, 2590681.379, 88
Trd, 2590682.379, 103
Trd, 2590682.779, 120
Trd, 2590683.613, 108
Trd, 2590684.729, 107
Trd, 2590686.963, 112
Trd, 2590687.296, 106
Trd, 2590687.463, 112
Trd, 2590687.813, 104
Trd, 2590688.396, 103
Trd, 2590688.629, 112
Trd, 2590688.946, 104
Trd, 2590689.629, 105
Trd, 2590689.996, 101
Trd, 2590690.863, 106
Trd, 2590691.846, 89
Trd, 2590692.463, 107
Trd, 2590693.079, 106
Trd, 2590694.829, 94
Trd, 2590696.346, 95
Trd, 2590697.979, 99
Trd, 2590698.046, 100
Trd, 2590698.263, 101
Trd, 2590698.679, 104
Trd, 2590699.629, 108
Trd, 2590699.929, 106
Trd, 2590699.996, 111
Trd, 2590700.029, 103
Trd, 2590700.796, 102
Trd, 2590701.713, 108
Trd, 2590703.663, 103
Trd, 2590704.013, 104
Trd, 2590704.029, 102
Trd, 2590704.613, 104
Trd, 2590705.163, 104
Trd, 2590705.629, 102
Trd, 2590707.196, 102
Trd, 2590707.213, 101
Trd, 2590707.313, 94
Trd, 2590709.096, 98
Trd, 2590709.529, 102
Trd, 2590710.079, 101
Trd, 2590710.163, 108
Trd, 2590711.179, 99
Trd, 2590711.229, 111
Trd, 2590712.946, 112
Trd, 2590713.279, 118
Trd, 2590713.613, 104
Trd, 2590715.429, 114
Trd, 2590715.763, 111
Trd, 2590716.096, 106
Trd, 2590717.079, 105
Trd, 2590717.813, 101
Trd, 2590718.696, 102
Trd, 2590719.396, 102
Trd, 2590719.713, 102
Trd, 2590720.029, 102
Trd, 2590720.046, 98
Trd, 2590721.646, 98
Trd, 2590721.813, 101
Trd, 2590722.863, 102
Trd, 2590723.079, 107
Trd, 2590723.129, 101
Trd, 2590724.813, 104
Trd, 2590725.213, 102
Trd, 2590725.229, 101
Trd, 2590726.563, 102
Trd, 2590726.813, 101
Trd, 2590727.629, 94
Trd, 2590728.813, 100
Trd, 2590729.163, 94
Trd, 2590729.429, 100
Trd, 2590729.646, 101
Trd, 2590730.029, 93
Trd, 2590730.196, 110
Trd, 2590731.713, 107
Trd, 2590732.863, 98
Trd, 2590734.896, 103
Trd, 2590735.396, 102
Trd, 2590735.563, 103
Trd, 2590735.829, 108
Trd, 2590737.113, 105
Trd, 2590737.979, 105
Trd, 2590738.529, 104
Trd, 2590739.396, 104
Trd, 2590739.429, 101
Trd, 2590739.846, 99
Trd, 2590740.096, 98
Trd, 2590740.696, 95
Trd, 2590741.213, 96
Trd, 2590741.679, 95
Trd, 2590742.129, 94
Trd, 2590742.379, 108
Trd, 2590744.096, 93
Trd, 2590744.713, 99
Trd, 2590745.213, 96
Trd, 2590746.146, 93
Trd, 2590746.329, 97
Trd, 2590746.779, 91
Trd, 2590746.796, 107
Trd, 2590748.029, 103
Trd, 2590748.746, 90
Trd, 2590748.779, 119
Trd, 2590749.629, 92
Trd, 2590751.229, 114
Trd, 2590752.029, 107
Trd, 2590752.779, 110
Trd, 2590753.179, 108
Trd, 2590753.263, 108
Trd, 2590753.446, 105
Trd, 2590753.696, 101
Trd, 2590754.529, 108
Trd, 2590754.863, 94
Trd, 2590756.413, 91
Trd, 2590756.713, 91
Trd, 2590756.913, 91
Trd, 2590758.496, 96
Trd, 2590758.829, 97
Trd, 2590759.096, 97
Trd, 2590759.296, 98
Trd, 2590759.646, 102
Trd, 2590759.796, 108
Trd, 2590760.296, 110
Trd, 2590760.363, 99
Trd, 2590760.513, 97
Trd, 2590762.446, 88
Trd, 2590762.679, 88
Trd, 2590763.463, 89
Trd, 2590763.796, 106
Trd, 2590765.879, 105
Trd, 2590767.563, 96
Trd, 2590767.846, 98
Trd, 2590768.013, 98
Trd, 2590768.696, 99
Trd, 2590769.746, 99
Trd, 2590770.263, 101
Trd, 2590770.446, 107
Trd, 2590770.463, 101
Trd, 2590770.713, 100
Trd, 2590771.046, 101
Trd, 2590771.529, 94
Trd, 2590771.563, 108
Trd, 2590772.729, 94
Trd, 2590772.863, 100
Trd, 2590773.546, 93
Trd, 2590775.696, 95
Trd, 2590775.963, 97
Trd, 2590776.113, 94
Trd, 2590776.863, 94
Trd, 2590777.313, 93
Trd, 2590778.846, 92
Trd, 2590780.046, 94
Trd, 2590780.079, 98
Trd, 2590781.196, 100
Trd, 2590781.796, 95
Trd, 2590782.179, 94
Trd, 2590782.429, 95
Trd, 2590783.946, 101
Trd, 2590784.246, 109
Trd, 2590784.296, 112
Trd, 2590784.896, 102
Trd, 2590786.063, 101
Trd, 2590786.796, 102
Trd, 2590787.029, 100
Trd, 2590788.179, 102
Trd, 2590788.713, 103
Trd, 2590789.579, 102
Trd, 2590791.463, 102
Trd, 2590792.979, 105
Trd, 2590794.013, 105
Trd, 2590795.196, 101
Trd, 2590795.979, 100
Trd, 2590796.196, 102
Trd, 2590796.246, 108
Trd, 2590796.346, 112
Trd, 2590796.579, 98
Trd, 2590796.796, 95
Trd, 2590797.079, 95
Trd, 2590798.013, 94
Trd, 2590798.846, 104
Trd, 2590799.946, 102
Trd, 2590800.079, 102
Trd, 2590800.163, 102
Trd, 2590800.829, 104
Trd, 2590800.879, 104
Trd, 2590801.129, 103
Trd, 2590801.346, 105
Trd, 2590801.663, 109
Trd, 2590804.463, 94
Trd, 2590804.496, 100
Trd, 2590805.896, 94
Trd, 2590806.829, 96
Trd, 2590808.213, 93
Trd, 2590808.396, 94
Trd, 2590808.529, 92
Trd, 2590809.596, 96
Trd, 2590809.979, 98
Trd, 2590810.079, 103
Trd, 2590810.463, 106
Trd, 2590810.613, 96
Trd, 2590812.629, 105
Trd, 2590814.413, 106
Trd, 2590815.096, 102
Trd, 2590816.063, 96
Trd, 2590816.929, 96
Trd, 2590817.179, 96
Trd, 2590817.279, 97
Trd, 2590817.496, 102
Trd, 2590818.213, 104
Trd, 2590818.696, 107
Trd, 2590818.813, 99
Trd, 2590819.146, 97
Trd, 2590819.313, 94
Trd, 2590819.563, 93
Trd, 2590820.296, 92
Trd, 2590820.646, 106
Trd, 2590820.979, 93
Trd, 2590823.646, 106
Trd, 2590824.013, 107
Trd, 2590825.379, 106
Trd, 2590825.396, 105
Trd, 2590825.546, 107
Trd, 2590825.646, 108
Trd, 2590827.163, 108
Trd, 2590827.229, 107
Trd, 2590827.646, 105
Trd, 2590828.213, 107
Trd, 2590829.379, 104
Trd, 2590829.463, 101
Trd, 2590830.896, 102
Trd, 2590831.296, 102
Trd, 2590831.496, 104
Trd, 2590831.696, 94
Trd, 2590832.113, 110
Trd, 2590832.979, 112
Trd, 2590833.279, 91
Trd, 2590835.196, 110
Trd, 2590835.679, 112
Trd, 2590836.429, 107
Trd, 2590836.896, 102
Trd, 2590836.979, 101
Trd, 2590837.796, 102
Trd, 2590839.796, 99
Trd, 2590839.929, 98
Trd, 2590840.246, 99
Trd, 2590840.363, 98
Trd, 2590842.279, 97
Trd, 2590842.896, 96
Trd, 2590843.213, 97
Trd, 2590843.596, 98
Trd, 2590843.679, 104
Trd, 2590844.413, 104
Trd, 2590845.279, 100
Trd, 2590845.546, 98
Trd, 2590845.846, 94
Trd, 2590849.063, 100
Trd, 2590849.579, 101
Trd, 2590849.813, 102
Trd, 2590849.896, 103
Trd, 2590849.979, 101
Trd, 2590850.246, 99
Trd, 2590850.496, 92
Trd, 2590852.429, 102
Trd, 2590852.713, 100
Trd, 2590853.446, 102
Trd, 2590853.629, 102
Trd, 2590854.246, 100
Trd, 2590854.746, 106
Trd, 2590856.063, 104
Trd, 2590856.079, 105
Trd, 2590856.263, 107
Trd, 2590857.846, 99
Trd, 2590858.146, 100
Trd, 2590858.546, 101
Trd, 2590859.046, 99
Trd, 2590860.229, 102
Trd, 2590861.629, 103
Trd, 2590862.079, 102
Trd, 2590862.529, 103
Trd, 2590863.579, 106
Trd, 2590863.629, 104
Trd, 2590863.996, 103
Trd, 2590864.229, 106
Trd, 2590864.713, 102
Trd, 2590865.313, 101
Trd, 2590865.496, 108
Trd, 2590867.413, 97
Trd, 2590867.563, 96
Trd, 2590868.029, 92
Trd, 2590868.396, 91
Trd, 2590870.429, 92
Trd, 2590870.463, 90
Trd, 2590870.713, 94
Trd, 2590871.646, 92
Trd, 2590871.813, 89
Trd, 2590872.096, 116
Trd, 2590872.363, 95
Trd, 2590872.696, 88
Trd, 2590873.063, 91
Trd, 2590874.079, 94
Trd, 2590874.696, 102
Trd, 2590874.863, 95
Trd, 2590875.479, 101
Trd, 2590875.763, 99
Trd, 2590876.563, 99
Trd, 2590877.013, 98
Trd, 2590877.413, 102
Trd, 2590878.646, 106
Trd, 2590880.446, 108
Trd, 2590880.929, 101
Trd, 2590881.446, 109
Trd, 2590882.496, 98
Trd, 2590884.663, 105
Trd, 2590884.913, 105
Trd, 2590884.929, 106
Trd, 2590885.063, 108
Trd, 2590886.296, 102
Trd, 2590886.846, 105
Trd, 2590886.863, 105
Trd, 2590887.429, 107
Trd, 2590887.446, 101
Trd, 2590887.629, 112
Trd, 2590887.896, 98
Trd, 2590888.113, 118
Trd, 2590888.779, 112
Trd, 2590889.979, 102
Trd, 2590891.329, 95
Trd, 2590891.496, 94
Trd, 2590891.746, 101
Trd, 2590893.346, 93
Trd, 2590893.413, 94
Trd, 2590894.796, 91
Trd, 2590895.529, 91
Trd, 2590896.779, 89
Trd, 2590897.646, 88
Trd, 2590899.213, 87
Trd, 2590899.229, 88
Trd, 2590899.613, 88
Trd, 2590899.663, 98
Trd, 2590900.046, 101
Trd, 2590900.196, 87
Trd, 2590900.396, 106
Trd, 2590901.179, 94
Trd, 2590901.779, 105
Trd, 2590902.146, 106
Trd, 2590902.479, 107
Trd, 2590902.879, 100
Trd, 2590902.979, 94
Trd, 2590903.296, 84
Trd, 2590903.796, 108
Trd, 2590905.063, 99
Trd, 2590908.063, 94
Trd, 2590908.079, 100
Trd, 2590908.579, 100
Trd, 2590908.696, 103
Trd, 2590909.596, 103
Trd, 2590910.363, 105
Trd, 2590911.063, 106
Trd, 2590911.279, 108
Trd, 2590914.179, 110
Trd, 2590914.763, 107
Trd, 2590915.429, 110
Trd, 2590915.679, 106
Trd, 2590916.146, 112
Trd, 2590916.463, 106
Trd, 2590916.513, 105
Trd, 2590917.129, 101
Trd, 2590917.863, 104
Trd, 2590918.046, 104
Trd, 2590918.829, 100
Trd, 2590919.846, 98
Trd, 2590921.229, 97
Trd, 2590921.596, 97
Trd, 2590921.629, 107
Trd, 2590921.813, 94
Trd, 2590922.646, 99
Trd, 2590923.096, 106
Trd, 2590924.513, 92
Trd, 2590925.163, 94
Trd, 2590925.379, 106
Trd, 2590926.179, 108
Trd, 2590927.629, 98
Trd, 2590929.846, 101
Trd, 2590930.196, 105
Trd, 2590930.996, 107
Trd, 2590931.196, 103
Trd, 2590931.346, 101
Trd, 2590931.529, 101
Trd, 2590932.313, 107
Trd, 2590932.713, 94
Trd, 2590933.846, 94
Trd, 2590934.979, 100
Trd, 2590935.446, 101
Trd, 2590935.496, 100
Trd, 2590935.879, 103
Trd, 2590935.913, 99
Trd, 2590936.779, 96
Trd, 2590937.779, 103
Trd, 2590938.146, 98
Trd, 2590940.346, 102
Trd, 2590940.513, 95
Trd, 2590941.346, 102
Trd, 2590941.613, 96
Trd, 2590942.246, 100
Trd, 2590942.363, 97
Trd, 2590942.596, 101
Trd, 2590942.729, 95
Trd, 2590943.063, 102
Trd, 2590945.363, 102
Trd, 2590945.563, 100
Trd, 2590945.646, 98
Trd, 2590948.029, 100
Trd, 2590948.429, 101
Trd, 2590949.146, 99
Trd, 2590949.913, 100
Trd, 2590950.313, 107
Trd, 2590950.413, 95
Trd, 2590951.379, 98
Trd, 2590951.979, 98
Trd, 2590953.229, 105
Trd, 2590953.396, 104
Trd, 2590953.763, 108
Trd, 2590954.113, 110
Trd, 2590954.513, 102
Trd, 2590955.246, 117
Trd, 2590957.313, 113
Trd, 2590957.463, 101
Trd, 2590957.863, 94
Trd, 2590958.446, 111
Trd, 2590960.779, 98
Trd, 2590961.046, 102
Trd, 2590962.146, 98
Trd, 2590962.446, 99
Trd, 2590962.796, 99
Trd, 2590962.929, 100
Trd, 2590963.463, 101
Trd, 2590964.663, 102
Trd, 2590964.796, 102
Trd, 2590964.813, 101
Trd, 2590965.196, 101
Trd, 2590965.429, 105
Trd, 2590965.596, 102
Trd, 2590967.213, 104
Trd, 2590967.346, 106
Trd, 2590968.613, 106
Trd, 2590969.296, 108
Trd, 2590969.863, 101
Trd, 2590970.596, 102
Trd, 2590971.479, 98
Trd, 2590972.863, 98
Trd, 2590975.279, 98
Trd, 2590975.679, 99
Trd, 2590975.796, 97
Trd, 2590976.029, 108
Trd, 2590976.813, 99
Trd, 2590977.196, 98
Trd, 2590977.929, 102
Trd, 2590978.113, 103
Trd, 2590978.663, 114
Trd, 2590979.196, 114
Trd, 2590979.963, 105
Trd, 2590980.646, 102
Trd, 2590980.746, 101
Trd, 2590981.096, 99
Trd, 2590981.763, 100
Trd, 2590982.679, 99
Trd, 2590983.329, 100
Trd, 2590983.463, 99
Trd, 2590983.546, 98
Trd, 2590984.129, 97
Trd, 2590984.896, 99
Trd, 2590986.963, 100
Trd, 2590987.363, 98
Trd, 2590987.613, 98
Trd, 2590987.829, 99
Trd, 2590988.096, 108
Trd, 2590988.146, 112
Trd, 2590989.613, 118
Trd, 2590990.796, 109
Trd, 2590991.129, 111
Trd, 2590991.929, 111
Trd, 2590994.213, 96
Trd, 2590995.846, 95
Trd, 2590996.029, 95
Trd, 2590996.579, 97
Trd, 2590997.313, 97
Trd, 2590997.729, 97
Trd, 2590997.996, 97
Trd, 2590998.146, 97
Trd, 2590998.446, 98
Trd, 2591000.396, 99
Trd, 2591001.279, 101
Trd, 2591001.746, 101
Trd, 2591002.429, 103
Trd, 2591002.846, 102
Trd, 2591003.329, 107
Trd, 2591003.463, 108
Trd, 2591003.563, 99
Trd, 2591003.863, 111
Trd, 2591004.029, 99
Trd, 2591004.729, 100
Trd, 2591006.629, 107
Trd, 2591006.929, 108
Trd, 2591007.346, 107
Trd, 2591009.163, 99
Trd, 2591009.346, 95
Trd, 2591010.679, 95
Trd, 2591010.863, 94
Trd, 2591011.429, 99
Trd, 2591013.963, 93
Trd, 2591014.296, 94
Trd, 2591014.813, 95
Trd, 2591015.829, 92
Trd, 2591016.279, 91
Trd, 2591016.629, 92
Trd, 2591017.179, 91
Trd, 2591017.579, 92
Trd, 2591018.813, 95
Trd, 2591019.613, 97
Trd, 2591019.896, 98
Trd, 2591020.679, 96
Trd, 2591020.863, 100
Trd, 2591020.929, 102
Trd, 2591021.029, 94
Trd, 2591022.329, 96
Trd, 2591023.479, 103
Trd, 2591024.096, 102
Trd, 2591024.379, 98
Trd, 2591025.379, 103
Trd, 2591025.663, 99
Trd, 2591028.029, 105
Trd, 2591028.429, 106
Trd, 2591028.763, 105
Trd, 2591030.146, 107
Trd, 2591030.779, 101
Trd, 2591030.879, 98
Trd, 2591032.129, 98
Trd, 2591032.329, 98
Trd, 2591032.346, 100
Trd, 2591033.013, 98
Trd, 2591033.129, 99
Trd, 2591033.413, 100
Trd, 2591034.946, 98
Trd, 2591035.763, 97
Trd, 2591035.963, 96
Trd, 2591036.063, 94
Trd, 2591036.546, 100
Trd, 2591037.546, 107
Trd, 2591038.246, 104
Trd, 2591041.696, 97
Trd, 2591042.263, 96
Trd, 2591042.329, 100
Trd, 2591043.696, 106
Trd, 2591044.063, 105
Trd, 2591044.163, 106
Trd, 2591044.363, 107
Trd, 2591044.896, 106
Trd, 2591045.396, 106
Trd, 2591046.229, 106
Trd, 2591048.363, 103
Trd, 2591048.596, 104
Trd, 2591048.679, 103
Trd, 2591048.696, 101
Trd, 2591049.213, 108
Trd, 2591049.296, 95
Trd, 2591049.746, 112
Trd, 2591049.896, 118
Trd, 2591051.796, 95
Trd, 2591051.863, 94
Trd, 2591053.729, 108
Trd, 2591054.063, 109
Trd, 2591054.113, 110
Trd, 2591054.796, 112
Trd, 2591055.863, 112
Trd, 2591056.879, 113
Trd, 2591057.079, 115
Trd, 2591057.313, 108
Trd, 2591057.463, 105
Trd, 2591058.096, 115
Trd, 2591059.479, 95
Trd, 2591060.346, 106
Trd, 2591061.179, 105
Trd, 2591062.379, 104
Trd, 2591062.879, 104
Trd, 2591062.929, 98
Trd, 2591063.579, 96
Trd, 2591064.296, 99
Trd, 2591064.963, 98
Trd, 2591065.513, 99
Trd, 2591065.529, 98
Trd, 2591066.646, 98
Trd, 2591066.996, 94
Trd, 2591067.179, 98
Trd, 2591067.346, 108
Trd, 2591067.529, 92
Trd, 2591068.313, 92
Trd, 2591070.279, 106
Trd, 2591070.596, 106
Trd, 2591072.013, 102
Trd, 2591072.529, 100
Trd, 2591073.079, 96
Trd, 2591074.029, 97
Trd, 2591074.329, 98
Trd, 2591074.629, 101
Trd, 2591075.596, 101
Trd, 2591076.313, 101
Trd, 2591076.413, 96
Trd, 2591078.263, 101
Trd, 2591078.913, 103
Trd, 2591079.079, 105
Trd, 2591079.313, 103
Trd, 2591079.329, 105
Trd, 2591081.513, 106
Trd, 2591081.663, 106
Trd, 2591082.229, 105
Trd, 2591083.046, 104
Trd, 2591084.663, 102
Trd, 2591085.196, 101
Trd, 2591085.396, 98
Trd, 2591085.713, 102
Trd, 2591086.363, 95
Trd, 2591086.729, 99
Trd, 2591086.846, 95
Trd, 2591087.479, 101
Trd, 2591088.396, 105
Trd, 2591089.129, 100
Trd, 2591090.729, 100
Trd, 2591090.879, 99
Trd, 2591093.379, 106
Trd, 2591093.679, 101
Trd, 2591093.746, 105
Trd, 2591095.313, 103
Trd, 2591095.829, 99
Trd, 2591095.979, 98
Trd, 2591096.213, 101
Trd, 2591096.729, 95
Trd, 2591096.946, 96
Trd, 2591097.079, 101
Trd, 2591099.929, 101
Trd, 2591100.379, 102
Trd, 2591100.896, 100
Trd, 2591101.129, 99
Trd, 2591101.429, 99
Trd, 2591101.496, 100
Trd, 2591103.379, 101
Trd, 2591104.213, 104
Trd, 2591104.479, 102
Trd, 2591106.596, 101
Trd, 2591106.779, 102
Trd, 2591106.813, 105
Trd, 2591107.096, 107
Trd, 2591107.596, 101
Trd, 2591107.963, 103
Trd, 2591108.079, 100
Trd, 2591109.096, 95
Trd, 2591109.296, 103
Trd, 2591110.063, 97
Trd, 2591111.046, 98
Trd, 2591111.429, 97
Trd, 2591112.029, 100
Trd, 2591112.979, 94
Trd, 2591114.096, 92
Trd, 2591114.113, 91
Trd, 2591115.313, 90
Trd, 2591115.879, 93
Trd, 2591116.229, 98
Trd, 2591116.729, 102
Trd, 2591119.113, 98
Trd, 2591119.146, 99
Trd, 2591119.296, 98
Trd, 2591119.779, 98
Trd, 2591119.796, 101
Trd, 2591120.013, 102
Trd, 2591121.296, 100
Trd, 2591122.396, 104
Trd, 2591122.579, 105
Trd, 2591122.596, 98
Trd, 2591123.579, 93
Trd, 2591124.563, 99
Trd, 2591125.079, 100
Trd, 2591125.229, 101
Trd, 2591125.313, 99
Trd, 2591125.379, 102
Trd, 2591125.646, 99
Trd, 2591126.229, 105
Trd, 2591126.579, 108
Trd, 2591127.446, 112
Trd, 2591128.179, 104
Trd, 2591129.146, 106
Trd, 2591129.363, 104
Trd, 2591129.796, 105
Trd, 2591130.463, 101
Trd, 2591131.796, 101
Trd, 2591132.763, 98
Trd, 2591133.929, 101
Trd, 2591134.513, 99
Trd, 2591134.979, 94
Trd, 2591137.079, 97
Trd, 2591137.446, 99
Trd, 2591137.763, 99
Trd, 2591138.146, 104
Trd, 2591138.429, 104
Trd, 2591138.513, 106
Trd, 2591138.529, 103
Trd, 2591139.063, 105
Trd, 2591139.513, 106
Trd, 2591140.129, 104
Trd, 2591141.796, 104
Trd, 2591142.013, 103
Trd, 2591142.113, 101
Trd, 2591143.879, 108
Trd, 2591144.229, 98
Trd, 2591145.529, 102
Trd, 2591145.813, 105
Trd, 2591146.079, 98
Trd, 2591147.196, 96
Trd, 2591147.963, 95
Trd, 2591149.229, 99
Trd, 2591149.546, 101
Trd, 2591150.729, 101
Trd, 2591150.913, 100
Trd, 2591151.179, 101
Trd, 2591153.013, 104
Trd, 2591153.429, 105
Trd, 2591154.646, 105
Trd, 2591154.796, 105
Trd, 2591155.996, 100
Trd, 2591156.063, 104
Trd, 2591156.329, 108
Trd, 2591156.896, 110
Trd, 2591157.479, 110
Trd, 2591157.513, 107
Trd, 2591158.696, 101
Trd, 2591158.879, 110
Trd, 2591158.929, 88
Trd, 2591159.296, 112
Trd, 2591159.729, 88
Trd, 2591161.279, 112
Trd, 2591161.863, 115
Trd, 2591162.863, 98
Trd, 2591162.929, 113
Trd, 2591164.796, 112
Trd, 2591164.963, 106
Trd, 2591165.329, 105
Trd, 2591165.463, 98
Trd, 2591167.513, 98
Trd, 2591167.829, 96
Trd, 2591168.113, 95
Trd, 2591168.646, 94
Trd, 2591169.196, 94
Trd, 2591169.363, 95
Trd, 2591170.913, 95
Trd, 2591171.046, 95
Trd, 2591171.329, 107
Trd, 2591172.979, 106
Trd, 2591173.846, 107
Trd, 2591174.179, 105
Trd, 2591174.546, 106
Trd, 2591175.946, 97
Trd, 2591176.213, 96
Trd, 2591176.246, 94
Trd, 2591176.713, 91
Trd, 2591176.829, 103
Trd, 2591178.696, 93
Trd, 2591179.563, 95
Trd, 2591179.646, 95
Trd, 2591180.246, 96
Trd, 2591180.346, 98
Trd, 2591181.929, 103
Trd, 2591182.879, 104
Trd, 2591183.363, 107
Trd, 2591184.396, 105
Trd, 2591184.896, 105
Trd, 2591185.796, 103
Trd, 2591186.079, 102
Trd, 2591187.696, 101
Trd, 2591188.629, 99
Trd, 2591189.329, 100
Trd, 2591189.996, 112
Trd, 2591190.613, 112
Trd, 2591190.813, 99
Trd, 2591190.979, 98
Trd, 2591191.113, 91
Trd, 2591193.646, 102
Trd, 2591194.279, 105
Trd, 2591194.629, 105
Trd, 2591194.929, 102
Trd, 2591195.113, 101
Trd, 2591195.129, 108
Trd, 2591195.579, 98
Trd, 2591195.963, 94
Trd, 2591196.563, 116
Trd, 2591197.163, 112
Trd, 2591197.496, 115
Trd, 2591197.813, 112
Trd, 2591198.079, 111
Trd, 2591198.646, 108
Trd, 2591199.479, 113
Trd, 2591199.846, 112
Trd, 2591200.079, 114
Trd, 2591200.979, 105
Trd, 2591202.396, 90
Trd, 2591202.813, 110
Trd, 2591203.079, 111
Trd, 2591204.379, 100
Trd, 2591204.679, 101
Trd, 2591204.846, 101
Trd, 2591204.863, 100
Trd, 2591205.696, 101
Trd, 2591206.079, 101
Trd, 2591207.846, 117
Trd, 2591208.113, 94
Trd, 2591208.413, 94
Trd, 2591209.379, 115
Trd, 2591209.779, 95
Trd, 2591211.196, 94
Trd, 2591211.479, 93
Trd, 2591212.496, 99
Trd, 2591213.763, 98
Trd, 2591213.896, 102
Trd, 2591214.229, 91
Trd, 2591214.479, 87
Trd, 2591215.146, 114
Trd, 2591217.379, 105
Trd, 2591217.529, 106
Trd, 2591217.679, 107
Trd, 2591217.913, 96
Trd, 2591219.413, 101
Trd, 2591219.479, 100
Trd, 2591219.696, 99
Trd, 2591219.979, 99
Trd, 2591220.313, 101
Trd, 2591220.413, 104
Trd, 2591220.613, 101
Trd, 2591221.829, 100
Trd, 2591222.613, 101
Trd, 2591222.763, 99
Trd, 2591223.913, 108
Trd, 2591224.179, 105
Trd, 2591224.746, 105
Trd, 2591225.163, 106
Trd, 2591225.313, 105
Trd, 2591226.363, 107
Trd, 2591226.979, 106
Trd, 2591227.546, 105
Trd, 2591229.279, 103
Trd, 2591229.629, 105
Trd, 2591229.979, 100
Trd, 2591230.146, 96
Trd, 2591231.246, 104
Trd, 2591233.446, 97
Trd, 2591233.679, 99
Trd, 2591235.513, 99
Trd, 2591235.579, 108
Trd, 2591236.813, 111
Trd, 2591237.363, 106
Trd, 2591237.446, 105
Trd, 2591237.796, 106
Trd, 2591238.929, 109
Trd, 2591239.363, 106
Trd, 2591239.713, 101
Trd, 2591240.113, 99
Trd, 2591240.229, 101
Trd, 2591240.529, 102
Trd, 2591241.746, 104
Trd, 2591241.796, 100
Trd, 2591243.279, 111
Trd, 2591244.196, 102
Trd, 2591246.129, 103
Trd, 2591247.129, 103
Trd, 2591247.746, 103
Trd, 2591248.213, 101
Trd, 2591248.696, 99
Trd, 2591248.913, 100
Trd, 2591249.579, 100
Trd, 2591249.679, 99
Trd, 2591250.029, 98
Trd, 2591250.313, 101
Trd, 2591250.896, 95
Trd, 2591252.013, 105
Trd, 2591252.029, 106
Trd, 2591252.563, 107
Trd, 2591253.263, 107
Trd, 2591254.613, 92
Trd, 2591255.763, 108
Trd, 2591256.646, 98
Trd, 2591257.496, 109
Trd, 2591257.629, 112
Trd, 2591257.796, 118
Trd, 2591259.096, 102
Trd, 2591259.279, 103
Trd, 2591259.463, 102
Trd, 2591259.946, 106
Trd, 2591260.063, 103
Trd, 2591260.129, 102
Trd, 2591260.329, 98
Trd, 2591261.463, 104
Trd, 2591263.246, 99
Trd, 2591263.879, 98
Trd, 2591264.996, 96
Trd, 2591266.663, 96
Trd, 2591267.763, 95
Trd, 2591267.829, 94
Trd, 2591268.429, 92
Trd, 2591269.379, 92
Trd, 2591270.179, 94
Trd, 2591270.246, 94
Trd, 2591270.713, 102
Trd, 2591271.013, 107
Trd, 2591271.079, 93
Trd, 2591271.829, 118
Trd, 2591272.396, 117
Trd, 2591272.663, 117
Trd, 2591273.029, 119
Trd, 2591273.113, 112
Trd, 2591273.463, 91
Trd, 2591273.713, 86
Trd, 2591276.696, 100
Trd, 2591277.096, 100
Trd, 2591277.346, 100
Trd, 2591277.579, 100
Trd, 2591278.113, 99
Trd, 2591278.263, 101
Trd, 2591279.013, 105
Trd, 2591279.346, 98
Trd, 2591279.563, 97
Trd, 2591279.646, 94
Trd, 2591283.196, 101
Trd, 2591283.213, 96
Trd, 2591283.629, 102
Trd, 2591283.729, 106
Trd, 2591285.296, 104
Trd, 2591285.779, 103
Trd, 2591285.979, 104
Trd, 2591287.279, 104
Trd, 2591288.396, 98
Trd, 2591288.513, 105
Trd, 2591290.163, 94
Trd, 2591290.229, 93
Trd, 2591290.563, 105
Trd, 2591291.429, 108
Trd, 2591291.679, 112
Trd, 2591292.196, 122
Trd, 2591292.763, 95
Trd, 2591293.296, 94
Trd, 2591293.313, 105
Trd, 2591293.729, 88
Trd, 2591294.029, 104
Trd, 2591294.679, 107
Trd, 2591295.679, 112
Trd, 2591297.063, 97
Trd, 2591298.346, 101
Trd, 2591298.946, 103
Trd, 2591299.313, 102
Trd, 2591299.429, 100
Trd, 2591300.179, 104
Trd, 2591300.413, 105
Trd, 2591300.796, 105
Trd, 2591300.829, 103
Trd, 2591301.246, 106
Trd, 2591302.096, 98
Trd, 2591302.879, 103
Trd, 2591303.213, 94
Trd, 2591303.863, 104
Trd, 2591304.546, 93
Trd, 2591306.779, 94
Trd, 2591307.463, 94
Trd, 2591307.713, 94
Trd, 2591308.346, 97
Trd, 2591308.363, 96
Trd, 2591309.629, 95
Trd, 2591310.213, 92
Trd, 2591310.279, 91
Trd, 2591310.529, 93
Trd, 2591310.729, 94
Trd, 2591311.129, 102
Trd, 2591311.863, 108
Trd, 2591312.263, 98
Trd, 2591312.979, 101
Trd, 2591313.096, 99
Trd, 2591314.979, 79
Trd, 2591317.496, 99
Trd, 2591317.513, 91
Trd, 2591317.663, 100
Trd, 2591317.796, 106
Trd, 2591318.479, 91
Trd, 2591318.729, 92
Trd, 2591318.829, 91
Trd, 2591319.629, 105
Trd, 2591321.446, 99
Trd, 2591322.079, 98
Trd, 2591322.746, 99
Trd, 2591323.296, 102
Trd, 2591323.313, 103
Trd, 2591323.579, 105
Trd, 2591324.396, 105
Trd, 2591324.513, 107
Trd, 2591324.729, 105
Trd, 2591325.446, 102
Trd, 2591325.613, 103
Trd, 2591325.696, 101
Trd, 2591325.796, 87
Trd, 2591330.279, 104
Trd, 2591331.063, 104
Trd, 2591331.529, 106
Trd, 2591331.696, 106
Trd, 2591331.913, 108
Trd, 2591332.329, 104
Trd, 2591333.246, 106
Trd, 2591333.713, 117
Trd, 2591334.063, 107
Trd, 2591334.246, 105
Trd, 2591334.846, 108
Trd, 2591336.029, 108
Trd, 2591336.229, 108
Trd, 2591336.363, 107
Trd, 2591336.896, 112
Trd, 2591337.646, 109
Trd, 2591337.963, 109
Trd, 2591338.779, 110
Trd, 2591338.863, 108
Trd, 2591339.446, 101
Trd, 2591340.179, 111
Trd, 2591342.663, 114
Trd, 2591343.163, 98
Trd, 2591343.679, 94
Trd, 2591344.963, 91
Trd, 2591345.146, 96
Trd, 2591345.379, 96
Trd, 2591345.863, 87
Trd, 2591346.413, 95
Trd, 2591346.813, 109
Trd, 2591347.079, 87
Trd, 2591347.829, 91
Trd, 2591348.146, 112
Trd, 2591349.163, 114
Trd, 2591349.896, 98
Trd, 2591350.946, 99
Trd, 2591351.213, 99
Trd, 2591351.229, 98
Trd, 2591351.246, 100
Trd, 2591351.763, 99
Trd, 2591352.446, 98
Trd, 2591352.829, 101
Trd, 2591354.029, 107
Trd, 2591354.813, 99
Trd, 2591355.696, 101
Trd, 2591356.496, 102
Trd, 2591356.579, 101
Trd, 2591356.913, 101
Trd, 2591357.029, 94
Trd, 2591358.896, 100
Trd, 2591359.279, 97
Trd, 2591359.479, 101
Trd, 2591360.063, 102
Trd, 2591361.163, 102
Trd, 2591361.429, 101
Trd, 2591362.113, 108
Trd, 2591362.179, 101
Trd, 2591362.763, 109
Trd, 2591363.146, 111
Trd, 2591364.013, 106
Trd, 2591364.146, 104
Trd, 2591364.179, 107
Trd, 2591365.129, 108
Trd, 2591365.763, 101
Trd, 2591366.029, 110
Trd, 2591367.996, 110
Trd, 2591368.396, 110
Trd, 2591368.446, 105
Trd, 2591368.546, 105
Trd, 2591370.196, 104
Trd, 2591370.479, 105
Trd, 2591371.913, 103
Trd, 2591373.796, 104
Trd, 2591374.096, 105
Trd, 2591374.263, 107
Trd, 2591374.413, 101
Trd, 2591375.113, 98
Trd, 2591377.246, 100
Trd, 2591377.996, 96
Trd, 2591378.396, 98
Trd, 2591378.479, 99
Trd, 2591378.946, 103
Trd, 2591380.096, 97
Trd, 2591380.596, 99
Trd, 2591380.829, 100
Trd, 2591380.913, 98
Trd, 2591381.863, 97
Trd, 2591382.196, 100
Trd, 2591382.679, 96
Trd, 2591383.013, 95
Trd, 2591383.896, 91
Trd, 2591384.796, 95
Trd, 2591385.129, 94
Trd, 2591385.163, 103
Trd, 2591386.263, 106
Trd, 2591387.563, 99
Trd, 2591388.213, 100
Trd, 2591388.329, 101
Trd, 2591388.496, 108
Trd, 2591389.046, 105
Trd, 2591390.579, 103
Trd, 2591391.163, 106
Trd, 2591391.296, 104
Trd, 2591391.463, 101
Trd, 2591393.213, 104
Trd, 2591393.979, 108
Trd, 2591394.863, 108
Trd, 2591395.146, 100
Trd, 2591397.129, 102
Trd, 2591397.313, 103
Trd, 2591397.496, 104
Trd, 2591398.096, 104
Trd, 2591398.246, 105
Trd, 2591398.679, 107
Trd, 2591399.013, 108
Trd, 2591399.213, 112
Trd, 2591399.579, 101
Trd, 2591400.713, 115
Trd, 2591401.196, 123
Trd, 2591401.696, 102
Trd, 2591401.763, 98
Trd, 2591402.763, 103
Trd, 2591404.279, 97
Trd, 2591404.729, 96
Trd, 2591406.379, 101
Trd, 2591407.296, 100
Trd, 2591407.663, 101
Trd, 2591408.263, 96
Trd, 2591409.479, 101
Trd, 2591409.546, 94
Trd, 2591412.079, 98
Trd, 2591412.263, 94
Trd, 2591412.646, 97
Trd, 2591412.713, 98
Trd, 2591412.729, 103
Trd, 2591413.113, 104
Trd, 2591413.896, 103
Trd, 2591414.179, 106
Trd, 2591414.796, 105
Trd, 2591415.213, 108
Trd, 2591415.229, 105
Trd, 2591415.296, 112
Trd, 2591415.529, 99
Trd, 2591416.213, 99
Trd, 2591417.963, 98
Trd, 2591418.596, 91
Trd, 2591419.829, 98
Trd, 2591420.496, 96
Trd, 2591420.863, 95
Trd, 2591421.696, 95
Trd, 2591423.063, 94
Trd, 2591423.346, 95
Trd, 2591424.363, 93
Trd, 2591424.779, 97
Trd, 2591425.413, 98
Trd, 2591425.913, 91
Trd, 2591426.029, 104
Trd, 2591428.129, 99
Trd, 2591429.129, 100
Trd, 2591430.163, 99
Trd, 2591430.346, 112
Trd, 2591430.513, 102
Trd, 2591431.013, 104
Trd, 2591431.496, 103
Trd, 2591431.929, 104
Trd, 2591432.329, 106
Trd, 2591432.513, 101
Trd, 2591432.913, 99
Trd, 2591433.696, 97
Trd, 2591435.296, 100
Trd, 2591435.713, 99
Trd, 2591436.663, 101
Trd, 2591437.346, 102
Trd, 2591437.446, 108
Trd, 2591438.979, 106
Trd, 2591439.346, 109
Trd, 2591440.363, 108
Trd, 2591440.663, 106
Trd, 2591440.863, 106
Trd, 2591440.979, 105
Trd, 2591441.863, 101
Trd, 2591442.446, 98
Trd, 2591442.613, 98
Trd, 2591443.579, 93
Trd, 2591443.863, 92
Trd, 2591444.196, 92
Trd, 2591444.446, 91
Trd, 2591445.246, 92
Trd, 2591446.196, 93
Trd, 2591447.329, 94
Trd, 2591447.629, 105
Trd, 2591447.796, 92
Trd, 2591447.879, 106
Trd, 2591449.363, 92
Trd, 2591451.613, 102
Trd, 2591452.013, 102
Trd, 2591452.179, 101
Trd, 2591452.546, 100
Trd, 2591452.696, 101
Trd, 2591453.313, 108
Trd, 2591453.363, 100
Trd, 2591454.146, 98
Trd, 2591455.129, 93
Trd, 2591455.296, 104
Trd, 2591457.613, 100
Trd, 2591457.679, 99
Trd, 2591458.379, 100
Trd, 2591459.246, 108
Trd, 2591460.163, 102
Trd, 2591461.663, 102
Trd, 2591462.396, 106
Trd, 2591462.679, 102
Trd, 2591462.746, 108
Trd, 2591462.979, 101
Trd, 2591463.346, 107
Trd, 2591463.979, 99
Trd, 2591464.296, 98
Trd, 2591465.113, 94
Trd, 2591465.279, 110
Trd, 2591465.863, 101
Trd, 2591465.946, 107
Trd, 2591467.679, 102
Trd, 2591467.929, 99
Trd, 2591469.579, 100
Trd, 2591470.763, 101
Trd, 2591471.263, 102
Trd, 2591471.329, 98
Trd, 2591471.363, 103
Trd, 2591471.713, 105
Trd, 2591474.096, 113
Trd, 2591475.263, 109
Trd, 2591476.163, 108
Trd, 2591476.479, 108
Trd, 2591476.496, 109
Trd, 2591476.946, 110
Trd, 2591477.313, 111
Trd, 2591477.496, 109
Trd, 2591477.646, 105
Trd, 2591478.813, 109
Trd, 2591479.846, 108
Trd, 2591480.929, 106
Trd, 2591481.646, 104
Trd, 2591482.179, 103
Trd, 2591482.546, 101
Trd, 2591482.579, 103
Trd, 2591482.779, 104
Trd, 2591482.929, 98
Trd, 2591484.346, 97
Trd, 2591485.779, 101
Trd, 2591485.996, 101
Trd, 2591486.696, 93
Trd, 2591487.546, 100
Trd, 2591488.113, 96
Trd, 2591490.163, 97
Trd, 2591490.646, 95
Trd, 2591490.746, 96
Trd, 2591491.046, 97
Trd, 2591492.213, 107
Trd, 2591492.229, 108
Trd, 2591492.596, 106
Trd, 2591494.346, 102
Trd, 2591495.013, 99
Trd, 2591495.496, 99
Trd, 2591495.746, 100
Trd, 2591495.779, 107
Trd, 2591495.879, 98
Trd, 2591496.579, 94
Trd, 2591497.746, 88
Trd, 2591497.829, 98
Trd, 2591498.346, 105
Trd, 2591499.713, 92
Trd, 2591500.429, 91
Trd, 2591501.329, 97
Trd, 2591501.379, 90
Trd, 2591501.713, 107
Trd, 2591501.963, 108
Trd, 2591502.129, 109
Trd, 2591502.446, 87
Trd, 2591503.346, 92
Trd, 2591503.479, 91
Trd, 2591507.529, 101
Trd, 2591508.629, 103
Trd, 2591508.929, 102
Trd, 2591509.779, 100
Trd, 2591510.213, 100
Trd, 2591510.546, 103
Trd, 2591511.596, 105
Trd, 2591511.913, 106
Trd, 2591512.446, 108
Trd, 2591512.596, 108
Trd, 2591512.613, 112
Trd, 2591513.779, 109
Trd, 2591514.779, 108
Trd, 2591515.913, 105
Trd, 2591517.879, 101
Trd, 2591518.629, 105
Trd, 2591518.796, 112
Trd, 2591520.663, 103
Trd, 2591520.979, 102
Trd, 2591521.096, 102
Trd, 2591521.213, 103
Trd, 2591521.263, 102
Trd, 2591521.479, 108
Trd, 2591521.929, 102
Trd, 2591522.746, 105
Trd, 2591523.196, 98
Trd, 2591523.663, 107
Trd, 2591524.329, 94
Trd, 2591524.713, 107
Trd, 2591525.013, 107
Trd, 2591525.579, 95
Trd, 2591525.946, 89
Trd, 2591527.463, 98
Trd, 2591528.029, 95
Trd, 2591528.879, 97
Trd, 2591529.713, 97
Trd, 2591529.963, 96
Trd, 2591530.279, 97
Trd, 2591531.096, 100
Trd, 2591532.129, 99
Trd, 2591533.079, 99
Trd, 2591533.213, 98
Trd, 2591533.596, 98
Trd, 2591534.079, 102
Trd, 2591534.896, 91
Trd, 2591536.163, 102
Trd, 2591536.263, 101
Trd, 2591536.329, 104
Trd, 2591536.463, 105
Trd, 2591537.463, 105
Trd, 2591538.096, 106
Trd, 2591539.013, 106
Trd, 2591540.413, 101
Trd, 2591540.696, 102
Trd, 2591541.313, 104
Trd, 2591542.829, 100
Trd, 2591543.046, 98
Trd, 2591544.479, 93
Trd, 2591546.513, 98
Trd, 2591546.663, 99
Trd, 2591546.729, 101
Trd, 2591548.263, 101
Trd, 2591548.346, 100
Trd, 2591548.479, 103
Trd, 2591548.663, 100
Trd, 2591548.746, 103
Trd, 2591548.946, 98
Trd, 2591550.879, 105
Trd, 2591550.946, 101
Trd, 2591551.229, 107
Trd, 2591551.396, 98
Trd, 2591553.746, 98
Trd, 2591553.779, 100
Trd, 2591553.979, 101
Trd, 2591554.529, 106
Trd, 2591555.429, 101
Trd, 2591556.313, 101
Trd, 2591557.163, 101
Trd, 2591558.196, 102
Trd, 2591559.929, 104
Trd, 2591560.413, 106
Trd, 2591560.863, 105
Trd, 2591561.179, 106
Trd, 2591561.529, 101
Trd, 2591561.846, 99
Trd, 2591561.896, 108
Trd, 2591562.446, 98
Trd, 2591564.396, 100
Trd, 2591564.463, 97
Trd, 2591564.829, 95
Trd, 2591566.079, 95
Trd, 2591566.379, 94
Trd, 2591567.213, 95
Trd, 2591567.346, 96
Trd, 2591568.229, 91
Trd, 2591569.329, 97
Trd, 2591569.579, 85
Trd, 2591569.696, 105
Trd, 2591570.729, 104
Trd, 2591572.379, 95
Trd, 2591572.513, 91
Trd, 2591575.396, 94
Trd, 2591575.963, 94
Trd, 2591576.013, 94
Trd, 2591576.296, 94
Trd, 2591576.496, 95
Trd, 2591578.396, 96
Trd, 2591578.446, 95
Trd, 2591578.463, 97
Trd, 2591578.613, 94
Trd, 2591579.046, 97
Trd, 2591579.179, 95
Trd, 2591579.529, 96
Trd, 2591580.929, 97
Trd, 2591581.513, 98
Trd, 2591581.563, 96
Trd, 2591581.613, 102
Trd, 2591583.013, 101
Trd, 2591585.463, 107
Trd, 2591586.513, 105
Trd, 2591586.679, 104
Trd, 2591587.329, 107
Trd, 2591587.479, 106
Trd, 2591587.646, 107
Trd, 2591587.746, 101
Trd, 2591588.879, 107
Trd, 2591589.596, 104
Trd, 2591589.679, 100
Trd, 2591590.463, 104
Trd, 2591591.079, 102
Trd, 2591592.679, 102
Trd, 2591593.946, 99
Trd, 2591594.913, 108
Trd, 2591597.013, 100
Trd, 2591597.213, 100
Trd, 2591597.513, 104
Trd, 2591598.529, 98
Trd, 2591599.129, 106
Trd, 2591599.296, 102
Trd, 2591599.329, 101
Trd, 2591599.513, 112
Trd, 2591600.796, 119
Trd, 2591601.313, 106
Trd, 2591602.246, 106
Trd, 2591602.413, 105
Trd, 2591602.696, 112
Trd, 2591602.846, 113
Trd, 2591605.513, 105
Trd, 2591605.929, 101
Trd, 2591605.979, 105
Trd, 2591608.896, 101
Trd, 2591608.913, 100
Trd, 2591609.113, 101
Trd, 2591609.163, 103
Trd, 2591609.779, 110
Trd, 2591609.979, 97
Trd, 2591610.413, 98
Trd, 2591610.946, 98
Trd, 2591611.096, 99
Trd, 2591611.446, 100
Trd, 2591611.629, 101
Trd, 2591613.263, 102
Trd, 2591613.746, 109
Trd, 2591613.846, 97
Trd, 2591615.979, 107
Trd, 2591616.279, 104
Trd, 2591617.463, 110
Trd, 2591617.579, 109
Trd, 2591618.479, 108
Trd, 2591618.913, 107
Trd, 2591618.946, 98
Trd, 2591619.963, 106
Trd, 2591619.979, 112
Trd, 2591620.013, 120
Trd, 2591620.763, 94
Trd, 2591621.496, 110
Trd, 2591621.763, 95
Trd, 2591623.029, 98
Trd, 2591625.963, 96
Trd, 2591626.396, 97
Trd, 2591626.763, 91
Trd, 2591627.479, 96
Trd, 2591628.213, 96
Trd, 2591628.429, 89
Trd, 2591628.996, 94
Trd, 2591629.779, 92
Trd, 2591629.913, 93
Trd, 2591629.929, 92
Trd, 2591631.146, 97
Trd, 2591631.279, 98
Trd, 2591631.529, 97
Trd, 2591633.229, 101
Trd, 2591633.746, 102
Trd, 2591633.813, 108
Trd, 2591633.979, 107
Trd, 2591634.113, 97
Trd, 2591634.129, 94
Trd, 2591634.646, 91
Trd, 2591636.029, 96
Trd, 2591636.263, 102
Trd, 2591636.446, 106
Trd, 2591637.963, 102
Trd, 2591637.979, 101
Trd, 2591638.179, 105
Trd, 2591638.263, 101
Trd, 2591639.813, 103
Trd, 2591640.446, 104
Trd, 2591640.663, 108
Trd, 2591641.079, 105
Trd, 2591643.163, 114
Trd, 2591643.379, 113
Trd, 2591643.696, 105
Trd, 2591644.796, 114
Trd, 2591645.363, 97
Trd, 2591646.246, 95
Trd, 2591646.929, 97
Trd, 2591647.446, 98
Trd, 2591648.146, 94
Trd, 2591648.679, 94
Trd, 2591650.613, 96
Trd, 2591651.329, 95
Trd, 2591651.563, 95
Trd, 2591651.963, 95
Trd, 2591652.096, 94
Trd, 2591652.813, 94
Trd, 2591654.229, 97
Trd, 2591654.796, 98
Trd, 2591654.846, 98
Trd, 2591656.696, 102
Trd, 2591657.029, 102
Trd, 2591657.229, 101
Trd, 2591657.546, 108
Trd, 2591658.296, 106
Trd, 2591658.329, 104
Trd, 2591658.729, 101
Trd, 2591658.796, 98
Trd, 2591659.663, 97
Trd, 2591659.896, 110
Trd, 2591660.729, 111
Trd, 2591661.596, 111
Trd, 2591662.996, 101
Trd, 2591663.696, 103
Trd, 2591664.413, 103
Trd, 2591665.246, 98
Trd, 2591665.796, 98
Trd, 2591666.246, 98
Trd, 2591666.496, 97
Trd, 2591666.629, 91
Trd, 2591667.196, 100
Trd, 2591667.229, 101
Trd, 2591667.863, 106
Trd, 2591667.879, 90
Trd, 2591668.129, 90
Trd, 2591668.646, 100
Trd, 2591670.079, 101
Trd, 2591670.379, 108
Trd, 2591671.446, 103
Trd, 2591673.246, 109
Trd, 2591673.413, 108
Trd, 2591674.513, 108
Trd, 2591676.279, 108
Trd, 2591676.413, 106
Trd, 2591677.229, 108
Trd, 2591678.629, 107
Trd, 2591678.896, 108
Trd, 2591679.179, 107
Trd, 2591679.863, 106
Trd, 2591680.513, 106
Trd, 2591680.679, 108
Trd, 2591680.863, 105
Trd, 2591681.046, 101
Trd, 2591682.179, 98
Trd, 2591684.863, 95
Trd, 2591684.946, 96
Trd, 2591685.613, 97
Trd, 2591686.529, 96
Trd, 2591687.063, 96
Trd, 2591687.396, 97
Trd, 2591687.579, 97
Trd, 2591687.646, 96
Trd, 2591687.846, 98
Trd, 2591687.929, 94
Trd, 2591690.679, 102
Trd, 2591690.863, 108
Trd, 2591691.779, 105
Trd, 2591692.663, 106
Trd, 2591692.863, 108
Trd, 2591693.113, 105
Trd, 2591693.229, 98
Trd, 2591693.763, 92
Trd, 2591693.913, 106
Trd, 2591694.629, 107
Trd, 2591695.496, 104
Trd, 2591697.396, 100
Trd, 2591697.496, 99
Trd, 2591698.063, 99
Trd, 2591699.096, 100
Trd, 2591700.079, 101
Trd, 2591700.263, 98
Trd, 2591700.363, 108
Trd, 2591702.296, 106
Trd, 2591703.529, 99
Trd, 2591704.129, 100
Trd, 2591704.479, 99
Trd, 2591704.763, 100
Trd, 2591705.229, 101
Trd, 2591705.279, 100
Trd, 2591705.396, 105
Trd, 2591705.779, 105
Trd, 2591705.796, 112
Trd, 2591707.596, 91
Trd, 2591709.813, 103
Trd, 2591710.346, 105
Trd, 2591710.579, 103
Trd, 2591711.029, 104
Trd, 2591711.229, 100
Trd, 2591711.663, 98
Trd, 2591711.929, 102
Trd, 2591712.729, 99
Trd, 2591714.929, 101
Trd, 2591715.413, 101
Trd, 2591715.963, 99
Trd, 2591716.579, 98
Trd, 2591717.329, 99
Trd, 2591717.413, 100
Trd, 2591717.429, 102
Trd, 2591718.263, 98
Trd, 2591719.113, 100
Trd, 2591719.179, 101
Trd, 2591721.346, 101
Trd, 2591722.096, 98
Trd, 2591722.179, 101
Trd, 2591722.463, 102
Trd, 2591722.946, 95
Trd, 2591723.529, 98
Trd, 2591723.796, 106
Trd, 2591723.946, 111
Trd, 2591724.013, 94
Trd, 2591724.796, 93
Trd, 2591725.129, 108
Trd, 2591726.029, 108
Trd, 2591726.779, 114
Trd, 2591727.796, 113
Trd, 2591728.196, 112
Trd, 2591728.329, 112
Trd, 2591728.546, 112
Trd, 2591730.429, 109
Trd, 2591731.146, 108
Trd, 2591731.263, 105
Trd, 2591732.379, 106
Trd, 2591732.429, 101
Trd, 2591733.796, 93
Trd, 2591734.979, 97
Trd, 2591735.129, 94
Trd, 2591735.346, 92
Trd, 2591736.579, 104
Trd, 2591737.513, 105
Trd, 2591738.513, 104
Trd, 2591738.929, 102
Trd, 2591739.046, 103
Trd, 2591739.363, 102
Trd, 2591739.413, 101
Trd, 2591740.646, 105
Trd, 2591741.763, 103
Trd, 2591742.046, 103
Trd, 2591742.896, 102
Trd, 2591743.563, 103
Trd, 2591744.013, 101
Trd, 2591745.796, 107
Trd, 2591747.113, 102
Trd, 2591748.129, 105
Trd, 2591748.513, 107
Trd, 2591749.079, 105
Trd, 2591749.229, 106
Trd, 2591749.846, 105
Trd, 2591750.513, 104
Trd, 2591750.679, 103
Trd, 2591750.996, 101
Trd, 2591751.579, 95
Trd, 2591752.013, 103
Trd, 2591753.429, 99
Trd, 2591754.563, 98
Trd, 2591754.613, 100
Trd, 2591755.363, 101
Trd, 2591756.329, 98
Trd, 2591756.746, 100
Trd, 2591757.779, 98
Trd, 2591758.096, 104
Trd, 2591758.229, 95
Trd, 2591760.313, 101
Trd, 2591760.613, 98
Trd, 2591761.296, 98
Trd, 2591761.579, 99
Trd, 2591761.646, 97
Trd, 2591762.263, 100
Trd, 2591763.063, 105
Trd, 2591763.996, 107
Trd, 2591764.779, 108
Trd, 2591765.146, 105
Trd, 2591765.529, 101
Trd, 2591766.096, 110
Trd, 2591766.446, 100
Trd, 2591766.796, 101
Trd, 2591767.196, 99
Trd, 2591768.696, 100
Trd, 2591768.996, 99
Trd, 2591769.379, 100
Trd, 2591769.513, 99
Trd, 2591769.729, 98
Trd, 2591771.129, 95
Trd, 2591771.146, 97
Trd, 2591771.746, 100
Trd, 2591772.863, 94
Trd, 2591773.129, 92
Trd, 2591773.746, 92
Trd, 2591775.079, 97
Trd, 2591775.196, 97
Trd, 2591775.646, 98
Trd, 2591775.713, 97
Trd, 2591776.179, 99
Trd, 2591776.646, 98
Trd, 2591776.696, 104
Trd, 2591776.946, 106
Trd, 2591777.363, 91
Trd, 2591779.696, 98
Trd, 2591780.029, 101
Trd, 2591780.346, 100
Trd, 2591780.629, 104
Trd, 2591782.363, 105
Trd, 2591782.963, 102
Trd, 2591784.763, 104
Trd, 2591787.429, 100
Trd, 2591787.896, 107
Trd, 2591788.813, 105
Trd, 2591789.046, 102
Trd, 2591789.129, 101
Trd, 2591789.296, 106
Trd, 2591789.679, 108
Trd, 2591789.863, 100
Trd, 2591790.729, 94
Trd, 2591790.979, 91
Trd, 2591792.196, 102
Trd, 2591792.746, 104
Trd, 2591793.396, 102
Trd, 2591794.213, 106
Trd, 2591794.279, 108
Trd, 2591795.379, 102
Trd, 2591795.513, 102
Trd, 2591795.779, 101
Trd, 2591796.346, 101
Trd, 2591796.429, 108
Trd, 2591797.129, 104
Trd, 2591797.779, 102
Trd, 2591798.496, 98
Trd, 2591798.529, 94
Trd, 2591798.646, 103
Trd, 2591799.563, 106
Trd, 2591800.279, 88
Trd, 2591802.246, 89
Trd, 2591802.563, 95
Trd, 2591803.479, 87
Trd, 2591804.613, 86
Trd, 2591805.046, 88
Trd, 2591805.096, 89
Trd, 2591805.229, 90
Trd, 2591805.313, 94
Trd, 2591805.329, 98
Trd, 2591806.663, 98
Trd, 2591809.163, 108
Trd, 2591809.929, 105
Trd, 2591810.513, 105
Trd, 2591811.496, 101
Trd, 2591811.863, 102
Trd, 2591811.946, 98
Trd, 2591812.513, 99
Trd, 2591813.229, 98
Trd, 2591813.296, 96
Trd, 2591813.829, 98
Trd, 2591814.546, 106
Trd, 2591815.946, 104
Trd, 2591816.996, 107
Trd, 2591817.013, 106
Trd, 2591817.846, 101
Trd, 2591818.096, 106
Trd, 2591818.563, 105
Trd, 2591818.846, 96
Trd, 2591819.846, 98
Trd, 2591819.996, 98
Trd, 2591820.346, 98
Trd, 2591820.546, 98
Trd, 2591822.279, 99
Trd, 2591822.579, 100
Trd, 2591822.746, 97
Trd, 2591823.329, 97
Trd, 2591824.146, 104
Trd, 2591824.863, 105
Trd, 2591826.563, 101
Trd, 2591828.079, 104
Trd, 2591828.296, 104
Trd, 2591828.896, 105
Trd, 2591829.046, 104
Trd, 2591829.729, 101
Trd, 2591830.163, 106
Trd, 2591830.513, 94
Trd, 2591832.996, 103
Trd, 2591833.079, 104
Trd, 2591833.263, 99
Trd, 2591833.779, 105
Trd, 2591833.929, 108
Trd, 2591834.463, 100
Trd, 2591835.429, 98
Trd, 2591836.563, 94
Trd, 2591837.446, 101
Trd, 2591838.079, 100
Trd, 2591838.563, 100
Trd, 2591838.896, 100
Trd, 2591839.879, 102
Trd, 2591840.046, 106
Trd, 2591840.729, 105
Trd, 2591841.063, 105
Trd, 2591841.713, 100
Trd, 2591843.146, 100
Trd, 2591843.429, 103
Trd, 2591843.596, 104
Trd, 2591844.596, 105
Trd, 2591845.579, 98
Trd, 2591845.896, 94
Trd, 2591846.913, 100
Trd, 2591847.913, 102
Trd, 2591847.929, 94
Trd, 2591849.696, 104
Trd, 2591850.563, 104
Trd, 2591850.879, 103
Trd, 2591851.029, 106
Trd, 2591851.246, 106
Trd, 2591851.496, 108
Trd, 2591852.213, 101
Trd, 2591853.146, 100
Trd, 2591854.046, 107
Trd, 2591855.813, 110
Trd, 2591856.096, 111
Trd, 2591856.329, 110
Trd, 2591857.946, 112
Trd, 2591858.013, 111
Trd, 2591858.529, 109
Trd, 2591858.913, 109
Trd, 2591860.046, 105
Trd, 2591860.646, 102
Trd, 2591860.863, 108
Trd, 2591861.163, 110
Trd, 2591861.546, 121
Trd, 2591862.279, 101
Trd, 2591862.546, 98
Trd, 2591863.329, 94
Trd, 2591864.346, 105
Trd, 2591865.563, 117
Trd, 2591866.396, 100
Trd, 2591866.613, 91
Trd, 2591868.113, 105
Trd, 2591868.396, 105
Trd, 2591869.513, 92
Trd, 2591869.646, 87
Trd, 2591869.713, 106
Trd, 2591869.729, 107
Trd, 2591872.329, 102
Trd, 2591872.563, 101
Trd, 2591872.596, 102
Trd, 2591872.663, 101
Trd, 2591872.696, 100
Trd, 2591872.879, 99
Trd, 2591872.946, 98
Trd, 2591873.463, 100
Trd, 2591873.863, 92
Trd, 2591874.113, 101
Trd, 2591875.863, 91
Trd, 2591875.979, 87
Trd, 2591877.379, 92
Trd, 2591878.596, 92
Trd, 2591878.663, 101
Trd, 2591879.563, 104
Trd, 2591880.429, 105
Trd, 2591880.929, 95
Trd, 2591880.963, 107
Trd, 2591881.179, 95
Trd, 2591883.096, 104
Trd, 2591883.129, 103
Trd, 2591883.479, 104
Trd, 2591883.546, 106
Trd, 2591883.796, 107
Trd, 2591884.429, 104
Trd, 2591884.963, 101
Trd, 2591886.829, 104
Trd, 2591887.163, 105
Trd, 2591887.346, 108
Trd, 2591888.263, 107
Trd, 2591888.313, 106
Trd, 2591888.529, 107
Trd, 2591889.729, 112
Trd, 2591890.079, 119
Trd, 2591890.346, 104
Trd, 2591890.846, 102
Trd, 2591891.163, 98
Trd, 2591893.296, 98
Trd, 2591894.196, 97
Trd, 2591894.896, 99
Trd, 2591895.163, 99
Trd, 2591895.263, 92
Trd, 2591895.596, 104
Trd, 2591895.613, 91
Trd, 2591896.163, 87
Trd, 2591897.879, 103
Trd, 2591899.329, 100
Trd, 2591899.546, 101
Trd, 2591899.696, 104
Trd, 2591901.096, 104
Trd, 2591901.363, 104
Trd, 2591901.629, 102
Trd, 2591902.763, 104
Trd, 2591903.163, 105
Trd, 2591903.879, 103
Trd, 2591904.146, 102
Trd, 2591904.779, 102
Trd, 2591906.646, 103
Trd, 2591907.229, 104
Trd, 2591907.846, 105
Trd, 2591907.929, 95
Trd, 2591908.496, 94
Trd, 2591908.629, 108
Trd, 2591909.046, 112
Trd, 2591910.229, 113
Trd, 2591910.663, 121
Trd, 2591910.696, 112
Trd, 2591911.063, 92
Trd, 2591911.413, 91
Trd, 2591913.696, 98
Trd, 2591913.896, 98
Trd, 2591914.313, 98
Trd, 2591914.413, 98
Trd, 2591915.313, 98
Trd, 2591916.196, 98
Trd, 2591916.413, 99
Trd, 2591916.479, 98
Trd, 2591916.529, 94
Trd, 2591916.579, 105
Trd, 2591917.279, 92
Trd, 2591919.729, 100
Trd, 2591920.296, 102
Trd, 2591920.896, 105
Trd, 2591921.279, 104
Trd, 2591921.563, 107
Trd, 2591921.813, 101
Trd, 2591922.779, 103
Trd, 2591923.246, 104
Trd, 2591924.246, 105
Trd, 2591924.963, 107
Trd, 2591925.029, 105
Trd, 2591925.546, 107
Trd, 2591928.263, 96
Trd, 2591928.563, 103
Trd, 2591928.679, 94
Trd, 2591928.813, 91
Trd, 2591928.863, 106
Trd, 2591929.946, 107
Trd, 2591931.063, 108
Trd, 2591931.229, 108
Trd, 2591931.446, 105
Trd, 2591931.613, 110
Trd, 2591933.113, 110
Trd, 2591933.896, 107
Trd, 2591934.279, 106
Trd, 2591934.379, 109
Trd, 2591935.363, 101
Trd, 2591936.679, 118
Trd, 2591937.946, 124
Trd, 2591938.796, 113
Trd, 2591939.079, 110
Trd, 2591939.413, 109
Trd, 2591940.879, 109
Trd, 2591941.663, 108
Trd, 2591942.663, 112
Trd, 2591942.896, 105
Trd, 2591943.663, 102
Trd, 2591944.213, 103
Trd, 2591944.429, 101
Trd, 2591944.496, 103
Trd, 2591945.796, 100
Trd, 2591945.946, 99
Trd, 2591946.146, 99
Trd, 2591946.246, 101
Trd, 2591946.579, 102
Trd, 2591947.463, 109
Trd, 2591948.879, 100
Trd, 2591950.213, 100
Trd, 2591950.846, 99
Trd, 2591952.046, 104
Trd, 2591952.646, 99
Trd, 2591952.713, 103
Trd, 2591953.046, 98
Trd, 2591953.363, 94
Trd, 2591953.796, 98
Trd, 2591954.196, 97
Trd, 2591954.646, 94
Trd, 2591955.113, 98
Trd, 2591956.813, 102
Trd, 2591957.429, 103
Trd, 2591957.879, 108
Trd, 2591958.179, 111
Trd, 2591958.263, 102
Trd, 2591958.896, 111
Trd, 2591960.063, 112
Trd, 2591960.113, 112
Trd, 2591960.646, 112
Trd, 2591961.679, 105
Trd, 2591963.379, 105
Trd, 2591963.863, 102
Trd, 2591964.579, 102
Trd, 2591964.596, 101
Trd, 2591964.696, 98
Trd, 2591965.946, 97
Trd, 2591966.163, 95
Trd, 2591967.196, 98
Trd, 2591967.529, 94
Trd, 2591967.846, 97
Trd, 2591968.046, 98
Trd, 2591969.846, 96
Trd, 2591970.196, 94
Trd, 2591970.529, 96
Trd, 2591970.979, 110
Trd, 2591971.146, 95
Trd, 2591971.163, 112
Trd, 2591973.179, 100
Trd, 2591973.513, 100
Trd, 2591974.346, 101
Trd, 2591974.546, 102
Trd, 2591975.563, 92
Trd, 2591976.579, 93
Trd, 2591976.763, 93
Trd, 2591977.246, 99
Trd, 2591977.879, 106
Trd, 2591978.529, 93
Trd, 2591979.163, 92
Trd, 2591979.429, 103
Trd, 2591980.463, 102
Trd, 2591982.713, 96
Trd, 2591982.946, 94
Trd, 2591982.963, 102
Trd, 2591984.229, 100
Trd, 2591984.279, 101
Trd, 2591986.629, 104
Trd, 2591986.763, 104
Trd, 2591987.129, 98
Trd, 2591988.096, 102
Trd, 2591988.696, 94
Trd, 2591988.963, 98
Trd, 2591989.263, 92
Trd, 2591990.279, 96
Trd, 2591991.146, 104
Trd, 2591991.829, 105
Trd, 2591992.279, 103
Trd, 2591992.413, 91
Trd, 2591992.763, 91
Trd, 2591993.029, 92
Trd, 2591995.929, 105
Trd, 2591997.413, 107
Trd, 2591997.879, 107
Trd, 2591999.079, 102
Trd, 2591999.329, 107
Trd, 2591999.463, 102
Trd, 2591999.629, 102
Trd, 2591999.646, 101
Trd, 2591999.763, 108
