Trd, 2590663.063, 105
Trd, 2590663.196, 86
Trd, 2590663.363, 113
Trd, 2590663.379, 122
Trd, 2590663.996, 87
Trd, 2590665.563, 98
Trd, 2590665.963, 87
Trd, 2590668.163, 119
Trd, 2590669.179, 115
Trd, 2590669.913, 101
Trd, 2590670.613, 94
Trd, 2590670.896, 109
Trd, 2590672.529, 106
Trd, 2590673.096, 108
Trd, 2590673.396, 98
Trd, 2590674.846, 111
Trd, 2590674.979, 102
Trd, 2590675.046, 98
Trd, 2590676.079, 110
Trd, 2590677.146, 101
Trd, 2590677.863, 91
Trd, 2590678.563, 109
Trd, 2590678.813, 94
Trd, 2590679.013, 83
Trd, 2590679.713, 108
Trd, 2590681.179, 108
Trd, 2590683.513, 98
Trd, 2590683.713, 94
Trd, 2590684.663, 86
Trd, 2590684.779, 87
Trd, 2590684.863, 81
Trd, 2590685.829, 99
Trd, 2590686.596, 93
Trd, 2590686.679, 83
Trd, 2590686.979, 105
Trd, 2590687.346, 90
Trd, 2590688.229, 101
Trd, 2590688.863, 109
Trd, 2590688.879, 100
Trd, 2590689.296, 111
Trd, 2590689.463, 112
Trd, 2590689.679, 101
Trd, 2590690.479, 101
Trd, 2590691.429, 111
Trd, 2590691.713, 101
Trd, 2590691.963, 101
Trd, 2590692.463, 112
Trd, 2590693.046, 105
Trd, 2590693.663, 110
Trd, 2590693.829, 103
Trd, 2590694.363, 101
Trd, 2590695.846, 115
Trd, 2590695.896, 122
Trd, 2590697.546, 101
Trd, 2590698.629, 99
Trd, 2590699.546, 98
Trd, 2590699.663, 99
Trd, 2590700.446, 105
Trd, 2590700.579, 108
Trd, 2590700.629, 122
Trd, 2590701.963, 115
Trd, 2590702.879, 110
Trd, 2590703.846, 113
Trd, 2590704.829, 105
Trd, 2590705.263, 112
Trd, 2590705.896, 105
Trd, 2590706.763, 104
Trd, 2590707.363, 101
Trd, 2590708.179, 101
Trd, 2590708.329, 107
Trd, 2590709.263, 105
Trd, 2590709.446, 98
Trd, 2590709.529, 91
Trd, 2590710.396, 94
Trd, 2590710.679, 86
Trd, 2590712.779, 108
Trd, 2590714.963, 111
Trd, 2590715.279, 111
Trd, 2590717.279, 110
Trd, 2590717.296, 108
Trd, 2590718.729, 107
Trd, 2590719.146, 100
Trd, 2590719.896, 110
Trd, 2590719.929, 98
Trd, 2590720.013, 110
Trd, 2590721.946, 109
Trd, 2590722.229, 94
Trd, 2590722.379, 108
Trd, 2590723.363, 97
Trd, 2590723.446, 101
Trd, 2590723.596, 91
Trd, 2590723.863, 84
Trd, 2590723.963, 108
Trd, 2590724.513, 118
Trd, 2590724.646, 120
Trd, 2590725.563, 101
Trd, 2590727.113, 100
Trd, 2590728.079, 94
Trd, 2590729.413, 108
Trd, 2590729.779, 120
Trd, 2590730.813, 122
Trd, 2590730.946, 122
Trd, 2590731.629, 108
Trd, 2590732.229, 108
Trd, 2590733.679, 107
Trd, 2590735.013, 109
Trd, 2590735.646, 101
Trd, 2590736.763, 111
Trd, 2590738.446, 108
Trd, 2590738.563, 108
Trd, 2590739.213, 98
Trd, 2590739.279, 98
Trd, 2590739.329, 97
Trd, 2590739.829, 92
Trd, 2590740.479, 100
Trd, 2590741.263, 99
Trd, 2590743.296, 92
Trd, 2590744.329, 94
Trd, 2590744.429, 96
Trd, 2590746.363, 105
Trd, 2590746.396, 108
Trd, 2590746.946, 109
Trd, 2590747.163, 114
Trd, 2590747.346, 108
Trd, 2590748.979, 113
Trd, 2590749.446, 96
Trd, 2590749.946, 115
Trd, 2590750.596, 91
Trd, 2590752.029, 114
Trd, 2590752.329, 114
Trd, 2590752.529, 94
Trd, 2590754.796, 97
Trd, 2590755.879, 97
Trd, 2590756.129, 100
Trd, 2590756.279, 97
Trd, 2590756.596, 98
Trd, 2590756.863, 101
Trd, 2590757.063, 104
Trd, 2590758.496, 98
Trd, 2590759.779, 117
Trd, 2590760.496, 122
Trd, 2590760.829, 137
Trd, 2590761.129, 91
Trd, 2590761.396, 98
Trd, 2590762.363, 115
Trd, 2590763.046, 112
Trd, 2590763.446, 88
Trd, 2590764.529, 109
Trd, 2590764.546, 98
Trd, 2590765.863, 115
Trd, 2590766.513, 89
Trd, 2590767.063, 91
Trd, 2590767.529, 91
Trd, 2590767.629, 98
Trd, 2590768.929, 97
Trd, 2590769.863, 99
Trd, 2590770.213, 101
Trd, 2590770.279, 98
Trd, 2590770.779, 96
Trd, 2590770.813, 104
Trd, 2590771.013, 108
Trd, 2590771.279, 85
Trd, 2590771.329, 83
Trd, 2590771.679, 100
Trd, 2590773.596, 93
Trd, 2590774.129, 91
Trd, 2590774.213, 96
Trd, 2590776.146, 85
Trd, 2590776.429, 89
Trd, 2590778.413, 112
Trd, 2590778.613, 96
Trd, 2590779.563, 111
Trd, 2590780.096, 111
Trd, 2590780.363, 112
Trd, 2590780.863, 106
Trd, 2590780.996, 102
Trd, 2590781.163, 101
Trd, 2590782.646, 95
Trd, 2590783.546, 98
Trd, 2590783.679, 112
Trd, 2590785.013, 107
Trd, 2590785.596, 106
Trd, 2590786.629, 94
Trd, 2590786.813, 108
Trd, 2590787.363, 102
Trd, 2590789.696, 102
Trd, 2590789.779, 99
Trd, 2590790.113, 103
Trd, 2590790.829, 104
Trd, 2590791.113, 105
Trd, 2590792.479, 107
Trd, 2590792.579, 101
Trd, 2590793.963, 98
Trd, 2590794.329, 92
Trd, 2590794.946, 108
Trd, 2590796.013, 91
Trd, 2590797.629, 90
Trd, 2590797.979, 109
Trd, 2590798.263, 97
Trd, 2590798.329, 110
Trd, 2590798.896, 103
Trd, 2590798.913, 112
Trd, 2590799.329, 100
Trd, 2590799.379, 104
Trd, 2590799.596, 99
Trd, 2590802.246, 106
Trd, 2590802.396, 99
Trd, 2590802.563, 98
Trd, 2590803.246, 93
Trd, 2590803.779, 108
Trd, 2590806.663, 114
Trd, 2590807.263, 103
Trd, 2590808.779, 106
Trd, 2590810.029, 106
Trd, 2590810.413, 101
Trd, 2590810.629, 111
Trd, 2590810.913, 110
Trd, 2590810.979, 111
Trd, 2590811.263, 104
Trd, 2590811.396, 101
Trd, 2590812.513, 95
Trd, 2590813.229, 113
Trd, 2590813.263, 97
Trd, 2590813.479, 114
Trd, 2590814.913, 101
Trd, 2590815.729, 117
Trd, 2590816.113, 98
Trd, 2590816.446, 95
Trd, 2590816.863, 94
Trd, 2590817.146, 117
Trd, 2590818.096, 94
Trd, 2590818.513, 91
Trd, 2590821.413, 108
Trd, 2590822.246, 100
Trd, 2590822.296, 103
Trd, 2590822.613, 98
Trd, 2590823.463, 105
Trd, 2590824.229, 106
Trd, 2590824.279, 101
Trd, 2590824.996, 108
Trd, 2590825.663, 112
Trd, 2590825.979, 99
Trd, 2590826.496, 98
Trd, 2590826.846, 94
Trd, 2590828.163, 103
Trd, 2590829.079, 100
Trd, 2590829.846, 119
Trd, 2590830.029, 112
Trd, 2590830.296, 101
Trd, 2590831.746, 103
Trd, 2590834.363, 105
Trd, 2590834.629, 107
Trd, 2590835.113, 106
Trd, 2590835.129, 101
Trd, 2590835.613, 98
Trd, 2590836.579, 94
Trd, 2590837.179, 91
Trd, 2590837.979, 104
Trd, 2590838.813, 104
Trd, 2590838.863, 105
Trd, 2590839.913, 105
Trd, 2590840.079, 108
Trd, 2590841.446, 114
Trd, 2590841.563, 104
Trd, 2590841.896, 108
Trd, 2590843.029, 120
Trd, 2590843.129, 122
Trd, 2590843.513, 103
Trd, 2590843.679, 126
Trd, 2590845.429, 109
Trd, 2590845.713, 108
Trd, 2590846.529, 109
Trd, 2590846.713, 108
Trd, 2590846.963, 101
Trd, 2590847.529, 98
Trd, 2590848.346, 105
Trd, 2590849.496, 91
Trd, 2590849.929, 84
Trd, 2590851.213, 81
Trd, 2590851.479, 101
Trd, 2590851.763, 90
Trd, 2590852.729, 101
Trd, 2590853.363, 95
Trd, 2590853.446, 94
Trd, 2590853.896, 89
Trd, 2590855.679, 84
Trd, 2590856.446, 81
Trd, 2590856.479, 87
Trd, 2590857.096, 105
Trd, 2590857.196, 97
Trd, 2590857.879, 96
Trd, 2590859.096, 108
Trd, 2590859.929, 110
Trd, 2590860.013, 111
Trd, 2590860.163, 110
Trd, 2590860.279, 112
Trd, 2590862.029, 113
Trd, 2590862.446, 97
Trd, 2590863.129, 114
Trd, 2590863.646, 106
Trd, 2590863.979, 104
Trd, 2590864.429, 101
Trd, 2590865.263, 101
Trd, 2590866.379, 98
Trd, 2590866.846, 99
Trd, 2590867.296, 98
Trd, 2590867.313, 94
Trd, 2590868.779, 93
Trd, 2590870.079, 94
Trd, 2590870.229, 101
Trd, 2590870.279, 103
Trd, 2590870.646, 91
Trd, 2590871.046, 84
Trd, 2590871.279, 81
Trd, 2590871.579, 122
Trd, 2590871.946, 110
Trd, 2590872.029, 130
Trd, 2590873.163, 128
Trd, 2590874.596, 98
Trd, 2590875.446, 127
Trd, 2590875.879, 107
Trd, 2590876.896, 97
Trd, 2590877.529, 125
Trd, 2590878.463, 100
Trd, 2590878.613, 101
Trd, 2590880.013, 112
Trd, 2590880.429, 102
Trd, 2590880.613, 101
Trd, 2590880.863, 114
Trd, 2590881.679, 97
Trd, 2590882.946, 108
Trd, 2590883.229, 91
Trd, 2590883.579, 90
Trd, 2590883.996, 95
Trd, 2590884.896, 97
Trd, 2590886.079, 91
Trd, 2590886.463, 98
Trd, 2590887.413, 108
Trd, 2590887.879, 85
Trd, 2590889.363, 86
Trd, 2590890.313, 91
Trd, 2590890.363, 101
Trd, 2590890.696, 101
Trd, 2590890.713, 101
Trd, 2590891.046, 105
Trd, 2590891.463, 108
Trd, 2590892.563, 114
Trd, 2590893.046, 92
Trd, 2590893.563, 92
Trd, 2590893.846, 89
Trd, 2590894.729, 112
Trd, 2590895.063, 101
Trd, 2590895.079, 113
Trd, 2590896.146, 101
Trd, 2590898.396, 101
Trd, 2590899.296, 109
Trd, 2590900.463, 99
Trd, 2590901.163, 99
Trd, 2590901.196, 107
Trd, 2590901.429, 98
Trd, 2590901.446, 94
Trd, 2590903.796, 94
Trd, 2590904.163, 95
Trd, 2590904.996, 101
Trd, 2590905.813, 102
Trd, 2590907.096, 101
Trd, 2590907.429, 93
Trd, 2590908.129, 103
Trd, 2590908.346, 105
Trd, 2590908.829, 107
Trd, 2590910.313, 102
Trd, 2590911.496, 107
Trd, 2590912.379, 104
Trd, 2590913.429, 108
Trd, 2590913.496, 107
Trd, 2590913.979, 112
Trd, 2590914.113, 104
Trd, 2590915.613, 119
Trd, 2590915.896, 98
Trd, 2590915.913, 122
Trd, 2590916.179, 94
Trd, 2590918.163, 97
Trd, 2590918.429, 96
Trd, 2590919.146, 119
Trd, 2590920.646, 103
Trd, 2590920.979, 106
Trd, 2590921.046, 102
Trd, 2590922.013, 96
Trd, 2590922.146, 101
Trd, 2590922.463, 96
Trd, 2590922.763, 96
Trd, 2590923.029, 96
Trd, 2590923.229, 105
Trd, 2590923.479, 89
Trd, 2590924.313, 88
Trd, 2590925.113, 108
Trd, 2590925.196, 98
Trd, 2590928.529, 109
Trd, 2590930.096, 102
Trd, 2590930.346, 101
Trd, 2590931.646, 94
Trd, 2590932.546, 90
Trd, 2590932.763, 84
Trd, 2590933.296, 81
Trd, 2590934.529, 88
Trd, 2590934.879, 97
Trd, 2590935.246, 97
Trd, 2590935.379, 101
Trd, 2590935.846, 94
Trd, 2590936.213, 91
Trd, 2590937.429, 103
Trd, 2590938.229, 104
Trd, 2590939.246, 92
Trd, 2590939.729, 94
Trd, 2590939.979, 85
Trd, 2590940.046, 108
Trd, 2590940.979, 116
Trd, 2590941.296, 115
Trd, 2590941.479, 117
Trd, 2590941.779, 115
Trd, 2590943.379, 122
Trd, 2590943.779, 103
Trd, 2590944.396, 101
Trd, 2590944.896, 97
Trd, 2590946.079, 96
Trd, 2590947.196, 86
Trd, 2590947.463, 87
Trd, 2590947.746, 88
Trd, 2590948.379, 99
Trd, 2590948.829, 101
Trd, 2590950.229, 101
Trd, 2590950.529, 105
Trd, 2590952.813, 105
Trd, 2590953.029, 101
Trd, 2590953.163, 101
Trd, 2590954.263, 105
Trd, 2590954.296, 97
Trd, 2590956.479, 105
Trd, 2590956.679, 108
Trd, 2590956.996, 106
Trd, 2590957.229, 104
Trd, 2590958.346, 99
Trd, 2590958.579, 94
Trd, 2590959.113, 116
Trd, 2590959.429, 111
Trd, 2590959.729, 98
Trd, 2590960.063, 88
Trd, 2590960.546, 110
Trd, 2590962.846, 96
Trd, 2590963.413, 91
Trd, 2590963.463, 90
Trd, 2590964.379, 111
Trd, 2590964.946, 95
Trd, 2590965.746, 94
Trd, 2590965.829, 87
Trd, 2590965.929, 84
Trd, 2590966.613, 114
Trd, 2590967.796, 112
Trd, 2590968.046, 113
Trd, 2590968.229, 113
Trd, 2590969.663, 101
Trd, 2590969.813, 112
Trd, 2590969.929, 101
Trd, 2590970.029, 122
Trd, 2590972.279, 121
Trd, 2590972.979, 100
Trd, 2590974.313, 112
Trd, 2590974.463, 122
Trd, 2590975.529, 98
Trd, 2590976.263, 100
Trd, 2590976.463, 100
Trd, 2590977.429, 101
Trd, 2590977.563, 94
Trd, 2590977.646, 103
Trd, 2590978.063, 108
Trd, 2590978.096, 91
Trd, 2590978.779, 85
Trd, 2590980.163, 96
Trd, 2590980.196, 93
Trd, 2590980.779, 92
Trd, 2590981.763, 102
Trd, 2590982.596, 85
Trd, 2590983.896, 103
Trd, 2590984.463, 84
Trd, 2590985.663, 103
Trd, 2590986.313, 97
Trd, 2590986.479, 102
Trd, 2590987.213, 103
Trd, 2590988.663, 101
Trd, 2590988.846, 100
Trd, 2590989.179, 108
Trd, 2590989.329, 95
Trd, 2590989.979, 114
Trd, 2590989.996, 94
Trd, 2590991.146, 115
Trd, 2590991.963, 113
Trd, 2590991.996, 112
Trd, 2590993.146, 106
Trd, 2590993.879, 97
Trd, 2590994.446, 95
Trd, 2590994.596, 106
Trd, 2590994.729, 94
Trd, 2590994.796, 107
Trd, 2590994.963, 89
Trd, 2590997.579, 95
Trd, 2590997.896, 105
Trd, 2590998.096, 87
Trd, 2590999.413, 103
Trd, 2590999.846, 108
Trd, 2590999.913, 96
Trd, 2591000.813, 101
Trd, 2591001.363, 114
Trd, 2591001.563, 93
Trd, 2591002.196, 109
Trd, 2591002.646, 121
Trd, 2591003.029, 92
Trd, 2591003.913, 120
Trd, 2591003.996, 109
Trd, 2591004.496, 91
Trd, 2591004.579, 97
Trd, 2591005.563, 122
Trd, 2591005.729, 85
Trd, 2591006.813, 84
Trd, 2591008.679, 84
Trd, 2591008.696, 83
Trd, 2591009.613, 93
Trd, 2591010.896, 98
Trd, 2591011.196, 97
Trd, 2591014.463, 104
Trd, 2591014.629, 108
Trd, 2591015.463, 103
Trd, 2591015.529, 107
Trd, 2591015.696, 98
Trd, 2591017.229, 110
Trd, 2591017.829, 111
Trd, 2591018.196, 112
Trd, 2591020.096, 105
Trd, 2591020.563, 104
Trd, 2591020.663, 101
Trd, 2591020.996, 98
Trd, 2591022.313, 94
Trd, 2591022.546, 95
Trd, 2591022.579, 98
Trd, 2591022.929, 105
Trd, 2591023.913, 98
Trd, 2591024.613, 112
Trd, 2591025.613, 101
Trd, 2591025.729, 106
Trd, 2591026.613, 95
Trd, 2591026.679, 107
Trd, 2591027.746, 101
Trd, 2591028.396, 102
Trd, 2591028.896, 108
Trd, 2591029.463, 106
Trd, 2591030.246, 95
Trd, 2591030.379, 94
Trd, 2591030.629, 110
Trd, 2591031.596, 116
Trd, 2591032.113, 113
Trd, 2591032.946, 108
Trd, 2591033.729, 101
Trd, 2591034.029, 91
Trd, 2591035.396, 88
Trd, 2591036.446, 89
Trd, 2591036.746, 84
Trd, 2591037.063, 89
Trd, 2591037.246, 90
Trd, 2591037.379, 81
Trd, 2591037.413, 102
Trd, 2591038.879, 105
Trd, 2591039.546, 84
Trd, 2591040.113, 105
Trd, 2591040.329, 108
Trd, 2591041.196, 100
Trd, 2591042.163, 104
Trd, 2591042.363, 103
Trd, 2591042.513, 113
Trd, 2591043.446, 122
Trd, 2591043.463, 129
Trd, 2591044.129, 101
Trd, 2591045.013, 103
Trd, 2591045.679, 99
Trd, 2591046.829, 98
Trd, 2591047.746, 99
Trd, 2591047.779, 98
Trd, 2591048.563, 101
Trd, 2591048.646, 102
Trd, 2591049.879, 94
Trd, 2591051.613, 104
Trd, 2591051.679, 98
Trd, 2591053.396, 105
Trd, 2591054.746, 98
Trd, 2591055.413, 92
Trd, 2591055.496, 91
Trd, 2591055.579, 86
Trd, 2591055.829, 95
Trd, 2591056.863, 97
Trd, 2591056.979, 105
Trd, 2591057.296, 98
Trd, 2591058.846, 105
Trd, 2591060.196, 101
Trd, 2591060.346, 103
Trd, 2591060.446, 104
Trd, 2591061.446, 96
Trd, 2591061.896, 108
Trd, 2591062.679, 117
Trd, 2591062.996, 122
Trd, 2591063.029, 91
Trd, 2591063.813, 95
Trd, 2591065.196, 101
Trd, 2591066.263, 101
Trd, 2591066.529, 105
Trd, 2591068.529, 113
Trd, 2591069.313, 106
Trd, 2591069.429, 105
Trd, 2591069.546, 103
Trd, 2591070.446, 102
Trd, 2591070.646, 97
Trd, 2591070.946, 95
Trd, 2591071.063, 94
Trd, 2591072.446, 104
Trd, 2591073.479, 105
Trd, 2591073.596, 104
Trd, 2591073.863, 106
Trd, 2591074.296, 91
Trd, 2591075.096, 108
Trd, 2591075.729, 112
Trd, 2591076.213, 122
Trd, 2591078.763, 102
Trd, 2591079.196, 102
Trd, 2591079.646, 101
Trd, 2591080.296, 108
Trd, 2591080.579, 98
Trd, 2591080.796, 108
Trd, 2591080.846, 109
Trd, 2591081.446, 94
Trd, 2591082.113, 109
Trd, 2591082.346, 101
Trd, 2591083.413, 105
Trd, 2591083.529, 88
Trd, 2591084.829, 101
Trd, 2591085.879, 87
Trd, 2591086.229, 97
Trd, 2591086.796, 120
Trd, 2591088.329, 93
Trd, 2591088.679, 92
Trd, 2591089.029, 102
Trd, 2591089.546, 89
Trd, 2591090.779, 104
Trd, 2591092.696, 102
Trd, 2591092.713, 111
Trd, 2591093.629, 111
Trd, 2591093.879, 102
Trd, 2591093.929, 101
Trd, 2591094.429, 101
Trd, 2591094.846, 97
Trd, 2591096.846, 99
Trd, 2591097.796, 97
Trd, 2591098.513, 98
Trd, 2591099.346, 96
Trd, 2591099.979, 95
Trd, 2591100.479, 110
Trd, 2591100.496, 94
Trd, 2591101.113, 109
Trd, 2591101.346, 112
Trd, 2591102.529, 98
Trd, 2591103.296, 95
Trd, 2591103.329, 96
Trd, 2591104.479, 92
Trd, 2591105.429, 100
Trd, 2591105.463, 108
Trd, 2591105.796, 91
Trd, 2591105.813, 108
Trd, 2591107.129, 101
Trd, 2591107.663, 100
Trd, 2591107.746, 94
Trd, 2591108.096, 106
Trd, 2591108.213, 113
Trd, 2591108.646, 84
Trd, 2591110.179, 116
Trd, 2591111.846, 109
Trd, 2591113.313, 101
Trd, 2591113.646, 94
Trd, 2591113.896, 94
Trd, 2591114.196, 95
Trd, 2591114.313, 101
Trd, 2591114.363, 106
Trd, 2591115.463, 95
Trd, 2591116.763, 106
Trd, 2591117.579, 93
Trd, 2591117.896, 108
Trd, 2591119.029, 105
Trd, 2591120.929, 107
Trd, 2591121.213, 103
Trd, 2591121.346, 108
Trd, 2591123.763, 104
Trd, 2591123.779, 108
Trd, 2591124.313, 104
Trd, 2591124.846, 107
Trd, 2591125.829, 103
Trd, 2591125.963, 101
Trd, 2591126.063, 112
Trd, 2591126.396, 95
Trd, 2591126.596, 95
Trd, 2591126.646, 93
Trd, 2591127.513, 98
Trd, 2591130.496, 102
Trd, 2591130.579, 99
Trd, 2591131.079, 105
Trd, 2591132.346, 107
Trd, 2591134.763, 102
Trd, 2591135.663, 95
Trd, 2591135.896, 98
Trd, 2591136.163, 102
Trd, 2591136.196, 105
Trd, 2591138.546, 102
Trd, 2591138.613, 104
Trd, 2591138.679, 95
Trd, 2591138.846, 94
Trd, 2591138.963, 108
Trd, 2591139.279, 93
Trd, 2591140.096, 99
Trd, 2591141.529, 106
Trd, 2591144.113, 102
Trd, 2591145.096, 101
Trd, 2591145.879, 99
Trd, 2591146.079, 107
Trd, 2591146.363, 100
Trd, 2591146.396, 108
Trd, 2591146.429, 114
Trd, 2591147.746, 107
Trd, 2591148.129, 101
Trd, 2591148.796, 98
Trd, 2591149.646, 94
Trd, 2591149.963, 104
Trd, 2591149.996, 105
Trd, 2591152.029, 98
Trd, 2591152.313, 97
Trd, 2591152.863, 91
Trd, 2591153.213, 95
Trd, 2591154.246, 115
Trd, 2591154.729, 115
Trd, 2591155.129, 116
Trd, 2591158.046, 108
Trd, 2591158.296, 98
Trd, 2591159.063, 105
Trd, 2591159.463, 112
Trd, 2591159.513, 94
Trd, 2591159.613, 93
Trd, 2591159.779, 108
Trd, 2591160.313, 91
Trd, 2591161.146, 86
Trd, 2591161.679, 89
Trd, 2591161.763, 86
Trd, 2591163.713, 104
Trd, 2591163.963, 101
Trd, 2591164.629, 103
Trd, 2591165.546, 98
Trd, 2591166.863, 103
Trd, 2591167.429, 86
Trd, 2591167.713, 89
Trd, 2591167.963, 93
Trd, 2591168.829, 104
Trd, 2591170.363, 95
Trd, 2591170.779, 99
Trd, 2591171.113, 105
Trd, 2591172.296, 110
Trd, 2591172.663, 104
Trd, 2591173.179, 94
Trd, 2591173.846, 109
Trd, 2591174.579, 90
Trd, 2591174.863, 107
Trd, 2591175.229, 85
Trd, 2591175.346, 84
Trd, 2591176.229, 81
Trd, 2591178.429, 95
Trd, 2591179.146, 94
Trd, 2591179.313, 95
Trd, 2591179.363, 101
Trd, 2591179.696, 92
Trd, 2591180.379, 105
Trd, 2591181.546, 111
Trd, 2591182.129, 113
Trd, 2591182.546, 113
Trd, 2591182.779, 97
Trd, 2591184.246, 112
Trd, 2591185.096, 110
Trd, 2591185.946, 105
Trd, 2591186.479, 104
Trd, 2591187.046, 118
Trd, 2591187.229, 101
Trd, 2591189.163, 121
Trd, 2591190.846, 113
Trd, 2591191.579, 105
Trd, 2591191.829, 96
Trd, 2591191.879, 95
Trd, 2591192.063, 94
Trd, 2591192.963, 100
Trd, 2591193.379, 102
Trd, 2591194.296, 103
Trd, 2591194.379, 113
Trd, 2591194.979, 99
Trd, 2591198.029, 106
Trd, 2591198.313, 106
Trd, 2591198.363, 107
Trd, 2591199.263, 104
Trd, 2591200.046, 108
Trd, 2591200.779, 113
Trd, 2591201.163, 101
Trd, 2591202.396, 101
Trd, 2591202.896, 98
Trd, 2591202.979, 105
Trd, 2591203.129, 106
Trd, 2591203.829, 94
Trd, 2591205.846, 112
Trd, 2591206.163, 99
Trd, 2591207.646, 121
Trd, 2591208.279, 101
Trd, 2591208.929, 101
Trd, 2591209.046, 102
Trd, 2591209.579, 101
Trd, 2591209.646, 98
Trd, 2591210.013, 108
Trd, 2591211.913, 111
Trd, 2591212.163, 91
Trd, 2591212.779, 85
Trd, 2591213.463, 91
Trd, 2591214.896, 107
Trd, 2591215.479, 108
Trd, 2591216.213, 103
Trd, 2591216.413, 98
Trd, 2591216.713, 104
Trd, 2591217.396, 95
Trd, 2591217.463, 107
Trd, 2591217.596, 108
Trd, 2591217.929, 94
Trd, 2591218.513, 109
Trd, 2591219.129, 119
Trd, 2591220.113, 122
Trd, 2591221.063, 111
Trd, 2591221.796, 111
Trd, 2591222.013, 94
Trd, 2591223.113, 93
Trd, 2591225.396, 95
Trd, 2591225.496, 110
Trd, 2591226.279, 100
Trd, 2591226.679, 94
Trd, 2591227.329, 96
Trd, 2591228.746, 94
Trd, 2591228.896, 98
Trd, 2591229.846, 91
Trd, 2591230.179, 100
Trd, 2591231.479, 84
Trd, 2591232.129, 98
Trd, 2591232.279, 101
Trd, 2591233.479, 86
Trd, 2591233.913, 100
Trd, 2591234.513, 95
Trd, 2591234.813, 105
Trd, 2591234.863, 91
Trd, 2591234.896, 108
Trd, 2591235.896, 110
Trd, 2591236.346, 108
Trd, 2591237.113, 113
Trd, 2591237.413, 101
Trd, 2591237.496, 96
Trd, 2591237.579, 122
Trd, 2591238.063, 96
Trd, 2591241.013, 95
Trd, 2591241.263, 100
Trd, 2591242.113, 101
Trd, 2591242.879, 111
Trd, 2591243.196, 112
Trd, 2591244.146, 125
Trd, 2591244.929, 117
Trd, 2591245.829, 108
Trd, 2591246.563, 108
Trd, 2591246.829, 128
Trd, 2591247.329, 106
Trd, 2591247.613, 98
Trd, 2591247.679, 91
Trd, 2591248.479, 93
Trd, 2591250.913, 101
Trd, 2591251.496, 112
Trd, 2591251.913, 111
Trd, 2591252.163, 101
Trd, 2591252.279, 111
Trd, 2591252.346, 112
Trd, 2591254.029, 95
Trd, 2591255.679, 94
Trd, 2591255.996, 112
Trd, 2591256.546, 94
Trd, 2591256.796, 96
Trd, 2591257.146, 101
Trd, 2591257.696, 82
Trd, 2591258.063, 88
Trd, 2591258.329, 89
Trd, 2591258.346, 112
Trd, 2591260.279, 107
Trd, 2591260.429, 107
Trd, 2591262.163, 94
Trd, 2591262.413, 108
Trd, 2591262.429, 115
Trd, 2591262.613, 116
Trd, 2591262.663, 90
Trd, 2591263.429, 96
Trd, 2591263.796, 122
Trd, 2591265.329, 91
Trd, 2591266.379, 102
Trd, 2591266.479, 113
Trd, 2591266.596, 100
Trd, 2591267.179, 91
Trd, 2591267.229, 92
Trd, 2591267.963, 92
Trd, 2591268.513, 119
Trd, 2591269.729, 118
Trd, 2591271.613, 101
Trd, 2591271.913, 102
Trd, 2591271.996, 114
Trd, 2591273.563, 97
Trd, 2591273.829, 98
Trd, 2591274.396, 103
Trd, 2591274.746, 99
Trd, 2591275.096, 114
Trd, 2591275.379, 95
Trd, 2591275.479, 114
Trd, 2591275.779, 94
Trd, 2591276.846, 94
Trd, 2591277.079, 95
Trd, 2591278.363, 118
Trd, 2591279.063, 121
Trd, 2591280.929, 115
Trd, 2591281.029, 115
Trd, 2591281.763, 98
Trd, 2591282.396, 99
Trd, 2591283.296, 108
Trd, 2591284.013, 94
Trd, 2591284.046, 84
Trd, 2591284.129, 82
Trd, 2591285.329, 94
Trd, 2591285.546, 91
Trd, 2591285.913, 105
Trd, 2591286.229, 81
Trd, 2591286.579, 109
Trd, 2591286.913, 85
Trd, 2591287.729, 83
Trd, 2591288.213, 84
Trd, 2591289.713, 106
Trd, 2591291.196, 119
Trd, 2591291.213, 109
Trd, 2591292.246, 103
Trd, 2591292.979, 102
Trd, 2591294.013, 107
Trd, 2591295.013, 108
Trd, 2591295.279, 109
Trd, 2591295.413, 101
Trd, 2591297.229, 109
Trd, 2591298.029, 94
Trd, 2591298.446, 94
Trd, 2591298.513, 108
Trd, 2591298.846, 98
Trd, 2591299.363, 96
Trd, 2591299.563, 111
Trd, 2591299.796, 93
Trd, 2591300.629, 114
Trd, 2591301.746, 94
Trd, 2591302.646, 122
Trd, 2591303.613, 97
Trd, 2591306.513, 101
Trd, 2591307.029, 97
Trd, 2591307.646, 100
Trd, 2591307.746, 96
Trd, 2591307.979, 108
Trd, 2591308.046, 91
Trd, 2591308.279, 103
Trd, 2591308.663, 96
Trd, 2591309.696, 103
Trd, 2591310.579, 104
Trd, 2591311.413, 107
Trd, 2591313.463, 108
Trd, 2591313.913, 106
Trd, 2591314.179, 105
Trd, 2591314.213, 101
Trd, 2591314.813, 107
Trd, 2591315.646, 109
Trd, 2591316.063, 95
Trd, 2591316.546, 108
Trd, 2591317.663, 119
Trd, 2591318.313, 118
Trd, 2591318.963, 98
Trd, 2591319.313, 94
Trd, 2591319.829, 119
Trd, 2591321.063, 98
Trd, 2591321.179, 91
Trd, 2591321.496, 102
Trd, 2591322.596, 110
Trd, 2591322.679, 102
Trd, 2591323.679, 115
Trd, 2591324.279, 117
Trd, 2591324.596, 116
Trd, 2591325.713, 121
Trd, 2591327.279, 116
Trd, 2591327.846, 119
Trd, 2591327.879, 115
Trd, 2591329.746, 101
Trd, 2591330.479, 116
Trd, 2591330.529, 98
Trd, 2591332.129, 111
Trd, 2591332.479, 105
Trd, 2591333.579, 94
Trd, 2591334.029, 93
Trd, 2591334.796, 101
Trd, 2591335.363, 97
Trd, 2591336.413, 96
Trd, 2591337.079, 96
Trd, 2591337.229, 90
Trd, 2591337.629, 84
Trd, 2591338.229, 104
Trd, 2591338.479, 105
Trd, 2591338.813, 108
Trd, 2591338.996, 116
Trd, 2591341.879, 91
Trd, 2591343.163, 96
Trd, 2591343.179, 101
Trd, 2591343.629, 100
Trd, 2591344.263, 108
Trd, 2591345.563, 114
Trd, 2591346.079, 97
Trd, 2591346.113, 96
Trd, 2591347.829, 96
Trd, 2591350.129, 105
Trd, 2591350.396, 108
Trd, 2591350.879, 114
Trd, 2591352.163, 99
Trd, 2591352.229, 98
Trd, 2591352.779, 106
Trd, 2591353.146, 94
Trd, 2591353.646, 107
Trd, 2591353.863, 107
Trd, 2591354.446, 97
Trd, 2591354.863, 95
Trd, 2591356.046, 96
Trd, 2591356.196, 105
Trd, 2591356.479, 107
Trd, 2591358.196, 108
Trd, 2591359.329, 113
Trd, 2591359.746, 103
Trd, 2591360.779, 122
Trd, 2591360.929, 99
Trd, 2591361.129, 94
Trd, 2591361.346, 104
Trd, 2591363.029, 114
Trd, 2591363.129, 108
Trd, 2591364.196, 104
Trd, 2591364.463, 102
Trd, 2591364.579, 101
Trd, 2591365.029, 98
Trd, 2591365.496, 98
Trd, 2591366.829, 101
Trd, 2591367.496, 91
Trd, 2591368.429, 99
Trd, 2591368.779, 99
Trd, 2591369.379, 91
Trd, 2591369.479, 90
Trd, 2591369.813, 105
Trd, 2591370.579, 101
Trd, 2591372.029, 108
Trd, 2591373.229, 87
Trd, 2591374.113, 93
Trd, 2591374.479, 94
Trd, 2591374.629, 95
Trd, 2591375.196, 96
Trd, 2591377.463, 95
Trd, 2591377.663, 101
Trd, 2591377.829, 101
Trd, 2591379.396, 105
Trd, 2591379.779, 108
Trd, 2591379.913, 100
Trd, 2591380.313, 103
Trd, 2591380.463, 114
Trd, 2591380.813, 99
Trd, 2591380.913, 98
Trd, 2591381.063, 94
Trd, 2591383.379, 92
Trd, 2591383.429, 91
Trd, 2591383.496, 94
Trd, 2591383.563, 79
Trd, 2591383.679, 73
Trd, 2591385.313, 85
Trd, 2591385.729, 121
Trd, 2591387.529, 114
Trd, 2591387.913, 94
Trd, 2591389.763, 109
Trd, 2591390.013, 98
Trd, 2591390.179, 109
Trd, 2591390.196, 84
Trd, 2591391.413, 111
Trd, 2591392.563, 85
Trd, 2591393.296, 86
Trd, 2591393.813, 88
Trd, 2591394.846, 88
Trd, 2591395.813, 90
Trd, 2591396.946, 97
Trd, 2591397.029, 109
Trd, 2591397.096, 114
Trd, 2591397.913, 103
Trd, 2591398.429, 121
Trd, 2591399.696, 104
Trd, 2591400.313, 110
Trd, 2591400.346, 104
Trd, 2591400.846, 116
Trd, 2591401.229, 96
Trd, 2591402.679, 115
Trd, 2591402.913, 122
Trd, 2591404.079, 100
Trd, 2591404.246, 96
Trd, 2591405.029, 95
Trd, 2591406.413, 94
Trd, 2591406.679, 100
Trd, 2591406.729, 93
Trd, 2591408.213, 92
Trd, 2591408.229, 100
Trd, 2591408.713, 101
Trd, 2591409.579, 105
Trd, 2591409.946, 88
Trd, 2591410.129, 86
Trd, 2591411.079, 88
Trd, 2591412.379, 97
Trd, 2591413.313, 106
Trd, 2591413.729, 97
Trd, 2591414.263, 108
Trd, 2591414.746, 113
Trd, 2591415.579, 97
Trd, 2591417.329, 97
Trd, 2591417.746, 96
Trd, 2591418.129, 101
Trd, 2591418.196, 102
Trd, 2591418.796, 102
Trd, 2591419.463, 103
Trd, 2591420.046, 98
Trd, 2591420.646, 105
Trd, 2591420.713, 98
Trd, 2591421.846, 108
Trd, 2591421.946, 94
Trd, 2591423.263, 93
Trd, 2591423.279, 88
Trd, 2591423.513, 96
Trd, 2591423.946, 91
Trd, 2591425.946, 109
Trd, 2591426.013, 84
Trd, 2591426.329, 88
Trd, 2591427.829, 87
Trd, 2591428.013, 120
Trd, 2591429.079, 85
Trd, 2591430.463, 110
Trd, 2591431.346, 99
Trd, 2591431.629, 103
Trd, 2591432.313, 103
Trd, 2591432.496, 108
Trd, 2591432.779, 109
Trd, 2591432.879, 101
Trd, 2591432.929, 100
Trd, 2591434.846, 94
Trd, 2591435.963, 91
Trd, 2591436.213, 105
Trd, 2591438.129, 92
Trd, 2591438.613, 94
Trd, 2591438.896, 105
Trd, 2591439.029, 91
Trd, 2591439.179, 105
Trd, 2591439.613, 107
Trd, 2591439.896, 106
Trd, 2591439.946, 108
Trd, 2591439.979, 112
Trd, 2591440.713, 107
Trd, 2591441.196, 122
Trd, 2591441.429, 103
Trd, 2591442.813, 124
Trd, 2591443.196, 103
Trd, 2591444.546, 101
Trd, 2591445.913, 98
Trd, 2591448.113, 116
Trd, 2591448.296, 108
Trd, 2591448.446, 117
Trd, 2591448.496, 118
Trd, 2591448.596, 101
Trd, 2591449.696, 93
Trd, 2591450.063, 119
Trd, 2591450.546, 92
Trd, 2591450.779, 91
Trd, 2591451.679, 107
Trd, 2591452.513, 87
Trd, 2591452.563, 88
Trd, 2591453.396, 100
Trd, 2591453.996, 90
Trd, 2591454.246, 90
Trd, 2591454.346, 91
Trd, 2591454.479, 105
Trd, 2591455.846, 108
Trd, 2591457.346, 117
Trd, 2591457.829, 122
Trd, 2591457.846, 115
Trd, 2591459.963, 109
Trd, 2591459.979, 107
Trd, 2591460.279, 108
Trd, 2591460.946, 101
Trd, 2591461.163, 118
Trd, 2591461.579, 97
Trd, 2591461.796, 98
Trd, 2591462.029, 97
Trd, 2591462.763, 108
Trd, 2591464.313, 97
Trd, 2591465.413, 108
Trd, 2591465.613, 101
Trd, 2591465.629, 99
Trd, 2591465.696, 112
Trd, 2591466.263, 98
Trd, 2591467.229, 96
Trd, 2591468.129, 115
Trd, 2591468.563, 94
Trd, 2591469.846, 94
Trd, 2591470.596, 91
Trd, 2591471.996, 100
Trd, 2591472.229, 98
Trd, 2591472.913, 101
Trd, 2591472.963, 105
Trd, 2591474.146, 94
Trd, 2591474.496, 96
Trd, 2591474.896, 106
Trd, 2591476.013, 108
Trd, 2591476.096, 98
Trd, 2591476.179, 89
Trd, 2591478.363, 110
Trd, 2591478.546, 101
Trd, 2591479.213, 98
Trd, 2591479.879, 91
Trd, 2591480.229, 91
Trd, 2591480.813, 86
Trd, 2591480.863, 88
Trd, 2591481.196, 111
Trd, 2591482.879, 101
Trd, 2591483.429, 100
Trd, 2591484.696, 93
Trd, 2591485.096, 84
Trd, 2591485.379, 90
Trd, 2591485.846, 79
Trd, 2591486.363, 94
Trd, 2591487.379, 99
Trd, 2591488.946, 101
Trd, 2591489.013, 99
Trd, 2591489.463, 105
Trd, 2591489.829, 117
Trd, 2591490.963, 119
Trd, 2591491.446, 106
Trd, 2591492.246, 109
Trd, 2591492.413, 109
Trd, 2591493.529, 107
Trd, 2591494.613, 106
Trd, 2591494.829, 98
Trd, 2591494.929, 94
Trd, 2591495.313, 91
Trd, 2591496.896, 95
Trd, 2591497.129, 106
Trd, 2591497.179, 94
Trd, 2591497.513, 80
Trd, 2591498.196, 107
Trd, 2591498.613, 108
Trd, 2591499.896, 81
Trd, 2591500.063, 112
Trd, 2591500.263, 112
Trd, 2591501.263, 113
Trd, 2591501.413, 110
Trd, 2591503.213, 99
Trd, 2591503.629, 96
Trd, 2591503.713, 127
Trd, 2591504.529, 125
Trd, 2591506.446, 103
Trd, 2591506.679, 97
Trd, 2591507.596, 110
Trd, 2591508.879, 107
Trd, 2591509.563, 107
Trd, 2591510.996, 104
Trd, 2591511.546, 106
Trd, 2591511.796, 101
Trd, 2591512.863, 96
Trd, 2591513.679, 94
Trd, 2591514.646, 94
Trd, 2591514.746, 91
Trd, 2591514.763, 85
Trd, 2591515.813, 105
Trd, 2591516.646, 99
Trd, 2591517.313, 91
Trd, 2591517.679, 106
Trd, 2591518.613, 88
Trd, 2591519.863, 94
Trd, 2591520.096, 102
Trd, 2591520.529, 94
Trd, 2591521.646, 100
Trd, 2591521.763, 105
Trd, 2591522.113, 108
Trd, 2591522.813, 112
Trd, 2591523.146, 115
Trd, 2591523.163, 102
Trd, 2591525.013, 103
Trd, 2591525.079, 101
Trd, 2591525.413, 112
Trd, 2591526.263, 107
Trd, 2591526.863, 109
Trd, 2591527.063, 114
Trd, 2591527.229, 94
Trd, 2591527.563, 91
Trd, 2591528.663, 97
Trd, 2591530.263, 97
Trd, 2591530.763, 101
Trd, 2591531.479, 101
Trd, 2591531.979, 113
Trd, 2591532.646, 102
Trd, 2591532.929, 98
Trd, 2591534.346, 113
Trd, 2591534.796, 114
Trd, 2591535.796, 118
Trd, 2591536.279, 101
Trd, 2591536.896, 98
Trd, 2591536.979, 94
Trd, 2591539.196, 103
Trd, 2591540.246, 106
Trd, 2591540.979, 108
Trd, 2591542.246, 111
Trd, 2591542.379, 110
Trd, 2591542.513, 109
Trd, 2591543.479, 90
Trd, 2591543.513, 95
Trd, 2591543.913, 95
Trd, 2591544.263, 104
Trd, 2591544.913, 84
Trd, 2591545.846, 89
Trd, 2591546.779, 108
Trd, 2591547.313, 110
Trd, 2591548.763, 97
Trd, 2591549.046, 113
Trd, 2591549.846, 92
Trd, 2591550.779, 119
Trd, 2591550.929, 103
Trd, 2591551.413, 102
Trd, 2591551.663, 95
Trd, 2591553.279, 94
Trd, 2591554.329, 95
Trd, 2591554.463, 105
Trd, 2591554.696, 111
Trd, 2591554.763, 95
Trd, 2591555.463, 94
Trd, 2591556.246, 114
Trd, 2591556.879, 94
Trd, 2591557.046, 122
Trd, 2591558.546, 98
Trd, 2591559.313, 97
Trd, 2591559.613, 117
Trd, 2591560.363, 116
Trd, 2591561.346, 111
Trd, 2591561.446, 113
Trd, 2591562.663, 108
Trd, 2591564.013, 98
Trd, 2591564.263, 94
Trd, 2591564.546, 95
Trd, 2591565.563, 98
Trd, 2591566.663, 91
Trd, 2591567.046, 100
Trd, 2591567.429, 104
Trd, 2591567.496, 108
Trd, 2591567.663, 122
Trd, 2591569.163, 111
Trd, 2591570.596, 99
Trd, 2591571.113, 108
Trd, 2591571.146, 108
Trd, 2591571.896, 101
Trd, 2591572.179, 99
Trd, 2591572.896, 109
Trd, 2591573.713, 99
Trd, 2591573.996, 95
Trd, 2591574.279, 101
Trd, 2591574.413, 105
Trd, 2591575.146, 115
Trd, 2591575.246, 125
Trd, 2591575.946, 114
Trd, 2591575.996, 94
Trd, 2591577.163, 96
Trd, 2591577.346, 105
Trd, 2591577.446, 92
Trd, 2591578.146, 91
Trd, 2591578.363, 107
Trd, 2591579.696, 101
Trd, 2591580.379, 106
Trd, 2591582.029, 102
Trd, 2591583.246, 101
Trd, 2591583.263, 126
Trd, 2591584.013, 102
Trd, 2591584.446, 105
Trd, 2591585.446, 98
Trd, 2591585.963, 96
Trd, 2591587.079, 94
Trd, 2591587.996, 96
Trd, 2591588.063, 97
Trd, 2591588.296, 99
Trd, 2591589.346, 104
Trd, 2591589.429, 94
Trd, 2591589.746, 107
Trd, 2591590.113, 92
Trd, 2591590.279, 108
Trd, 2591592.196, 91
Trd, 2591593.379, 95
Trd, 2591595.579, 112
Trd, 2591596.063, 104
Trd, 2591596.396, 103
Trd, 2591597.529, 102
Trd, 2591597.829, 98
Trd, 2591598.579, 94
Trd, 2591599.096, 109
Trd, 2591600.063, 120
Trd, 2591600.479, 122
Trd, 2591600.963, 100
Trd, 2591601.929, 127
Trd, 2591602.229, 114
Trd, 2591602.279, 128
Trd, 2591602.296, 97
Trd, 2591603.163, 91
Trd, 2591604.979, 98
Trd, 2591605.063, 101
Trd, 2591605.479, 92
Trd, 2591606.013, 84
Trd, 2591606.529, 86
Trd, 2591606.579, 87
Trd, 2591606.896, 108
Trd, 2591607.113, 93
Trd, 2591608.546, 106
Trd, 2591609.329, 101
Trd, 2591610.046, 99
Trd, 2591610.963, 106
Trd, 2591611.063, 107
Trd, 2591611.229, 108
Trd, 2591612.929, 103
Trd, 2591613.013, 100
Trd, 2591615.413, 110
Trd, 2591615.529, 98
Trd, 2591616.196, 98
Trd, 2591616.629, 94
Trd, 2591616.796, 101
Trd, 2591616.913, 104
Trd, 2591618.646, 98
Trd, 2591619.446, 105
Trd, 2591621.979, 108
Trd, 2591622.429, 109
Trd, 2591622.629, 106
Trd, 2591622.646, 104
Trd, 2591622.663, 122
Trd, 2591623.029, 101
Trd, 2591623.046, 123
Trd, 2591623.729, 94
Trd, 2591624.129, 98
Trd, 2591624.446, 94
Trd, 2591625.763, 91
Trd, 2591626.629, 93
Trd, 2591627.063, 84
Trd, 2591627.329, 87
Trd, 2591628.063, 95
Trd, 2591628.096, 94
Trd, 2591628.529, 91
Trd, 2591628.563, 105
Trd, 2591628.846, 108
Trd, 2591629.363, 102
Trd, 2591629.829, 80
Trd, 2591630.479, 112
Trd, 2591631.263, 103
Trd, 2591631.929, 108
Trd, 2591632.063, 101
Trd, 2591633.646, 92
Trd, 2591633.679, 109
Trd, 2591634.979, 112
Trd, 2591636.229, 98
Trd, 2591638.129, 93
Trd, 2591639.113, 94
Trd, 2591639.213, 92
Trd, 2591639.246, 91
Trd, 2591640.513, 92
Trd, 2591640.629, 94
Trd, 2591641.296, 103
Trd, 2591641.679, 105
Trd, 2591641.813, 102
Trd, 2591642.513, 88
Trd, 2591643.129, 99
Trd, 2591645.229, 106
Trd, 2591645.579, 108
Trd, 2591645.729, 122
Trd, 2591646.046, 107
Trd, 2591646.196, 106
Trd, 2591646.363, 105
Trd, 2591646.429, 98
Trd, 2591647.196, 125
Trd, 2591648.213, 84
Trd, 2591648.479, 80
Trd, 2591648.629, 112
Trd, 2591649.113, 111
Trd, 2591649.279, 103
Trd, 2591652.046, 101
Trd, 2591652.713, 103
Trd, 2591652.929, 108
Trd, 2591655.913, 99
Trd, 2591656.063, 98
Trd, 2591656.479, 94
Trd, 2591656.496, 99
Trd, 2591657.296, 98
Trd, 2591658.179, 95
Trd, 2591659.663, 105
Trd, 2591660.263, 103
Trd, 2591660.279, 99
Trd, 2591661.679, 100
Trd, 2591662.213, 98
Trd, 2591662.313, 106
Trd, 2591663.063, 97
Trd, 2591663.279, 96
Trd, 2591663.796, 98
Trd, 2591664.029, 94
Trd, 2591664.096, 108
Trd, 2591664.429, 113
Trd, 2591665.146, 95
Trd, 2591665.746, 105
Trd, 2591666.329, 99
Trd, 2591667.296, 94
Trd, 2591668.396, 94
Trd, 2591669.479, 121
Trd, 2591669.613, 120
Trd, 2591670.396, 94
Trd, 2591670.596, 95
Trd, 2591670.963, 89
Trd, 2591670.996, 88
Trd, 2591671.213, 83
Trd, 2591671.829, 95
Trd, 2591672.729, 108
Trd, 2591673.896, 99
Trd, 2591674.813, 98
Trd, 2591677.046, 103
Trd, 2591677.346, 101
Trd, 2591677.663, 109
Trd, 2591678.463, 98
Trd, 2591678.613, 113
Trd, 2591681.196, 116
Trd, 2591681.379, 112
Trd, 2591682.196, 97
Trd, 2591682.329, 94
Trd, 2591683.396, 92
Trd, 2591683.829, 108
Trd, 2591683.963, 106
Trd, 2591684.046, 92
Trd, 2591684.913, 104
Trd, 2591686.429, 108
Trd, 2591687.863, 105
Trd, 2591688.446, 100
Trd, 2591688.563, 94
Trd, 2591689.679, 107
Trd, 2591690.829, 105
Trd, 2591691.513, 101
Trd, 2591692.063, 101
Trd, 2591692.963, 108
Trd, 2591693.063, 103
Trd, 2591694.529, 98
Trd, 2591695.313, 110
Trd, 2591695.663, 94
Trd, 2591696.213, 107
Trd, 2591697.029, 101
Trd, 2591697.479, 115
Trd, 2591698.063, 121
Trd, 2591698.963, 119
Trd, 2591699.113, 102
Trd, 2591700.496, 101
Trd, 2591700.863, 103
Trd, 2591702.246, 90
Trd, 2591702.629, 114
Trd, 2591702.663, 115
Trd, 2591703.013, 98
Trd, 2591703.446, 84
Trd, 2591703.579, 81
Trd, 2591704.446, 112
Trd, 2591705.996, 108
Trd, 2591706.863, 107
Trd, 2591707.213, 108
Trd, 2591707.746, 107
Trd, 2591707.996, 122
Trd, 2591708.146, 105
Trd, 2591708.279, 125
Trd, 2591710.263, 101
Trd, 2591712.579, 104
Trd, 2591712.879, 101
Trd, 2591713.013, 107
Trd, 2591715.679, 98
Trd, 2591716.079, 100
Trd, 2591716.363, 98
Trd, 2591716.763, 100
Trd, 2591717.263, 103
Trd, 2591718.029, 102
Trd, 2591718.979, 101
Trd, 2591720.063, 101
Trd, 2591720.079, 101
Trd, 2591720.213, 102
Trd, 2591720.396, 105
Trd, 2591721.046, 101
Trd, 2591721.413, 112
Trd, 2591722.113, 117
Trd, 2591722.763, 99
Trd, 2591722.963, 98
Trd, 2591723.313, 96
Trd, 2591724.463, 108
Trd, 2591725.279, 110
Trd, 2591725.963, 108
Trd, 2591726.429, 111
Trd, 2591726.579, 117
Trd, 2591727.363, 112
Trd, 2591729.213, 108
Trd, 2591729.446, 107
Trd, 2591730.129, 105
Trd, 2591730.396, 91
Trd, 2591730.463, 98
Trd, 2591731.279, 98
Trd, 2591731.479, 101
Trd, 2591733.396, 97
Trd, 2591734.246, 91
Trd, 2591735.079, 107
Trd, 2591735.729, 95
Trd, 2591736.246, 103
Trd, 2591736.379, 100
Trd, 2591736.463, 108
Trd, 2591737.029, 94
Trd, 2591737.263, 93
Trd, 2591737.796, 90
Trd, 2591737.846, 96
Trd, 2591740.663, 100
Trd, 2591741.913, 98
Trd, 2591742.246, 97
Trd, 2591742.263, 99
Trd, 2591742.596, 105
Trd, 2591742.646, 111
Trd, 2591743.963, 86
Trd, 2591744.363, 88
Trd, 2591745.046, 95
Trd, 2591746.679, 100
Trd, 2591746.929, 101
Trd, 2591747.163, 100
Trd, 2591747.263, 99
Trd, 2591748.563, 101
Trd, 2591749.063, 107
Trd, 2591749.079, 108
Trd, 2591751.429, 94
Trd, 2591753.429, 101
Trd, 2591753.579, 101
Trd, 2591753.596, 91
Trd, 2591753.729, 90
Trd, 2591754.529, 92
Trd, 2591754.913, 85
Trd, 2591755.646, 112
Trd, 2591756.946, 109
Trd, 2591757.579, 112
Trd, 2591758.146, 105
Trd, 2591758.313, 104
Trd, 2591758.579, 101
Trd, 2591759.279, 106
Trd, 2591759.313, 104
Trd, 2591759.379, 120
Trd, 2591762.163, 97
Trd, 2591763.129, 99
Trd, 2591763.229, 112
Trd, 2591764.479, 103
Trd, 2591764.513, 102
Trd, 2591765.479, 101
Trd, 2591766.413, 93
Trd, 2591766.746, 92
Trd, 2591768.129, 93
Trd, 2591768.863, 91
Trd, 2591768.896, 94
Trd, 2591769.629, 88
Trd, 2591769.813, 97
Trd, 2591771.729, 84
Trd, 2591772.529, 96
Trd, 2591773.196, 101
Trd, 2591773.646, 104
Trd, 2591774.129, 91
Trd, 2591775.329, 98
Trd, 2591775.529, 83
Trd, 2591775.846, 105
Trd, 2591776.013, 84
Trd, 2591776.113, 116
Trd, 2591776.529, 81
Trd, 2591777.729, 74
Trd, 2591778.196, 94
Trd, 2591778.629, 108
Trd, 2591778.746, 115
Trd, 2591778.829, 100
Trd, 2591779.996, 83
Trd, 2591783.413, 97
Trd, 2591784.163, 100
Trd, 2591784.646, 101
Trd, 2591784.663, 101
Trd, 2591786.013, 103
Trd, 2591786.046, 114
Trd, 2591786.279, 114
Trd, 2591787.246, 118
Trd, 2591788.163, 104
Trd, 2591789.129, 114
Trd, 2591789.846, 108
Trd, 2591789.946, 107
Trd, 2591790.413, 107
Trd, 2591790.629, 101
Trd, 2591791.029, 98
Trd, 2591792.429, 104
Trd, 2591792.779, 105
Trd, 2591792.813, 102
Trd, 2591794.563, 104
Trd, 2591795.346, 102
Trd, 2591795.963, 102
Trd, 2591796.413, 100
Trd, 2591796.829, 94
Trd, 2591796.946, 116
Trd, 2591797.163, 101
Trd, 2591797.513, 91
Trd, 2591801.613, 105
Trd, 2591801.779, 113
Trd, 2591801.829, 103
Trd, 2591802.596, 107
Trd, 2591803.213, 99
Trd, 2591803.329, 105
Trd, 2591804.096, 101
Trd, 2591804.229, 101
Trd, 2591804.679, 99
Trd, 2591804.796, 98
Trd, 2591805.513, 101
Trd, 2591805.796, 103
Trd, 2591806.446, 105
Trd, 2591806.479, 122
Trd, 2591807.446, 94
Trd, 2591807.713, 107
Trd, 2591811.346, 97
Trd, 2591812.013, 92
Trd, 2591813.296, 102
Trd, 2591813.396, 95
Trd, 2591813.479, 105
Trd, 2591813.513, 108
Trd, 2591813.579, 91
Trd, 2591814.313, 105
Trd, 2591814.579, 84
Trd, 2591816.079, 98
Trd, 2591816.096, 98
Trd, 2591817.046, 81
Trd, 2591817.496, 106
Trd, 2591817.829, 105
Trd, 2591819.379, 97
Trd, 2591819.413, 92
Trd, 2591819.446, 91
Trd, 2591820.746, 101
Trd, 2591821.213, 98
Trd, 2591821.646, 97
Trd, 2591822.213, 103
Trd, 2591823.013, 92
Trd, 2591823.179, 105
Trd, 2591825.529, 97
Trd, 2591825.546, 99
Trd, 2591825.713, 95
Trd, 2591826.229, 90
Trd, 2591827.396, 108
Trd, 2591828.729, 96
Trd, 2591829.379, 97
Trd, 2591829.663, 101
Trd, 2591829.746, 93
Trd, 2591829.963, 106
Trd, 2591831.746, 106
Trd, 2591832.196, 108
Trd, 2591832.663, 122
Trd, 2591832.996, 109
Trd, 2591833.196, 105
Trd, 2591833.513, 99
Trd, 2591836.396, 100
Trd, 2591836.479, 98
Trd, 2591836.646, 94
Trd, 2591838.029, 96
Trd, 2591838.513, 108
Trd, 2591838.729, 110
Trd, 2591839.863, 113
Trd, 2591840.946, 106
Trd, 2591841.096, 94
Trd, 2591842.113, 115
Trd, 2591842.196, 122
Trd, 2591842.896, 122
Trd, 2591843.779, 116
Trd, 2591843.829, 114
Trd, 2591845.863, 117
Trd, 2591847.046, 105
Trd, 2591848.113, 106
Trd, 2591848.229, 110
Trd, 2591848.279, 101
Trd, 2591849.079, 99
Trd, 2591849.246, 106
Trd, 2591849.363, 97
Trd, 2591849.563, 94
Trd, 2591849.746, 106
Trd, 2591850.363, 93
Trd, 2591851.896, 101
Trd, 2591851.979, 89
Trd, 2591853.363, 106
Trd, 2591854.029, 108
Trd, 2591854.196, 112
Trd, 2591855.229, 110
Trd, 2591855.279, 94
Trd, 2591856.513, 94
Trd, 2591856.863, 110
Trd, 2591856.963, 93
Trd, 2591857.279, 90
Trd, 2591859.163, 111
Trd, 2591860.546, 92
Trd, 2591860.646, 89
Trd, 2591861.763, 106
Trd, 2591862.296, 105
Trd, 2591862.646, 108
Trd, 2591863.813, 98
Trd, 2591864.329, 99
Trd, 2591864.846, 91
Trd, 2591865.379, 106
Trd, 2591866.229, 106
Trd, 2591867.529, 106
Trd, 2591867.646, 99
Trd, 2591868.046, 100
Trd, 2591868.079, 97
Trd, 2591868.596, 105
Trd, 2591870.179, 100
Trd, 2591870.663, 108
Trd, 2591871.163, 111
Trd, 2591871.579, 105
Trd, 2591872.229, 106
Trd, 2591872.329, 114
Trd, 2591874.379, 104
Trd, 2591874.829, 121
Trd, 2591878.263, 118
Trd, 2591878.746, 126
Trd, 2591879.529, 124
Trd, 2591881.263, 119
Trd, 2591881.713, 115
Trd, 2591881.813, 103
Trd, 2591882.513, 98
Trd, 2591882.729, 96
Trd, 2591883.229, 103
Trd, 2591883.846, 104
Trd, 2591884.996, 100
Trd, 2591885.213, 101
Trd, 2591885.263, 99
Trd, 2591885.879, 98
Trd, 2591885.929, 100
Trd, 2591886.579, 107
Trd, 2591887.796, 108
Trd, 2591888.546, 101
Trd, 2591889.713, 99
Trd, 2591890.596, 118
Trd, 2591890.929, 107
Trd, 2591891.746, 114
Trd, 2591892.429, 95
Trd, 2591893.963, 102
Trd, 2591894.146, 101
Trd, 2591894.763, 94
Trd, 2591895.213, 102
Trd, 2591895.696, 102
Trd, 2591897.646, 101
Trd, 2591897.996, 91
Trd, 2591899.579, 88
Trd, 2591899.663, 89
Trd, 2591900.379, 89
Trd, 2591900.979, 90
Trd, 2591903.396, 95
Trd, 2591904.113, 97
Trd, 2591904.329, 96
Trd, 2591904.529, 104
Trd, 2591905.396, 108
Trd, 2591906.413, 110
Trd, 2591906.563, 110
Trd, 2591907.996, 112
Trd, 2591908.746, 96
Trd, 2591909.279, 95
Trd, 2591910.213, 96
Trd, 2591910.246, 94
Trd, 2591910.763, 99
Trd, 2591911.313, 89
Trd, 2591911.763, 98
Trd, 2591912.363, 99
Trd, 2591913.329, 97
Trd, 2591913.513, 84
Trd, 2591913.713, 101
Trd, 2591914.346, 105
Trd, 2591916.429, 106
Trd, 2591916.746, 103
Trd, 2591916.929, 101
Trd, 2591916.979, 94
Trd, 2591919.029, 95
Trd, 2591919.129, 93
Trd, 2591919.946, 101
Trd, 2591920.596, 99
Trd, 2591920.629, 108
Trd, 2591921.579, 102
Trd, 2591922.829, 107
Trd, 2591923.046, 108
Trd, 2591923.946, 106
Trd, 2591924.579, 106
Trd, 2591924.779, 98
Trd, 2591925.413, 94
Trd, 2591926.313, 91
Trd, 2591926.796, 92
Trd, 2591926.879, 93
Trd, 2591927.296, 95
Trd, 2591927.879, 106
Trd, 2591928.613, 113
Trd, 2591929.429, 103
Trd, 2591930.096, 109
Trd, 2591931.096, 112
Trd, 2591931.463, 103
Trd, 2591932.863, 110
Trd, 2591932.879, 112
Trd, 2591935.896, 103
Trd, 2591936.063, 105
Trd, 2591936.863, 102
Trd, 2591937.029, 102
Trd, 2591937.646, 104
Trd, 2591938.229, 99
Trd, 2591938.596, 97
Trd, 2591938.963, 106
Trd, 2591939.563, 94
Trd, 2591939.679, 108
Trd, 2591940.379, 103
Trd, 2591941.196, 102
Trd, 2591942.196, 91
Trd, 2591942.446, 109
Trd, 2591943.696, 101
Trd, 2591944.479, 101
Trd, 2591945.346, 101
Trd, 2591945.446, 85
Trd, 2591945.946, 106
Trd, 2591945.996, 98
Trd, 2591947.013, 107
Trd, 2591947.146, 108
Trd, 2591947.313, 110
Trd, 2591947.846, 98
Trd, 2591949.146, 96
Trd, 2591949.829, 100
Trd, 2591950.063, 89
Trd, 2591950.196, 101
Trd, 2591950.663, 85
Trd, 2591951.046, 89
Trd, 2591952.196, 88
Trd, 2591953.996, 93
Trd, 2591957.863, 105
Trd, 2591958.229, 108
Trd, 2591958.679, 110
Trd, 2591959.113, 103
Trd, 2591959.713, 116
Trd, 2591960.179, 101
Trd, 2591960.529, 115
Trd, 2591960.546, 100
Trd, 2591961.163, 94
Trd, 2591963.363, 99
Trd, 2591963.513, 99
Trd, 2591964.663, 105
Trd, 2591965.913, 107
Trd, 2591966.029, 99
Trd, 2591967.046, 99
Trd, 2591967.263, 97
Trd, 2591967.679, 95
Trd, 2591968.496, 103
Trd, 2591968.763, 94
Trd, 2591969.546, 101
Trd, 2591969.729, 91
Trd, 2591970.963, 108
Trd, 2591971.729, 112
Trd, 2591972.046, 111
Trd, 2591972.179, 98
Trd, 2591972.579, 102
Trd, 2591972.746, 84
Trd, 2591972.879, 109
Trd, 2591974.863, 101
Trd, 2591975.846, 91
Trd, 2591977.596, 94
Trd, 2591977.679, 102
Trd, 2591978.696, 100
Trd, 2591978.779, 104
Trd, 2591979.513, 98
Trd, 2591979.913, 94
Trd, 2591980.196, 104
Trd, 2591980.379, 105
Trd, 2591980.696, 108
Trd, 2591980.879, 111
Trd, 2591981.513, 98
Trd, 2591981.563, 113
Trd, 2591982.696, 93
Trd, 2591985.963, 95
Trd, 2591986.663, 120
Trd, 2591987.113, 94
Trd, 2591987.763, 88
Trd, 2591987.946, 87
Trd, 2591988.413, 111
Trd, 2591992.529, 94
Trd, 2591992.579, 95
Trd, 2591993.113, 98
Trd, 2591993.263, 97
Trd, 2591993.479, 100
Trd, 2591994.229, 101
Trd, 2591994.329, 105
Trd, 2591995.563, 97
Trd, 2591995.613, 109
Trd, 2591996.263, 115
Trd, 2591996.846, 112
Trd, 2591996.963, 122
Trd, 2591997.479, 99
Trd, 2591998.463, 107
