Trd, 2590668.046, 97
Trd, 2590668.329, 98
Trd, 2590669.446, 98
Trd, 2590670.213, 107
Trd, 2590670.563, 100
Trd, 2590670.646, 105
Trd, 2590670.946, 106
Trd, 2590671.429, 102
Trd, 2590671.846, 98
Trd, 2590673.679, 108
Trd, 2590674.463, 103
Trd, 2590674.913, 94
Trd, 2590675.863, 102
Trd, 2590676.263, 107
Trd, 2590677.029, 89
Trd, 2590677.229, 111
Trd, 2590679.263, 95
Trd, 2590679.813, 102
Trd, 2590680.246, 109
Trd, 2590680.496, 110
Trd, 2590680.946, 100
Trd, 2590680.963, 98
Trd, 2590682.329, 109
Trd, 2590682.496, 110
Trd, 2590683.913, 106
Trd, 2590684.246, 114
Trd, 2590684.596, 116
Trd, 2590684.679, 108
Trd, 2590686.396, 107
Trd, 2590686.713, 118
Trd, 2590686.746, 98
Trd, 2590686.996, 92
Trd, 2590687.579, 91
Trd, 2590688.779, 88
Trd, 2590688.979, 89
Trd, 2590688.996, 108
Trd, 2590689.729, 111
Trd, 2590691.246, 93
Trd, 2590692.629, 105
Trd, 2590692.729, 111
Trd, 2590693.263, 113
Trd, 2590694.363, 106
Trd, 2590695.046, 108
Trd, 2590695.129, 101
Trd, 2590695.146, 100
Trd, 2590696.013, 101
Trd, 2590697.613, 91
Trd, 2590699.363, 102
Trd, 2590699.529, 100
Trd, 2590699.879, 101
Trd, 2590700.396, 98
Trd, 2590700.546, 91
Trd, 2590702.146, 110
Trd, 2590702.296, 111
Trd, 2590702.929, 87
Trd, 2590704.879, 84
Trd, 2590704.996, 91
Trd, 2590705.196, 96
Trd, 2590706.396, 118
Trd, 2590706.446, 120
Trd, 2590706.963, 110
Trd, 2590707.996, 104
Trd, 2590709.246, 109
Trd, 2590709.346, 105
Trd, 2590709.779, 103
Trd, 2590710.279, 103
Trd, 2590710.879, 102
Trd, 2590711.379, 109
Trd, 2590711.479, 110
Trd, 2590711.496, 95
Trd, 2590711.513, 114
Trd, 2590714.196, 108
Trd, 2590716.563, 111
Trd, 2590716.879, 106
Trd, 2590717.163, 105
Trd, 2590717.513, 100
Trd, 2590717.996, 116
Trd, 2590718.779, 115
Trd, 2590720.513, 102
Trd, 2590720.529, 98
Trd, 2590720.796, 105
Trd, 2590720.813, 106
Trd, 2590721.196, 112
Trd, 2590721.446, 118
Trd, 2590721.863, 119
Trd, 2590722.163, 110
Trd, 2590722.796, 101
Trd, 2590724.529, 107
Trd, 2590724.613, 104
Trd, 2590724.946, 93
Trd, 2590725.679, 109
Trd, 2590726.463, 99
Trd, 2590727.846, 108
Trd, 2590728.429, 100
Trd, 2590729.979, 99
Trd, 2590730.063, 98
Trd, 2590730.363, 91
Trd, 2590732.213, 89
Trd, 2590732.779, 90
Trd, 2590733.879, 88
Trd, 2590734.563, 88
Trd, 2590735.313, 110
Trd, 2590735.429, 112
Trd, 2590735.546, 87
Trd, 2590736.079, 82
Trd, 2590736.929, 88
Trd, 2590737.263, 93
Trd, 2590737.596, 93
Trd, 2590737.629, 84
Trd, 2590737.846, 105
Trd, 2590739.263, 101
Trd, 2590739.913, 102
Trd, 2590740.513, 104
Trd, 2590740.779, 104
Trd, 2590744.046, 98
Trd, 2590744.129, 92
Trd, 2590744.446, 99
Trd, 2590744.496, 104
Trd, 2590745.846, 108
Trd, 2590746.513, 107
Trd, 2590746.529, 99
Trd, 2590746.646, 84
Trd, 2590747.729, 106
Trd, 2590749.646, 102
Trd, 2590749.829, 105
Trd, 2590750.296, 107
Trd, 2590751.163, 114
Trd, 2590752.729, 102
Trd, 2590754.429, 106
Trd, 2590754.696, 108
Trd, 2590756.013, 107
Trd, 2590756.146, 119
Trd, 2590756.213, 120
Trd, 2590756.246, 106
Trd, 2590757.046, 115
Trd, 2590758.896, 105
Trd, 2590759.029, 111
Trd, 2590759.163, 98
Trd, 2590759.646, 103
Trd, 2590759.763, 113
Trd, 2590759.779, 98
Trd, 2590759.829, 116
Trd, 2590759.979, 94
Trd, 2590760.113, 91
Trd, 2590760.613, 92
Trd, 2590760.963, 118
Trd, 2590762.013, 87
Trd, 2590762.746, 104
Trd, 2590762.879, 86
Trd, 2590763.929, 85
Trd, 2590764.063, 108
Trd, 2590765.096, 99
Trd, 2590766.279, 109
Trd, 2590767.863, 125
Trd, 2590768.179, 98
Trd, 2590769.363, 92
Trd, 2590770.113, 92
Trd, 2590770.379, 101
Trd, 2590771.296, 100
Trd, 2590771.413, 102
Trd, 2590772.379, 106
Trd, 2590772.396, 107
Trd, 2590772.613, 96
Trd, 2590772.946, 91
Trd, 2590774.246, 108
Trd, 2590774.446, 106
Trd, 2590774.929, 108
Trd, 2590775.929, 94
Trd, 2590776.763, 97
Trd, 2590777.163, 104
Trd, 2590777.413, 110
Trd, 2590778.196, 95
Trd, 2590779.479, 99
Trd, 2590779.563, 108
Trd, 2590780.546, 100
Trd, 2590782.179, 101
Trd, 2590782.446, 114
Trd, 2590783.196, 101
Trd, 2590783.863, 100
Trd, 2590783.946, 116
Trd, 2590784.096, 120
Trd, 2590785.196, 108
Trd, 2590785.413, 107
Trd, 2590786.146, 103
Trd, 2590786.796, 98
Trd, 2590788.313, 104
Trd, 2590788.579, 94
Trd, 2590789.896, 104
Trd, 2590790.063, 95
Trd, 2590790.663, 94
Trd, 2590790.713, 112
Trd, 2590791.163, 91
Trd, 2590792.213, 100
Trd, 2590793.379, 100
Trd, 2590793.396, 104
Trd, 2590794.313, 97
Trd, 2590795.163, 103
Trd, 2590796.263, 101
Trd, 2590796.513, 90
Trd, 2590797.146, 86
Trd, 2590797.263, 84
Trd, 2590797.546, 85
Trd, 2590797.813, 102
Trd, 2590799.213, 99
Trd, 2590801.246, 99
Trd, 2590801.679, 111
Trd, 2590802.013, 114
Trd, 2590802.729, 118
Trd, 2590802.946, 98
Trd, 2590804.896, 100
Trd, 2590805.646, 108
Trd, 2590806.796, 110
Trd, 2590806.829, 99
Trd, 2590806.946, 118
Trd, 2590808.279, 101
Trd, 2590808.629, 101
Trd, 2590809.063, 101
Trd, 2590810.146, 100
Trd, 2590810.479, 98
Trd, 2590810.663, 94
Trd, 2590810.763, 103
Trd, 2590811.579, 105
Trd, 2590812.579, 94
Trd, 2590812.796, 91
Trd, 2590813.429, 104
Trd, 2590813.713, 105
Trd, 2590815.229, 97
Trd, 2590815.746, 110
Trd, 2590816.496, 108
Trd, 2590817.146, 113
Trd, 2590818.413, 98
Trd, 2590818.496, 113
Trd, 2590818.596, 97
Trd, 2590819.213, 99
Trd, 2590819.946, 106
Trd, 2590820.246, 95
Trd, 2590820.579, 95
Trd, 2590821.296, 90
Trd, 2590821.446, 98
Trd, 2590821.996, 95
Trd, 2590822.296, 108
Trd, 2590822.396, 108
Trd, 2590822.563, 118
Trd, 2590823.229, 112
Trd, 2590824.746, 113
Trd, 2590824.863, 94
Trd, 2590826.079, 92
Trd, 2590826.979, 93
Trd, 2590827.029, 91
Trd, 2590827.446, 94
Trd, 2590828.013, 88
Trd, 2590828.413, 101
Trd, 2590829.563, 108
Trd, 2590830.113, 88
Trd, 2590831.346, 102
Trd, 2590831.663, 104
Trd, 2590832.396, 93
Trd, 2590832.746, 106
Trd, 2590833.613, 115
Trd, 2590833.846, 119
Trd, 2590833.896, 125
Trd, 2590834.346, 114
Trd, 2590834.479, 97
Trd, 2590836.296, 110
Trd, 2590836.446, 106
Trd, 2590837.529, 113
Trd, 2590837.746, 115
Trd, 2590838.213, 109
Trd, 2590838.296, 91
Trd, 2590839.029, 87
Trd, 2590839.396, 114
Trd, 2590839.746, 89
Trd, 2590841.913, 96
Trd, 2590842.779, 95
Trd, 2590843.179, 92
Trd, 2590843.663, 98
Trd, 2590844.146, 83
Trd, 2590844.429, 81
Trd, 2590845.496, 83
Trd, 2590845.546, 91
Trd, 2590846.829, 105
Trd, 2590847.063, 106
Trd, 2590847.996, 106
Trd, 2590848.446, 107
Trd, 2590848.596, 92
Trd, 2590849.379, 98
Trd, 2590850.629, 109
Trd, 2590851.813, 109
Trd, 2590853.396, 107
Trd, 2590853.846, 108
Trd, 2590854.029, 105
Trd, 2590854.763, 106
Trd, 2590855.013, 109
Trd, 2590855.529, 107
Trd, 2590856.063, 112
Trd, 2590856.096, 106
Trd, 2590856.396, 115
Trd, 2590857.496, 105
Trd, 2590857.963, 104
Trd, 2590858.979, 99
Trd, 2590859.346, 103
Trd, 2590860.179, 101
Trd, 2590860.563, 97
Trd, 2590860.863, 92
Trd, 2590862.896, 97
Trd, 2590863.246, 96
Trd, 2590863.763, 91
Trd, 2590864.313, 101
Trd, 2590865.046, 99
Trd, 2590865.346, 107
Trd, 2590865.529, 107
Trd, 2590866.179, 89
Trd, 2590866.346, 90
Trd, 2590867.463, 89
Trd, 2590867.663, 93
Trd, 2590868.513, 96
Trd, 2590868.796, 98
Trd, 2590870.146, 108
Trd, 2590871.979, 113
Trd, 2590872.179, 99
Trd, 2590872.929, 99
Trd, 2590873.879, 98
Trd, 2590874.113, 91
Trd, 2590875.429, 115
Trd, 2590875.846, 115
Trd, 2590876.463, 117
Trd, 2590876.613, 114
Trd, 2590878.463, 107
Trd, 2590879.279, 107
Trd, 2590880.296, 112
Trd, 2590880.429, 111
Trd, 2590880.479, 105
Trd, 2590880.779, 109
Trd, 2590881.579, 119
Trd, 2590881.813, 100
Trd, 2590882.396, 106
Trd, 2590882.463, 122
Trd, 2590882.779, 98
Trd, 2590882.929, 91
Trd, 2590883.046, 90
Trd, 2590883.363, 87
Trd, 2590884.596, 83
Trd, 2590885.613, 89
Trd, 2590885.646, 90
Trd, 2590886.663, 92
Trd, 2590888.329, 91
Trd, 2590889.163, 97
Trd, 2590889.879, 95
Trd, 2590890.363, 99
Trd, 2590890.396, 104
Trd, 2590890.496, 99
Trd, 2590892.629, 97
Trd, 2590893.296, 97
Trd, 2590894.796, 100
Trd, 2590895.013, 95
Trd, 2590895.663, 91
Trd, 2590896.246, 94
Trd, 2590896.346, 95
Trd, 2590897.896, 98
Trd, 2590898.346, 104
Trd, 2590898.463, 97
Trd, 2590899.613, 106
Trd, 2590900.396, 106
Trd, 2590900.429, 108
Trd, 2590901.363, 105
Trd, 2590901.463, 113
Trd, 2590903.263, 114
Trd, 2590903.579, 99
Trd, 2590903.596, 107
Trd, 2590903.896, 106
Trd, 2590904.546, 114
Trd, 2590904.563, 98
Trd, 2590904.663, 91
Trd, 2590907.346, 115
Trd, 2590907.713, 102
Trd, 2590908.379, 99
Trd, 2590908.563, 93
Trd, 2590908.863, 113
Trd, 2590909.663, 112
Trd, 2590909.696, 111
Trd, 2590910.396, 118
Trd, 2590910.846, 97
Trd, 2590912.296, 87
Trd, 2590913.279, 109
Trd, 2590913.679, 102
Trd, 2590914.396, 110
Trd, 2590914.913, 93
Trd, 2590915.296, 109
Trd, 2590915.396, 92
Trd, 2590915.796, 84
Trd, 2590917.613, 113
Trd, 2590917.829, 97
Trd, 2590918.879, 89
Trd, 2590919.063, 97
Trd, 2590919.663, 97
Trd, 2590921.129, 96
Trd, 2590921.663, 99
Trd, 2590921.929, 98
Trd, 2590922.679, 104
Trd, 2590923.629, 105
Trd, 2590923.963, 103
Trd, 2590924.196, 107
Trd, 2590925.029, 104
Trd, 2590925.379, 88
Trd, 2590925.513, 108
Trd, 2590926.279, 89
Trd, 2590927.813, 98
Trd, 2590929.079, 104
Trd, 2590929.696, 105
Trd, 2590931.113, 106
Trd, 2590931.146, 107
Trd, 2590931.979, 109
Trd, 2590932.146, 91
Trd, 2590932.963, 109
Trd, 2590933.313, 105
Trd, 2590933.329, 91
Trd, 2590933.896, 94
Trd, 2590935.079, 109
Trd, 2590935.979, 102
Trd, 2590936.029, 101
Trd, 2590937.563, 105
Trd, 2590937.679, 97
Trd, 2590937.729, 96
Trd, 2590938.196, 94
Trd, 2590938.863, 108
Trd, 2590939.079, 106
Trd, 2590940.179, 114
Trd, 2590941.263, 94
Trd, 2590941.713, 93
Trd, 2590942.296, 91
Trd, 2590943.796, 90
Trd, 2590943.896, 92
Trd, 2590945.279, 102
Trd, 2590945.379, 104
Trd, 2590945.946, 104
Trd, 2590946.163, 99
Trd, 2590947.529, 106
Trd, 2590947.579, 107
Trd, 2590947.713, 102
Trd, 2590948.296, 102
Trd, 2590948.513, 92
Trd, 2590948.563, 91
Trd, 2590950.279, 108
Trd, 2590950.746, 115
Trd, 2590952.813, 109
Trd, 2590953.946, 99
Trd, 2590955.879, 99
Trd, 2590955.913, 98
Trd, 2590955.963, 100
Trd, 2590956.063, 100
Trd, 2590957.146, 91
Trd, 2590958.279, 90
Trd, 2590958.596, 95
Trd, 2590959.813, 98
Trd, 2590960.079, 108
Trd, 2590960.996, 114
Trd, 2590961.246, 117
Trd, 2590961.529, 110
Trd, 2590961.729, 102
Trd, 2590962.579, 96
Trd, 2590963.246, 91
Trd, 2590964.079, 92
Trd, 2590964.129, 111
Trd, 2590964.613, 112
Trd, 2590966.446, 105
Trd, 2590967.396, 111
Trd, 2590968.246, 104
Trd, 2590968.896, 106
Trd, 2590969.463, 109
Trd, 2590970.346, 108
Trd, 2590970.413, 109
Trd, 2590970.513, 107
Trd, 2590970.846, 107
Trd, 2590971.263, 100
Trd, 2590971.429, 97
Trd, 2590972.946, 108
Trd, 2590973.379, 108
Trd, 2590974.763, 116
Trd, 2590976.029, 113
Trd, 2590976.513, 109
Trd, 2590977.713, 111
Trd, 2590977.829, 101
Trd, 2590978.129, 113
Trd, 2590978.246, 112
Trd, 2590979.529, 106
Trd, 2590980.479, 105
Trd, 2590980.496, 101
Trd, 2590980.879, 98
Trd, 2590981.779, 98
Trd, 2590981.896, 93
Trd, 2590982.129, 91
Trd, 2590982.363, 99
Trd, 2590983.246, 101
Trd, 2590983.279, 103
Trd, 2590984.579, 106
Trd, 2590984.746, 108
Trd, 2590985.796, 99
Trd, 2590986.063, 98
Trd, 2590986.846, 95
Trd, 2590988.046, 105
Trd, 2590989.546, 116
Trd, 2590990.346, 115
Trd, 2590990.946, 105
Trd, 2590991.813, 106
Trd, 2590992.896, 106
Trd, 2590993.229, 107
Trd, 2590993.429, 116
Trd, 2590994.579, 99
Trd, 2590994.596, 107
Trd, 2590995.279, 92
Trd, 2590996.246, 88
Trd, 2590997.079, 102
Trd, 2590997.396, 87
Trd, 2590997.496, 108
Trd, 2590997.929, 109
Trd, 2590999.729, 113
Trd, 2590999.929, 114
Trd, 2590999.979, 95
Trd, 2591000.963, 107
Trd, 2591001.146, 99
Trd, 2591001.213, 115
Trd, 2591002.113, 116
Trd, 2591002.979, 101
Trd, 2591005.113, 101
Trd, 2591005.846, 101
Trd, 2591005.913, 99
Trd, 2591006.796, 105
Trd, 2591006.829, 107
Trd, 2591006.946, 98
Trd, 2591007.346, 91
Trd, 2591009.129, 93
Trd, 2591009.213, 104
Trd, 2591010.146, 104
Trd, 2591010.163, 91
Trd, 2591010.529, 108
Trd, 2591010.646, 102
Trd, 2591011.646, 98
Trd, 2591012.029, 101
Trd, 2591012.896, 112
Trd, 2591013.413, 112
Trd, 2591015.163, 113
Trd, 2591016.813, 104
Trd, 2591017.046, 103
Trd, 2591018.096, 104
Trd, 2591018.413, 102
Trd, 2591019.913, 103
Trd, 2591020.346, 104
Trd, 2591020.563, 98
Trd, 2591020.646, 108
Trd, 2591020.829, 91
Trd, 2591020.913, 90
Trd, 2591021.079, 109
Trd, 2591021.713, 92
Trd, 2591022.279, 112
Trd, 2591022.929, 111
Trd, 2591022.996, 109
Trd, 2591024.729, 112
Trd, 2591024.846, 114
Trd, 2591025.096, 98
Trd, 2591025.196, 117
Trd, 2591025.496, 112
Trd, 2591027.863, 98
Trd, 2591027.996, 102
Trd, 2591029.446, 92
Trd, 2591029.463, 102
Trd, 2591030.529, 102
Trd, 2591032.163, 98
Trd, 2591032.329, 94
Trd, 2591032.463, 107
Trd, 2591034.029, 98
Trd, 2591034.629, 106
Trd, 2591034.913, 108
Trd, 2591035.963, 104
Trd, 2591036.213, 96
Trd, 2591037.529, 96
Trd, 2591038.063, 91
Trd, 2591038.713, 92
Trd, 2591039.046, 98
Trd, 2591039.679, 95
Trd, 2591040.246, 102
Trd, 2591040.596, 94
Trd, 2591042.279, 95
Trd, 2591042.463, 99
Trd, 2591043.163, 106
Trd, 2591043.179, 104
Trd, 2591043.213, 103
Trd, 2591044.146, 108
Trd, 2591044.379, 94
Trd, 2591046.029, 99
Trd, 2591047.779, 101
Trd, 2591048.196, 98
Trd, 2591049.079, 94
Trd, 2591050.813, 91
Trd, 2591050.996, 93
Trd, 2591051.129, 103
Trd, 2591052.163, 105
Trd, 2591052.479, 94
Trd, 2591052.796, 108
Trd, 2591053.163, 108
Trd, 2591053.546, 112
Trd, 2591054.713, 98
Trd, 2591054.946, 94
Trd, 2591055.363, 91
Trd, 2591056.596, 88
Trd, 2591056.813, 89
Trd, 2591057.413, 90
Trd, 2591057.479, 87
Trd, 2591057.946, 97
Trd, 2591058.446, 87
Trd, 2591058.713, 89
Trd, 2591059.796, 101
Trd, 2591060.813, 108
Trd, 2591062.329, 107
Trd, 2591062.779, 106
Trd, 2591063.113, 108
Trd, 2591065.379, 104
Trd, 2591065.896, 103
Trd, 2591066.146, 106
Trd, 2591066.213, 103
Trd, 2591066.446, 112
Trd, 2591066.946, 113
Trd, 2591068.313, 97
Trd, 2591068.379, 93
Trd, 2591068.479, 98
Trd, 2591069.029, 92
Trd, 2591069.263, 106
Trd, 2591071.263, 99
Trd, 2591071.346, 96
Trd, 2591071.696, 113
Trd, 2591071.713, 91
Trd, 2591072.346, 93
Trd, 2591073.179, 100
Trd, 2591074.229, 91
Trd, 2591074.496, 90
Trd, 2591074.529, 106
Trd, 2591075.563, 104
Trd, 2591075.646, 105
Trd, 2591076.196, 100
Trd, 2591079.663, 107
Trd, 2591079.846, 107
Trd, 2591080.246, 97
Trd, 2591080.279, 93
Trd, 2591080.663, 108
Trd, 2591080.979, 91
Trd, 2591082.946, 107
Trd, 2591084.313, 98
Trd, 2591085.029, 93
Trd, 2591085.763, 109
Trd, 2591085.779, 87
Trd, 2591088.329, 112
Trd, 2591088.629, 116
Trd, 2591089.479, 111
Trd, 2591089.729, 113
Trd, 2591089.779, 105
Trd, 2591091.146, 114
Trd, 2591091.279, 103
Trd, 2591091.496, 115
Trd, 2591091.746, 98
Trd, 2591092.513, 110
Trd, 2591092.696, 109
Trd, 2591092.779, 113
Trd, 2591093.029, 118
Trd, 2591093.196, 92
Trd, 2591093.596, 125
Trd, 2591094.713, 125
Trd, 2591095.646, 102
Trd, 2591095.863, 115
Trd, 2591096.313, 102
Trd, 2591097.979, 103
Trd, 2591098.213, 93
Trd, 2591098.613, 91
Trd, 2591098.963, 112
Trd, 2591100.746, 98
Trd, 2591100.763, 104
Trd, 2591101.046, 98
Trd, 2591103.679, 100
Trd, 2591104.679, 98
Trd, 2591105.363, 98
Trd, 2591105.696, 97
Trd, 2591106.196, 105
Trd, 2591106.646, 108
Trd, 2591106.679, 91
Trd, 2591107.146, 111
Trd, 2591107.546, 113
Trd, 2591107.929, 114
Trd, 2591109.213, 112
Trd, 2591109.529, 112
Trd, 2591110.313, 108
Trd, 2591110.579, 92
Trd, 2591111.213, 88
Trd, 2591111.729, 90
Trd, 2591113.229, 92
Trd, 2591113.796, 96
Trd, 2591114.379, 88
Trd, 2591115.629, 108
Trd, 2591115.763, 113
Trd, 2591116.079, 116
Trd, 2591116.146, 107
Trd, 2591117.596, 97
Trd, 2591117.679, 89
Trd, 2591118.479, 97
Trd, 2591119.013, 87
Trd, 2591119.446, 96
Trd, 2591119.729, 84
Trd, 2591120.846, 93
Trd, 2591121.113, 98
Trd, 2591122.846, 108
Trd, 2591123.179, 92
Trd, 2591124.013, 103
Trd, 2591124.263, 92
Trd, 2591125.029, 91
Trd, 2591126.396, 104
Trd, 2591126.446, 84
Trd, 2591127.229, 87
Trd, 2591127.513, 92
Trd, 2591127.846, 91
Trd, 2591128.113, 108
Trd, 2591128.213, 82
Trd, 2591129.013, 96
Trd, 2591129.996, 98
Trd, 2591130.113, 99
Trd, 2591130.963, 105
Trd, 2591131.613, 105
Trd, 2591131.963, 102
Trd, 2591132.129, 106
Trd, 2591132.246, 102
Trd, 2591132.896, 101
Trd, 2591133.196, 96
Trd, 2591133.513, 91
Trd, 2591133.896, 107
Trd, 2591134.096, 87
Trd, 2591138.729, 106
Trd, 2591139.596, 107
Trd, 2591139.846, 107
Trd, 2591140.096, 112
Trd, 2591140.179, 107
Trd, 2591140.413, 106
Trd, 2591141.046, 98
Trd, 2591141.946, 95
Trd, 2591143.479, 100
Trd, 2591143.846, 105
Trd, 2591144.013, 98
Trd, 2591145.213, 105
Trd, 2591145.396, 91
Trd, 2591145.413, 87
Trd, 2591145.713, 86
Trd, 2591146.496, 89
Trd, 2591146.813, 91
Trd, 2591147.313, 101
Trd, 2591147.496, 102
Trd, 2591149.579, 108
Trd, 2591149.729, 107
Trd, 2591150.496, 105
Trd, 2591153.079, 98
Trd, 2591153.196, 95
Trd, 2591154.013, 107
Trd, 2591154.446, 106
Trd, 2591154.479, 119
Trd, 2591156.479, 103
Trd, 2591156.613, 114
Trd, 2591157.696, 124
Trd, 2591158.479, 119
Trd, 2591158.729, 117
Trd, 2591159.163, 122
Trd, 2591160.563, 115
Trd, 2591161.863, 105
Trd, 2591162.063, 108
Trd, 2591162.396, 98
Trd, 2591164.596, 90
Trd, 2591164.646, 97
Trd, 2591164.946, 89
Trd, 2591165.446, 87
Trd, 2591166.013, 89
Trd, 2591166.063, 94
Trd, 2591167.163, 83
Trd, 2591167.463, 95
Trd, 2591167.696, 94
Trd, 2591168.379, 83
Trd, 2591169.629, 98
Trd, 2591170.579, 93
Trd, 2591171.179, 105
Trd, 2591172.146, 106
Trd, 2591172.163, 108
Trd, 2591172.346, 95
Trd, 2591172.546, 109
Trd, 2591172.679, 103
Trd, 2591172.913, 98
Trd, 2591173.696, 100
Trd, 2591175.646, 105
Trd, 2591176.929, 105
Trd, 2591177.313, 101
Trd, 2591177.629, 98
Trd, 2591177.729, 92
Trd, 2591178.029, 103
Trd, 2591178.313, 108
Trd, 2591179.946, 93
Trd, 2591183.146, 93
Trd, 2591183.663, 92
Trd, 2591183.896, 96
Trd, 2591183.946, 98
Trd, 2591184.346, 91
Trd, 2591184.429, 99
Trd, 2591186.146, 108
Trd, 2591186.463, 110
Trd, 2591186.563, 116
Trd, 2591188.646, 103
Trd, 2591188.879, 98
Trd, 2591189.163, 90
Trd, 2591189.529, 115
Trd, 2591190.296, 88
Trd, 2591190.696, 114
Trd, 2591192.463, 91
Trd, 2591193.663, 103
Trd, 2591194.379, 91
Trd, 2591194.396, 107
Trd, 2591194.679, 109
Trd, 2591196.379, 98
Trd, 2591196.446, 95
Trd, 2591197.179, 99
Trd, 2591197.813, 92
Trd, 2591198.013, 102
Trd, 2591199.129, 107
Trd, 2591199.779, 108
Trd, 2591201.029, 98
Trd, 2591202.746, 98
Trd, 2591202.996, 98
Trd, 2591204.096, 108
Trd, 2591204.396, 108
Trd, 2591204.413, 113
Trd, 2591204.496, 107
Trd, 2591204.646, 117
Trd, 2591205.013, 121
Trd, 2591207.429, 106
Trd, 2591207.846, 107
Trd, 2591208.196, 118
Trd, 2591209.329, 106
Trd, 2591210.079, 108
Trd, 2591210.263, 105
Trd, 2591210.479, 103
Trd, 2591210.579, 98
Trd, 2591210.863, 91
Trd, 2591212.213, 94
Trd, 2591212.279, 91
Trd, 2591213.879, 97
Trd, 2591214.013, 98
Trd, 2591215.229, 105
Trd, 2591215.246, 106
Trd, 2591215.679, 88
Trd, 2591215.796, 86
Trd, 2591216.779, 106
Trd, 2591217.196, 96
Trd, 2591217.929, 88
Trd, 2591218.113, 96
Trd, 2591218.579, 84
Trd, 2591219.229, 108
Trd, 2591220.379, 100
Trd, 2591220.696, 108
Trd, 2591221.513, 105
Trd, 2591221.829, 103
Trd, 2591222.179, 113
Trd, 2591222.463, 104
Trd, 2591223.729, 117
Trd, 2591223.796, 111
Trd, 2591224.629, 108
Trd, 2591225.813, 115
Trd, 2591226.229, 98
Trd, 2591227.979, 95
Trd, 2591228.113, 94
Trd, 2591229.013, 99
Trd, 2591229.296, 98
Trd, 2591229.413, 93
Trd, 2591229.663, 91
Trd, 2591230.363, 98
Trd, 2591231.229, 91
Trd, 2591232.496, 101
Trd, 2591233.296, 104
Trd, 2591233.763, 108
Trd, 2591234.529, 104
Trd, 2591235.179, 111
Trd, 2591235.796, 116
Trd, 2591235.896, 115
Trd, 2591237.829, 100
Trd, 2591238.696, 109
Trd, 2591238.713, 116
Trd, 2591239.013, 105
Trd, 2591239.196, 97
Trd, 2591239.446, 106
Trd, 2591239.763, 92
Trd, 2591239.913, 92
Trd, 2591241.313, 92
Trd, 2591242.346, 96
Trd, 2591242.946, 91
Trd, 2591243.296, 97
Trd, 2591243.846, 91
Trd, 2591244.429, 98
Trd, 2591244.729, 87
Trd, 2591245.746, 113
Trd, 2591246.113, 112
Trd, 2591246.563, 112
Trd, 2591247.679, 100
Trd, 2591250.296, 104
Trd, 2591250.846, 112
Trd, 2591250.963, 106
Trd, 2591251.829, 105
Trd, 2591251.913, 105
Trd, 2591252.079, 113
Trd, 2591254.163, 97
Trd, 2591255.213, 91
Trd, 2591255.696, 93
Trd, 2591256.129, 104
Trd, 2591256.963, 108
Trd, 2591257.479, 95
Trd, 2591258.863, 103
Trd, 2591258.929, 106
Trd, 2591259.079, 112
Trd, 2591259.596, 102
Trd, 2591260.363, 114
Trd, 2591260.896, 98
Trd, 2591261.696, 115
Trd, 2591262.246, 107
Trd, 2591263.229, 103
Trd, 2591263.329, 102
Trd, 2591263.346, 113
Trd, 2591265.579, 103
Trd, 2591265.613, 102
Trd, 2591265.663, 96
Trd, 2591266.046, 114
Trd, 2591267.346, 114
Trd, 2591267.963, 115
Trd, 2591268.429, 115
Trd, 2591268.579, 95
Trd, 2591268.946, 91
Trd, 2591271.513, 103
Trd, 2591271.529, 105
Trd, 2591272.263, 99
Trd, 2591272.546, 98
Trd, 2591273.163, 91
Trd, 2591273.246, 87
Trd, 2591274.079, 91
Trd, 2591274.413, 84
Trd, 2591274.496, 81
Trd, 2591274.629, 95
Trd, 2591275.196, 91
Trd, 2591275.546, 90
Trd, 2591276.246, 95
Trd, 2591278.979, 98
Trd, 2591279.046, 99
Trd, 2591279.063, 96
Trd, 2591279.846, 105
Trd, 2591280.496, 108
Trd, 2591282.463, 108
Trd, 2591283.763, 110
Trd, 2591284.529, 109
Trd, 2591285.729, 111
Trd, 2591285.746, 115
Trd, 2591286.629, 105
Trd, 2591288.596, 105
Trd, 2591288.679, 98
Trd, 2591288.796, 91
Trd, 2591289.079, 89
Trd, 2591289.846, 92
Trd, 2591290.163, 93
Trd, 2591290.946, 111
Trd, 2591291.129, 115
Trd, 2591291.313, 100
Trd, 2591291.329, 119
Trd, 2591291.663, 122
Trd, 2591292.179, 106
Trd, 2591292.546, 100
Trd, 2591294.363, 100
Trd, 2591294.896, 126
Trd, 2591295.246, 112
Trd, 2591295.296, 128
Trd, 2591295.429, 92
Trd, 2591295.563, 91
Trd, 2591296.629, 103
Trd, 2591297.096, 116
Trd, 2591297.463, 100
Trd, 2591298.613, 99
Trd, 2591298.763, 88
Trd, 2591299.246, 105
Trd, 2591301.679, 104
Trd, 2591302.113, 104
Trd, 2591302.929, 105
Trd, 2591303.096, 104
Trd, 2591303.213, 103
Trd, 2591304.063, 104
Trd, 2591304.646, 103
Trd, 2591305.463, 103
Trd, 2591306.313, 98
Trd, 2591306.346, 91
Trd, 2591306.696, 101
Trd, 2591306.713, 102
Trd, 2591308.196, 94
Trd, 2591310.446, 102
Trd, 2591311.279, 104
Trd, 2591311.379, 103
Trd, 2591312.213, 104
Trd, 2591312.996, 104
Trd, 2591313.796, 104
Trd, 2591313.829, 105
Trd, 2591314.129, 97
Trd, 2591316.346, 91
Trd, 2591316.713, 94
Trd, 2591317.296, 105
Trd, 2591318.429, 93
Trd, 2591318.496, 105
Trd, 2591319.429, 94
Trd, 2591319.996, 99
Trd, 2591320.363, 97
Trd, 2591320.796, 94
Trd, 2591321.313, 108
Trd, 2591321.679, 91
Trd, 2591323.946, 101
Trd, 2591324.563, 98
Trd, 2591324.746, 99
Trd, 2591326.029, 101
Trd, 2591326.479, 106
Trd, 2591326.596, 112
Trd, 2591327.879, 113
Trd, 2591328.763, 107
Trd, 2591329.896, 108
Trd, 2591331.729, 109
Trd, 2591332.046, 111
Trd, 2591332.329, 98
Trd, 2591333.546, 92
Trd, 2591333.779, 91
Trd, 2591333.913, 88
Trd, 2591334.063, 102
Trd, 2591334.563, 106
Trd, 2591335.196, 107
Trd, 2591335.329, 88
Trd, 2591336.413, 108
Trd, 2591337.379, 98
Trd, 2591337.746, 117
Trd, 2591338.829, 120
Trd, 2591339.046, 97
Trd, 2591340.196, 98
Trd, 2591340.779, 96
Trd, 2591340.863, 104
Trd, 2591341.829, 98
Trd, 2591342.163, 101
Trd, 2591342.763, 101
Trd, 2591343.013, 102
Trd, 2591343.196, 107
Trd, 2591343.879, 102
Trd, 2591344.629, 89
Trd, 2591346.013, 103
Trd, 2591347.429, 90
Trd, 2591347.613, 107
Trd, 2591347.879, 90
Trd, 2591349.213, 92
Trd, 2591349.529, 98
Trd, 2591349.629, 99
Trd, 2591349.846, 101
Trd, 2591350.113, 91
Trd, 2591350.313, 101
Trd, 2591350.529, 104
Trd, 2591352.196, 105
Trd, 2591352.779, 93
Trd, 2591353.129, 93
Trd, 2591353.163, 97
Trd, 2591354.563, 97
Trd, 2591355.296, 88
Trd, 2591357.046, 87
Trd, 2591357.763, 93
Trd, 2591358.229, 88
Trd, 2591358.579, 98
Trd, 2591358.963, 101
Trd, 2591359.129, 108
Trd, 2591360.696, 108
Trd, 2591361.679, 114
Trd, 2591362.296, 105
Trd, 2591362.379, 115
Trd, 2591363.313, 104
Trd, 2591363.396, 100
Trd, 2591364.763, 98
Trd, 2591364.996, 108
Trd, 2591365.579, 103
Trd, 2591365.763, 108
Trd, 2591366.529, 108
Trd, 2591369.146, 104
Trd, 2591369.346, 106
Trd, 2591372.146, 104
Trd, 2591372.713, 107
Trd, 2591372.896, 106
Trd, 2591373.996, 110
Trd, 2591374.263, 98
Trd, 2591374.913, 100
Trd, 2591375.429, 91
Trd, 2591375.829, 98
Trd, 2591376.213, 93
Trd, 2591376.413, 110
Trd, 2591377.163, 113
Trd, 2591378.263, 101
Trd, 2591380.629, 111
Trd, 2591380.846, 109
Trd, 2591381.029, 111
Trd, 2591381.213, 106
Trd, 2591381.246, 112
Trd, 2591382.079, 111
Trd, 2591382.363, 105
Trd, 2591385.163, 97
Trd, 2591385.179, 97
Trd, 2591385.363, 91
Trd, 2591387.679, 90
Trd, 2591387.996, 87
Trd, 2591388.263, 92
Trd, 2591388.546, 93
Trd, 2591388.679, 93
Trd, 2591389.029, 94
Trd, 2591389.346, 102
Trd, 2591389.363, 108
Trd, 2591391.163, 92
Trd, 2591391.363, 91
Trd, 2591391.729, 101
Trd, 2591391.996, 106
Trd, 2591393.263, 93
Trd, 2591393.463, 96
Trd, 2591394.996, 99
Trd, 2591395.096, 104
Trd, 2591395.413, 105
Trd, 2591395.863, 108
Trd, 2591398.679, 98
Trd, 2591399.479, 98
Trd, 2591399.996, 102
Trd, 2591400.546, 103
Trd, 2591401.346, 108
Trd, 2591401.796, 106
Trd, 2591402.863, 95
Trd, 2591403.113, 100
Trd, 2591404.013, 91
Trd, 2591404.246, 101
Trd, 2591405.346, 84
Trd, 2591405.513, 82
Trd, 2591405.613, 91
Trd, 2591406.296, 81
Trd, 2591406.746, 103
Trd, 2591406.863, 92
Trd, 2591407.146, 108
Trd, 2591408.379, 92
Trd, 2591408.513, 90
Trd, 2591409.379, 95
Trd, 2591409.746, 88
Trd, 2591410.679, 99
Trd, 2591411.229, 105
Trd, 2591411.663, 88
Trd, 2591412.529, 113
Trd, 2591414.713, 98
Trd, 2591415.546, 100
Trd, 2591415.946, 100
Trd, 2591417.113, 113
Trd, 2591419.396, 102
Trd, 2591420.029, 104
Trd, 2591420.263, 106
Trd, 2591420.746, 98
Trd, 2591421.063, 100
Trd, 2591421.263, 99
Trd, 2591421.863, 97
Trd, 2591421.963, 98
Trd, 2591422.096, 101
Trd, 2591422.113, 91
Trd, 2591423.329, 115
Trd, 2591423.796, 97
Trd, 2591426.079, 98
Trd, 2591426.496, 100
Trd, 2591426.879, 97
Trd, 2591427.179, 105
Trd, 2591427.396, 107
Trd, 2591428.896, 103
Trd, 2591429.479, 93
Trd, 2591429.679, 105
Trd, 2591430.296, 113
Trd, 2591430.746, 112
Trd, 2591430.763, 113
Trd, 2591431.313, 109
Trd, 2591431.613, 116
Trd, 2591432.346, 101
Trd, 2591433.713, 110
Trd, 2591433.729, 114
Trd, 2591434.213, 120
Trd, 2591434.479, 104
Trd, 2591434.746, 92
Trd, 2591435.029, 91
Trd, 2591437.113, 100
Trd, 2591437.829, 104
Trd, 2591438.679, 89
Trd, 2591440.346, 102
Trd, 2591441.279, 99
Trd, 2591442.229, 98
Trd, 2591443.246, 98
Trd, 2591443.363, 99
Trd, 2591443.446, 95
Trd, 2591444.713, 94
Trd, 2591445.029, 105
Trd, 2591445.396, 97
Trd, 2591445.979, 102
Trd, 2591446.396, 104
Trd, 2591447.479, 99
Trd, 2591448.163, 101
Trd, 2591449.196, 108
Trd, 2591450.179, 105
Trd, 2591450.296, 96
Trd, 2591452.113, 104
Trd, 2591452.396, 103
Trd, 2591453.113, 102
Trd, 2591453.263, 103
Trd, 2591455.063, 112
Trd, 2591455.329, 116
Trd, 2591455.429, 98
Trd, 2591456.846, 102
Trd, 2591457.329, 102
Trd, 2591457.796, 100
Trd, 2591458.363, 95
Trd, 2591458.596, 95
Trd, 2591458.779, 94
Trd, 2591461.279, 101
Trd, 2591461.713, 97
Trd, 2591462.129, 98
Trd, 2591462.729, 95
Trd, 2591462.863, 102
Trd, 2591464.529, 103
Trd, 2591466.463, 105
Trd, 2591467.096, 99
Trd, 2591467.113, 105
Trd, 2591467.796, 98
Trd, 2591467.913, 96
Trd, 2591468.263, 91
Trd, 2591468.929, 106
Trd, 2591469.546, 107
Trd, 2591469.563, 108
Trd, 2591469.796, 102
Trd, 2591470.429, 112
Trd, 2591470.546, 115
Trd, 2591471.829, 114
Trd, 2591473.063, 112
Trd, 2591475.279, 98
Trd, 2591475.463, 97
Trd, 2591476.496, 97
Trd, 2591477.096, 99
Trd, 2591477.929, 96
Trd, 2591478.213, 99
Trd, 2591479.213, 101
Trd, 2591479.463, 95
Trd, 2591480.179, 93
Trd, 2591480.379, 105
Trd, 2591480.763, 108
Trd, 2591481.063, 119
Trd, 2591482.746, 111
Trd, 2591483.363, 105
Trd, 2591485.113, 105
Trd, 2591485.246, 111
Trd, 2591485.879, 110
Trd, 2591486.113, 108
Trd, 2591486.429, 102
Trd, 2591487.496, 99
Trd, 2591487.713, 98
Trd, 2591487.979, 94
Trd, 2591488.513, 108
Trd, 2591490.246, 93
Trd, 2591490.496, 112
Trd, 2591491.213, 112
Trd, 2591492.813, 98
Trd, 2591493.013, 91
Trd, 2591493.663, 91
Trd, 2591493.979, 103
Trd, 2591494.463, 89
Trd, 2591495.246, 89
Trd, 2591495.629, 98
Trd, 2591496.113, 99
Trd, 2591496.563, 89
Trd, 2591499.179, 110
Trd, 2591499.329, 111
Trd, 2591499.496, 102
Trd, 2591499.713, 94
Trd, 2591500.329, 108
Trd, 2591500.613, 109
Trd, 2591501.296, 116
Trd, 2591501.813, 114
Trd, 2591502.063, 115
Trd, 2591504.046, 99
Trd, 2591504.979, 106
Trd, 2591505.413, 100
Trd, 2591505.963, 105
Trd, 2591506.379, 101
Trd, 2591506.646, 100
Trd, 2591508.229, 88
Trd, 2591508.429, 84
Trd, 2591509.746, 97
Trd, 2591509.796, 98
Trd, 2591510.463, 105
Trd, 2591511.963, 107
Trd, 2591512.263, 97
Trd, 2591512.329, 108
Trd, 2591514.196, 106
Trd, 2591514.596, 113
Trd, 2591516.213, 122
Trd, 2591517.546, 108
Trd, 2591518.596, 115
Trd, 2591518.779, 109
Trd, 2591519.179, 105
Trd, 2591519.463, 126
Trd, 2591520.279, 98
Trd, 2591520.329, 124
Trd, 2591520.713, 93
Trd, 2591522.479, 91
Trd, 2591522.613, 107
Trd, 2591523.029, 88
Trd, 2591524.263, 103
Trd, 2591525.163, 102
Trd, 2591526.163, 105
Trd, 2591528.163, 100
Trd, 2591528.329, 98
Trd, 2591529.413, 100
Trd, 2591529.613, 101
Trd, 2591530.996, 100
Trd, 2591531.146, 103
Trd, 2591531.213, 99
Trd, 2591531.463, 108
Trd, 2591532.263, 106
Trd, 2591532.379, 96
Trd, 2591532.579, 115
Trd, 2591532.763, 116
Trd, 2591532.963, 97
Trd, 2591534.029, 118
Trd, 2591535.096, 99
Trd, 2591535.146, 96
Trd, 2591535.479, 111
Trd, 2591536.829, 105
Trd, 2591538.363, 105
Trd, 2591539.529, 91
Trd, 2591539.579, 109
Trd, 2591540.279, 100
Trd, 2591540.813, 104
Trd, 2591541.646, 102
Trd, 2591543.646, 100
Trd, 2591543.746, 99
Trd, 2591543.879, 98
Trd, 2591544.279, 104
Trd, 2591544.363, 88
Trd, 2591544.413, 90
Trd, 2591544.446, 91
Trd, 2591544.746, 87
Trd, 2591546.479, 105
Trd, 2591547.796, 107
Trd, 2591548.929, 108
Trd, 2591548.946, 106
Trd, 2591549.446, 108
Trd, 2591549.863, 114
Trd, 2591550.179, 104
Trd, 2591552.129, 109
Trd, 2591552.546, 97
Trd, 2591553.429, 108
Trd, 2591554.413, 108
Trd, 2591555.229, 107
Trd, 2591556.313, 107
Trd, 2591556.879, 105
Trd, 2591557.146, 107
Trd, 2591558.329, 106
Trd, 2591560.163, 107
Trd, 2591560.946, 105
Trd, 2591560.979, 108
Trd, 2591561.079, 98
Trd, 2591561.663, 92
Trd, 2591562.029, 99
Trd, 2591562.196, 96
Trd, 2591562.513, 102
Trd, 2591566.629, 92
Trd, 2591566.663, 91
Trd, 2591566.713, 94
Trd, 2591567.513, 93
Trd, 2591567.946, 95
Trd, 2591568.413, 95
Trd, 2591568.446, 96
Trd, 2591569.196, 118
Trd, 2591569.363, 120
Trd, 2591570.079, 124
Trd, 2591570.963, 100
Trd, 2591571.029, 104
Trd, 2591571.813, 98
Trd, 2591572.529, 99
Trd, 2591572.579, 90
Trd, 2591573.513, 97
Trd, 2591573.646, 91
Trd, 2591575.063, 108
Trd, 2591575.863, 108
Trd, 2591575.996, 97
Trd, 2591576.096, 95
Trd, 2591576.513, 101
Trd, 2591576.713, 89
Trd, 2591578.546, 101
Trd, 2591578.646, 103
Trd, 2591578.929, 105
Trd, 2591579.796, 98
Trd, 2591580.763, 91
Trd, 2591582.163, 101
Trd, 2591582.396, 104
Trd, 2591583.813, 105
Trd, 2591584.229, 95
Trd, 2591584.496, 107
Trd, 2591585.413, 99
Trd, 2591585.746, 95
Trd, 2591587.079, 100
Trd, 2591587.379, 100
Trd, 2591587.563, 98
Trd, 2591589.413, 88
Trd, 2591589.429, 91
Trd, 2591590.346, 88
Trd, 2591591.046, 95
Trd, 2591591.379, 98
Trd, 2591593.863, 100
Trd, 2591594.146, 102
Trd, 2591594.446, 105
Trd, 2591594.813, 108
Trd, 2591595.513, 102
Trd, 2591595.663, 112
Trd, 2591596.846, 93
Trd, 2591597.346, 109
Trd, 2591598.079, 92
Trd, 2591598.213, 87
Trd, 2591598.796, 92
Trd, 2591599.263, 103
Trd, 2591600.363, 102
Trd, 2591600.713, 98
Trd, 2591601.946, 92
Trd, 2591602.246, 104
Trd, 2591602.996, 105
Trd, 2591603.263, 107
Trd, 2591603.446, 106
Trd, 2591604.246, 104
Trd, 2591604.729, 105
Trd, 2591605.246, 113
Trd, 2591606.196, 116
Trd, 2591606.546, 108
Trd, 2591606.796, 97
Trd, 2591606.913, 91
Trd, 2591608.913, 99
Trd, 2591609.779, 96
Trd, 2591610.146, 93
Trd, 2591610.829, 93
Trd, 2591612.063, 93
Trd, 2591612.813, 94
Trd, 2591612.996, 95
Trd, 2591613.329, 92
Trd, 2591613.363, 108
Trd, 2591613.879, 91
Trd, 2591613.913, 89
Trd, 2591614.679, 90
Trd, 2591615.546, 92
Trd, 2591616.479, 107
Trd, 2591618.079, 95
Trd, 2591618.329, 99
Trd, 2591619.396, 93
Trd, 2591619.463, 91
Trd, 2591619.596, 86
Trd, 2591619.729, 81
Trd, 2591620.796, 102
Trd, 2591621.746, 115
Trd, 2591622.029, 107
Trd, 2591622.096, 106
Trd, 2591623.246, 112
Trd, 2591623.629, 109
Trd, 2591624.429, 112
Trd, 2591626.279, 108
Trd, 2591626.679, 115
Trd, 2591626.879, 113
Trd, 2591627.163, 101
Trd, 2591627.663, 98
Trd, 2591628.096, 96
Trd, 2591629.079, 98
Trd, 2591629.646, 112
Trd, 2591631.313, 102
Trd, 2591632.396, 108
Trd, 2591632.413, 99
Trd, 2591632.696, 108
Trd, 2591632.996, 98
Trd, 2591633.129, 109
Trd, 2591635.213, 97
Trd, 2591636.863, 98
Trd, 2591637.029, 115
Trd, 2591637.613, 92
Trd, 2591637.696, 98
Trd, 2591638.313, 99
Trd, 2591638.629, 91
Trd, 2591640.929, 97
Trd, 2591641.963, 88
Trd, 2591642.263, 89
Trd, 2591642.663, 95
Trd, 2591642.763, 100
Trd, 2591642.946, 89
Trd, 2591643.246, 88
Trd, 2591643.846, 100
Trd, 2591644.679, 101
Trd, 2591646.296, 105
Trd, 2591646.446, 94
Trd, 2591647.563, 98
Trd, 2591649.763, 103
Trd, 2591649.913, 104
Trd, 2591650.046, 103
Trd, 2591650.129, 102
Trd, 2591650.329, 101
Trd, 2591650.846, 104
Trd, 2591650.863, 106
Trd, 2591650.896, 108
Trd, 2591651.429, 112
Trd, 2591651.713, 100
Trd, 2591652.679, 114
Trd, 2591654.263, 95
Trd, 2591655.229, 95
Trd, 2591655.446, 91
Trd, 2591656.046, 99
Trd, 2591658.963, 95
Trd, 2591659.079, 96
Trd, 2591660.696, 105
Trd, 2591661.713, 107
Trd, 2591661.763, 103
Trd, 2591661.829, 108
Trd, 2591663.179, 104
Trd, 2591663.213, 101
Trd, 2591663.263, 97
Trd, 2591664.546, 96
Trd, 2591664.646, 98
Trd, 2591664.763, 94
Trd, 2591665.046, 112
Trd, 2591665.063, 93
Trd, 2591665.596, 91
Trd, 2591665.696, 111
Trd, 2591666.779, 98
Trd, 2591667.196, 98
Trd, 2591667.646, 91
Trd, 2591668.779, 88
Trd, 2591669.396, 101
Trd, 2591670.763, 88
Trd, 2591670.979, 89
Trd, 2591671.746, 87
Trd, 2591672.813, 88
Trd, 2591672.863, 89
Trd, 2591673.479, 108
Trd, 2591674.029, 108
Trd, 2591676.146, 98
Trd, 2591676.329, 112
Trd, 2591677.796, 92
Trd, 2591678.629, 102
Trd, 2591678.846, 91
Trd, 2591679.513, 103
Trd, 2591680.596, 106
Trd, 2591681.229, 110
Trd, 2591681.496, 100
Trd, 2591681.646, 100
Trd, 2591681.763, 99
Trd, 2591682.096, 107
Trd, 2591682.363, 116
Trd, 2591682.613, 98
Trd, 2591683.979, 112
Trd, 2591684.146, 92
Trd, 2591684.896, 92
Trd, 2591685.413, 98
Trd, 2591686.163, 101
Trd, 2591686.996, 100
Trd, 2591688.363, 100
Trd, 2591688.913, 102
Trd, 2591689.329, 103
Trd, 2591689.763, 98
Trd, 2591690.179, 105
Trd, 2591690.629, 108
Trd, 2591690.946, 97
Trd, 2591691.146, 94
Trd, 2591692.896, 112
Trd, 2591693.029, 105
Trd, 2591694.446, 108
Trd, 2591696.679, 103
Trd, 2591696.913, 105
Trd, 2591698.363, 104
Trd, 2591698.513, 101
Trd, 2591699.329, 106
Trd, 2591699.863, 107
Trd, 2591699.896, 108
Trd, 2591700.546, 98
Trd, 2591700.829, 97
Trd, 2591701.513, 114
Trd, 2591702.196, 118
Trd, 2591702.796, 106
Trd, 2591702.946, 123
Trd, 2591703.146, 105
Trd, 2591703.313, 91
Trd, 2591705.146, 89
Trd, 2591705.663, 87
Trd, 2591706.529, 106
Trd, 2591707.246, 93
Trd, 2591707.279, 102
Trd, 2591707.913, 95
Trd, 2591708.763, 94
Trd, 2591710.029, 96
Trd, 2591710.463, 95
Trd, 2591710.479, 96
Trd, 2591711.629, 96
Trd, 2591712.396, 97
Trd, 2591712.729, 90
Trd, 2591712.896, 102
Trd, 2591713.679, 94
Trd, 2591713.996, 108
Trd, 2591714.079, 93
Trd, 2591714.413, 92
Trd, 2591715.879, 109
Trd, 2591717.013, 112
Trd, 2591718.063, 91
Trd, 2591718.229, 87
Trd, 2591719.479, 100
Trd, 2591719.779, 100
Trd, 2591720.829, 99
Trd, 2591721.913, 97
Trd, 2591722.363, 103
Trd, 2591722.813, 100
Trd, 2591723.363, 98
Trd, 2591723.929, 101
Trd, 2591724.979, 98
Trd, 2591725.746, 103
Trd, 2591726.313, 100
Trd, 2591727.046, 101
Trd, 2591727.413, 108
Trd, 2591727.979, 118
Trd, 2591728.363, 113
Trd, 2591729.413, 105
Trd, 2591730.363, 112
Trd, 2591730.613, 104
Trd, 2591730.946, 100
Trd, 2591731.196, 119
Trd, 2591732.729, 101
Trd, 2591733.029, 115
Trd, 2591733.913, 105
Trd, 2591734.129, 114
Trd, 2591734.263, 97
Trd, 2591736.363, 96
Trd, 2591737.096, 104
Trd, 2591737.829, 106
Trd, 2591737.963, 100
Trd, 2591738.046, 92
Trd, 2591739.779, 107
Trd, 2591740.546, 108
Trd, 2591740.896, 115
Trd, 2591741.246, 116
Trd, 2591741.729, 107
Trd, 2591741.879, 105
Trd, 2591742.146, 111
Trd, 2591743.813, 113
Trd, 2591744.163, 114
Trd, 2591744.229, 114
Trd, 2591744.513, 99
Trd, 2591744.929, 98
Trd, 2591745.163, 91
Trd, 2591746.463, 99
Trd, 2591747.829, 91
Trd, 2591748.763, 98
Trd, 2591750.079, 90
Trd, 2591750.113, 97
Trd, 2591751.163, 99
Trd, 2591751.296, 96
Trd, 2591751.313, 108
Trd, 2591752.963, 102
Trd, 2591753.413, 102
Trd, 2591754.079, 102
Trd, 2591754.796, 107
Trd, 2591755.196, 99
Trd, 2591755.229, 112
Trd, 2591756.563, 114
Trd, 2591756.696, 117
Trd, 2591758.179, 105
Trd, 2591758.563, 100
Trd, 2591759.463, 100
Trd, 2591761.013, 103
Trd, 2591761.713, 99
Trd, 2591762.546, 98
Trd, 2591762.696, 99
Trd, 2591762.779, 91
Trd, 2591763.479, 87
Trd, 2591764.129, 99
Trd, 2591765.679, 105
Trd, 2591765.713, 94
Trd, 2591766.079, 108
Trd, 2591766.863, 92
Trd, 2591767.846, 92
Trd, 2591769.146, 108
Trd, 2591769.346, 108
Trd, 2591769.879, 97
Trd, 2591770.296, 98
Trd, 2591772.663, 100
Trd, 2591772.996, 101
Trd, 2591773.463, 97
Trd, 2591773.529, 91
Trd, 2591774.346, 88
Trd, 2591775.096, 88
Trd, 2591775.213, 87
Trd, 2591775.596, 93
Trd, 2591775.829, 96
Trd, 2591776.496, 83
Trd, 2591776.629, 105
Trd, 2591777.946, 91
Trd, 2591778.396, 110
Trd, 2591778.629, 84
Trd, 2591779.546, 99
Trd, 2591780.596, 106
Trd, 2591780.763, 114
Trd, 2591782.429, 112
Trd, 2591783.646, 112
Trd, 2591784.196, 113
Trd, 2591784.463, 114
Trd, 2591785.346, 118
Trd, 2591787.096, 106
Trd, 2591787.613, 118
Trd, 2591787.679, 101
Trd, 2591788.529, 118
Trd, 2591788.546, 105
Trd, 2591788.663, 117
Trd, 2591788.846, 98
Trd, 2591790.329, 93
Trd, 2591790.813, 93
Trd, 2591790.979, 98
Trd, 2591791.029, 91
Trd, 2591791.596, 101
Trd, 2591792.146, 91
Trd, 2591792.463, 98
Trd, 2591793.446, 97
Trd, 2591793.513, 112
Trd, 2591794.429, 94
Trd, 2591794.529, 105
Trd, 2591794.613, 109
Trd, 2591797.146, 92
Trd, 2591797.863, 101
Trd, 2591799.013, 90
Trd, 2591799.096, 93
Trd, 2591799.879, 107
Trd, 2591800.079, 92
Trd, 2591800.379, 108
Trd, 2591800.746, 86
Trd, 2591800.946, 83
Trd, 2591803.279, 104
Trd, 2591803.546, 104
Trd, 2591803.596, 100
Trd, 2591804.179, 100
Trd, 2591804.729, 105
Trd, 2591805.613, 113
Trd, 2591807.546, 103
Trd, 2591809.796, 98
Trd, 2591810.179, 96
Trd, 2591810.729, 87
Trd, 2591810.913, 98
Trd, 2591811.629, 89
Trd, 2591811.879, 102
Trd, 2591812.129, 101
Trd, 2591812.279, 103
Trd, 2591812.363, 107
Trd, 2591812.913, 108
Trd, 2591814.196, 114
Trd, 2591814.663, 115
Trd, 2591814.829, 116
Trd, 2591815.863, 104
Trd, 2591815.913, 98
Trd, 2591816.913, 112
Trd, 2591820.263, 103
Trd, 2591820.396, 102
Trd, 2591820.729, 96
Trd, 2591821.113, 103
Trd, 2591821.463, 102
Trd, 2591821.829, 105
Trd, 2591822.413, 104
Trd, 2591822.913, 88
Trd, 2591822.979, 89
Trd, 2591823.946, 103
Trd, 2591825.029, 93
Trd, 2591827.029, 97
Trd, 2591828.079, 96
Trd, 2591828.696, 100
Trd, 2591829.646, 99
Trd, 2591830.713, 101
Trd, 2591830.829, 107
Trd, 2591831.313, 108
Trd, 2591831.379, 100
Trd, 2591832.379, 100
Trd, 2591832.563, 114
Trd, 2591833.596, 99
Trd, 2591833.796, 98
Trd, 2591834.079, 91
Trd, 2591834.313, 91
Trd, 2591834.396, 103
Trd, 2591835.163, 95
Trd, 2591835.879, 92
Trd, 2591835.963, 112
Trd, 2591837.679, 115
Trd, 2591837.929, 120
Trd, 2591838.596, 95
Trd, 2591839.646, 99
Trd, 2591840.213, 118
Trd, 2591841.179, 118
Trd, 2591841.196, 117
Trd, 2591842.713, 117
Trd, 2591843.296, 115
Trd, 2591844.629, 102
Trd, 2591845.163, 109
Trd, 2591847.646, 99
Trd, 2591848.296, 100
Trd, 2591848.363, 92
Trd, 2591848.779, 99
Trd, 2591849.579, 99
Trd, 2591849.929, 99
Trd, 2591850.363, 98
Trd, 2591850.563, 105
Trd, 2591850.913, 92
Trd, 2591851.829, 95
Trd, 2591853.079, 104
Trd, 2591853.396, 102
Trd, 2591853.729, 104
Trd, 2591855.163, 103
Trd, 2591857.396, 98
Trd, 2591857.513, 98
Trd, 2591857.829, 105
Trd, 2591857.846, 98
Trd, 2591859.213, 98
Trd, 2591859.279, 108
Trd, 2591859.529, 106
Trd, 2591860.246, 104
Trd, 2591860.679, 92
Trd, 2591863.363, 106
Trd, 2591863.479, 97
Trd, 2591863.663, 109
Trd, 2591864.063, 108
Trd, 2591864.096, 91
Trd, 2591864.213, 110
Trd, 2591864.829, 91
Trd, 2591864.996, 87
Trd, 2591865.613, 89
Trd, 2591866.413, 89
Trd, 2591867.379, 90
Trd, 2591867.929, 106
Trd, 2591867.996, 107
Trd, 2591869.213, 108
Trd, 2591869.763, 112
Trd, 2591869.946, 102
Trd, 2591870.229, 112
Trd, 2591870.996, 98
Trd, 2591871.229, 111
Trd, 2591871.496, 97
Trd, 2591872.396, 98
Trd, 2591872.746, 99
Trd, 2591873.179, 91
Trd, 2591873.579, 87
Trd, 2591873.713, 116
Trd, 2591876.246, 113
Trd, 2591877.379, 98
Trd, 2591878.429, 99
Trd, 2591878.813, 108
Trd, 2591879.029, 100
Trd, 2591880.096, 101
Trd, 2591880.429, 105
Trd, 2591881.463, 106
Trd, 2591881.946, 105
Trd, 2591882.513, 108
Trd, 2591882.713, 113
Trd, 2591882.996, 104
Trd, 2591883.463, 97
Trd, 2591883.829, 114
Trd, 2591885.329, 91
Trd, 2591885.363, 92
Trd, 2591886.429, 92
Trd, 2591886.863, 118
Trd, 2591887.979, 110
Trd, 2591888.196, 117
Trd, 2591888.279, 93
Trd, 2591889.079, 108
Trd, 2591889.729, 94
Trd, 2591889.946, 92
Trd, 2591890.663, 91
Trd, 2591890.913, 121
Trd, 2591892.046, 99
Trd, 2591892.163, 108
Trd, 2591892.996, 113
Trd, 2591893.879, 112
Trd, 2591894.729, 96
Trd, 2591895.346, 104
Trd, 2591896.246, 93
Trd, 2591896.296, 102
Trd, 2591897.396, 93
Trd, 2591897.829, 103
Trd, 2591898.179, 95
Trd, 2591898.546, 101
Trd, 2591899.313, 92
Trd, 2591899.513, 91
Trd, 2591900.513, 98
Trd, 2591900.829, 97
Trd, 2591900.863, 99
Trd, 2591900.929, 107
Trd, 2591900.963, 108
Trd, 2591901.396, 113
Trd, 2591902.629, 94
Trd, 2591902.713, 115
Trd, 2591905.329, 121
Trd, 2591906.063, 95
Trd, 2591907.179, 116
Trd, 2591907.479, 102
Trd, 2591908.479, 101
Trd, 2591909.113, 97
Trd, 2591910.179, 94
Trd, 2591910.263, 98
Trd, 2591911.046, 99
Trd, 2591912.596, 101
Trd, 2591913.146, 103
Trd, 2591913.313, 104
Trd, 2591913.696, 102
Trd, 2591914.996, 104
Trd, 2591915.329, 93
Trd, 2591916.096, 101
Trd, 2591916.813, 92
Trd, 2591917.179, 93
Trd, 2591917.196, 105
Trd, 2591917.546, 92
Trd, 2591918.079, 106
Trd, 2591919.013, 101
Trd, 2591919.296, 104
Trd, 2591921.429, 97
Trd, 2591921.563, 101
Trd, 2591921.696, 103
Trd, 2591922.129, 108
Trd, 2591923.563, 109
Trd, 2591924.113, 115
Trd, 2591924.229, 97
Trd, 2591924.929, 106
Trd, 2591924.963, 114
Trd, 2591926.196, 91
Trd, 2591926.296, 91
Trd, 2591926.379, 93
Trd, 2591927.213, 113
Trd, 2591929.329, 106
Trd, 2591929.529, 103
Trd, 2591929.729, 115
Trd, 2591930.929, 93
Trd, 2591931.596, 103
Trd, 2591932.063, 95
Trd, 2591932.496, 106
Trd, 2591934.396, 104
Trd, 2591934.763, 97
Trd, 2591935.263, 103
Trd, 2591935.646, 92
Trd, 2591936.179, 91
Trd, 2591936.796, 97
Trd, 2591936.979, 98
Trd, 2591937.113, 91
Trd, 2591937.179, 107
Trd, 2591939.613, 112
Trd, 2591940.029, 110
Trd, 2591940.496, 99
Trd, 2591940.729, 98
Trd, 2591941.229, 91
Trd, 2591941.979, 109
Trd, 2591942.629, 102
Trd, 2591945.463, 104
Trd, 2591946.213, 104
Trd, 2591946.896, 103
Trd, 2591947.013, 115
Trd, 2591947.463, 104
Trd, 2591947.496, 97
Trd, 2591948.846, 117
Trd, 2591949.046, 98
Trd, 2591949.213, 99
Trd, 2591949.563, 107
Trd, 2591949.863, 99
Trd, 2591951.746, 91
Trd, 2591951.946, 105
Trd, 2591952.113, 105
Trd, 2591952.496, 87
Trd, 2591955.296, 99
Trd, 2591955.496, 100
Trd, 2591956.329, 116
Trd, 2591956.596, 110
Trd, 2591959.746, 108
Trd, 2591960.079, 91
Trd, 2591960.179, 87
Trd, 2591960.446, 97
Trd, 2591960.996, 97
Trd, 2591961.013, 89
Trd, 2591961.129, 88
Trd, 2591961.663, 88
Trd, 2591962.563, 91
Trd, 2591963.513, 106
Trd, 2591964.196, 99
Trd, 2591964.546, 98
Trd, 2591964.729, 111
Trd, 2591965.296, 111
Trd, 2591966.329, 105
Trd, 2591967.196, 112
Trd, 2591967.446, 100
Trd, 2591968.329, 92
Trd, 2591969.063, 94
Trd, 2591969.813, 106
Trd, 2591970.929, 109
Trd, 2591971.013, 116
Trd, 2591972.296, 99
Trd, 2591973.096, 98
Trd, 2591973.946, 108
Trd, 2591974.113, 114
Trd, 2591974.779, 107
Trd, 2591976.863, 107
Trd, 2591978.763, 105
Trd, 2591978.796, 108
Trd, 2591978.829, 114
Trd, 2591978.863, 104
Trd, 2591979.879, 102
Trd, 2591980.146, 114
Trd, 2591981.663, 101
Trd, 2591981.679, 104
Trd, 2591982.096, 105
Trd, 2591982.146, 98
Trd, 2591982.546, 93
Trd, 2591983.646, 104
Trd, 2591983.879, 101
Trd, 2591984.796, 101
Trd, 2591985.663, 91
Trd, 2591986.263, 87
Trd, 2591986.496, 108
Trd, 2591987.696, 92
Trd, 2591988.179, 93
Trd, 2591990.029, 113
Trd, 2591990.663, 114
Trd, 2591991.163, 107
Trd, 2591992.179, 105
Trd, 2591992.229, 92
Trd, 2591993.329, 106
Trd, 2591994.046, 101
Trd, 2591994.779, 98
Trd, 2591994.913, 91
Trd, 2591995.379, 86
Trd, 2591995.796, 90
Trd, 2591996.279, 88
Trd, 2591996.596, 106
Trd, 2591998.163, 95
Trd, 2591998.263, 105
Trd, 2591998.296, 108
Trd, 2591999.863, 101
