Trd, 2590656.129, 118
Trd, 2590656.479, 105
Trd, 2590656.929, 97
Trd, 2590660.013, 100
Trd, 2590660.196, 100
Trd, 2590660.213, 96
Trd, 2590661.913, 101
Trd, 2590662.379, 100
Trd, 2590662.746, 104
Trd, 2590663.396, 98
Trd, 2590664.096, 105
Trd, 2590664.546, 100
Trd, 2590664.913, 100
Trd, 2590665.213, 104
Trd, 2590665.729, 99
Trd, 2590666.279, 105
Trd, 2590668.713, 106
Trd, 2590670.479, 106
Trd, 2590670.863, 99
Trd, 2590671.096, 105
Trd, 2590671.346, 108
Trd, 2590671.813, 113
Trd, 2590672.579, 118
Trd, 2590672.763, 102
Trd, 2590674.746, 106
Trd, 2590675.146, 105
Trd, 2590675.163, 103
Trd, 2590676.513, 111
Trd, 2590677.213, 101
Trd, 2590677.363, 100
Trd, 2590678.663, 99
Trd, 2590678.996, 102
Trd, 2590679.829, 102
Trd, 2590680.713, 98
Trd, 2590680.996, 101
Trd, 2590682.213, 103
Trd, 2590682.513, 102
Trd, 2590684.229, 104
Trd, 2590684.763, 102
Trd, 2590686.296, 104
Trd, 2590686.463, 102
Trd, 2590687.146, 101
Trd, 2590688.363, 101
Trd, 2590688.763, 99
Trd, 2590689.013, 102
Trd, 2590689.863, 106
Trd, 2590690.829, 102
Trd, 2590690.879, 101
Trd, 2590690.946, 97
Trd, 2590692.229, 93
Trd, 2590693.113, 108
Trd, 2590693.379, 92
Trd, 2590694.546, 104
Trd, 2590695.713, 111
Trd, 2590696.863, 101
Trd, 2590697.846, 106
Trd, 2590699.063, 112
Trd, 2590699.146, 112
Trd, 2590699.363, 111
Trd, 2590699.379, 100
Trd, 2590700.279, 95
Trd, 2590700.646, 107
Trd, 2590701.696, 111
Trd, 2590702.396, 101
Trd, 2590702.796, 114
Trd, 2590702.813, 97
Trd, 2590703.396, 119
Trd, 2590703.513, 97
Trd, 2590705.279, 112
Trd, 2590706.063, 104
Trd, 2590706.096, 105
Trd, 2590706.729, 106
Trd, 2590707.579, 107
Trd, 2590708.029, 106
Trd, 2590709.829, 106
Trd, 2590709.896, 105
Trd, 2590710.479, 100
Trd, 2590710.629, 94
Trd, 2590710.646, 90
Trd, 2590711.129, 100
Trd, 2590711.963, 101
Trd, 2590712.346, 102
Trd, 2590712.446, 108
Trd, 2590713.763, 99
Trd, 2590715.146, 112
Trd, 2590716.096, 113
Trd, 2590716.246, 116
Trd, 2590716.396, 117
Trd, 2590716.429, 112
Trd, 2590717.596, 115
Trd, 2590717.663, 116
Trd, 2590718.079, 115
Trd, 2590718.646, 115
Trd, 2590720.263, 100
Trd, 2590721.746, 98
Trd, 2590722.413, 99
Trd, 2590723.196, 101
Trd, 2590723.529, 100
Trd, 2590725.029, 101
Trd, 2590725.113, 100
Trd, 2590725.246, 106
Trd, 2590725.313, 97
Trd, 2590725.763, 94
Trd, 2590725.879, 92
Trd, 2590726.213, 90
Trd, 2590728.463, 107
Trd, 2590728.529, 108
Trd, 2590728.579, 121
Trd, 2590729.329, 96
Trd, 2590731.079, 117
Trd, 2590731.296, 118
Trd, 2590731.329, 119
Trd, 2590731.446, 118
Trd, 2590733.879, 116
Trd, 2590734.263, 111
Trd, 2590734.979, 102
Trd, 2590735.346, 103
Trd, 2590736.113, 104
Trd, 2590736.179, 103
Trd, 2590736.229, 99
Trd, 2590736.679, 105
Trd, 2590738.013, 103
Trd, 2590738.513, 105
Trd, 2590739.596, 106
Trd, 2590740.379, 100
Trd, 2590741.579, 97
Trd, 2590741.629, 94
Trd, 2590742.729, 105
Trd, 2590743.179, 96
Trd, 2590743.729, 94
Trd, 2590744.363, 108
Trd, 2590744.596, 89
Trd, 2590746.079, 102
Trd, 2590746.113, 100
Trd, 2590746.229, 104
Trd, 2590748.213, 106
Trd, 2590749.796, 106
Trd, 2590749.846, 105
Trd, 2590750.996, 107
Trd, 2590751.046, 101
Trd, 2590751.413, 101
Trd, 2590751.429, 100
Trd, 2590752.496, 108
Trd, 2590752.796, 96
Trd, 2590754.129, 109
Trd, 2590754.279, 108
Trd, 2590755.963, 111
Trd, 2590756.913, 110
Trd, 2590756.996, 101
Trd, 2590757.879, 101
Trd, 2590758.513, 103
Trd, 2590758.896, 100
Trd, 2590760.063, 110
Trd, 2590760.646, 117
Trd, 2590761.429, 109
Trd, 2590761.779, 109
Trd, 2590762.129, 108
Trd, 2590763.563, 107
Trd, 2590764.429, 106
Trd, 2590764.696, 101
Trd, 2590766.529, 102
Trd, 2590766.563, 101
Trd, 2590766.646, 108
Trd, 2590768.013, 106
Trd, 2590768.613, 106
Trd, 2590768.763, 98
Trd, 2590769.229, 98
Trd, 2590771.479, 106
Trd, 2590771.579, 105
Trd, 2590771.796, 107
Trd, 2590772.846, 106
Trd, 2590773.213, 104
Trd, 2590773.763, 95
Trd, 2590774.113, 106
Trd, 2590774.379, 94
Trd, 2590776.913, 99
Trd, 2590777.413, 100
Trd, 2590777.729, 99
Trd, 2590778.163, 109
Trd, 2590778.396, 110
Trd, 2590778.913, 98
Trd, 2590779.379, 98
Trd, 2590779.463, 95
Trd, 2590779.563, 98
Trd, 2590780.029, 99
Trd, 2590780.046, 109
Trd, 2590782.546, 102
Trd, 2590782.613, 114
Trd, 2590782.679, 115
Trd, 2590783.629, 101
Trd, 2590785.279, 101
Trd, 2590786.463, 96
Trd, 2590787.329, 102
Trd, 2590787.629, 95
Trd, 2590787.763, 94
Trd, 2590788.463, 100
Trd, 2590788.513, 91
Trd, 2590789.979, 112
Trd, 2590790.029, 115
Trd, 2590790.146, 82
Trd, 2590791.663, 108
Trd, 2590791.813, 98
Trd, 2590791.979, 95
Trd, 2590793.679, 101
Trd, 2590793.813, 106
Trd, 2590793.929, 100
Trd, 2590794.346, 112
Trd, 2590794.363, 117
Trd, 2590795.963, 106
Trd, 2590797.879, 115
Trd, 2590798.163, 113
Trd, 2590798.413, 112
Trd, 2590798.746, 109
Trd, 2590799.463, 101
Trd, 2590799.913, 94
Trd, 2590801.246, 109
Trd, 2590802.663, 102
Trd, 2590803.296, 101
Trd, 2590803.446, 100
Trd, 2590804.079, 99
Trd, 2590804.746, 99
Trd, 2590805.013, 102
Trd, 2590806.679, 102
Trd, 2590806.946, 98
Trd, 2590807.596, 101
Trd, 2590808.479, 97
Trd, 2590808.863, 120
Trd, 2590809.663, 99
Trd, 2590810.596, 96
Trd, 2590812.013, 93
Trd, 2590813.863, 97
Trd, 2590814.213, 98
Trd, 2590814.329, 95
Trd, 2590815.046, 94
Trd, 2590815.896, 98
Trd, 2590817.363, 96
Trd, 2590817.513, 106
Trd, 2590817.796, 108
Trd, 2590818.346, 98
Trd, 2590819.363, 97
Trd, 2590820.713, 101
Trd, 2590821.213, 104
Trd, 2590821.629, 104
Trd, 2590822.129, 105
Trd, 2590822.613, 108
Trd, 2590824.113, 104
Trd, 2590824.979, 105
Trd, 2590825.379, 107
Trd, 2590825.679, 102
Trd, 2590828.163, 101
Trd, 2590828.229, 108
Trd, 2590828.346, 110
Trd, 2590828.729, 94
Trd, 2590829.163, 93
Trd, 2590829.596, 88
Trd, 2590831.163, 106
Trd, 2590832.979, 104
Trd, 2590833.063, 103
Trd, 2590833.796, 104
Trd, 2590834.713, 104
Trd, 2590835.379, 104
Trd, 2590836.613, 104
Trd, 2590837.213, 105
Trd, 2590837.229, 108
Trd, 2590837.546, 106
Trd, 2590838.063, 107
Trd, 2590838.613, 107
Trd, 2590839.196, 97
Trd, 2590840.713, 117
Trd, 2590841.879, 103
Trd, 2590842.846, 112
Trd, 2590843.513, 103
Trd, 2590844.096, 109
Trd, 2590844.246, 99
Trd, 2590844.596, 101
Trd, 2590845.296, 95
Trd, 2590845.329, 109
Trd, 2590845.846, 110
Trd, 2590846.263, 97
Trd, 2590846.379, 93
Trd, 2590846.913, 91
Trd, 2590847.579, 90
Trd, 2590849.363, 97
Trd, 2590850.196, 100
Trd, 2590851.379, 105
Trd, 2590851.629, 118
Trd, 2590852.063, 122
Trd, 2590852.079, 105
Trd, 2590852.246, 104
Trd, 2590852.413, 102
Trd, 2590854.913, 95
Trd, 2590854.963, 108
Trd, 2590855.546, 94
Trd, 2590856.463, 93
Trd, 2590857.713, 100
Trd, 2590857.946, 102
Trd, 2590858.296, 107
Trd, 2590858.629, 101
Trd, 2590859.463, 104
Trd, 2590859.963, 101
Trd, 2590860.329, 101
Trd, 2590863.213, 110
Trd, 2590863.596, 99
Trd, 2590864.146, 101
Trd, 2590864.246, 108
Trd, 2590864.446, 118
Trd, 2590864.913, 99
Trd, 2590866.696, 110
Trd, 2590867.746, 104
Trd, 2590868.713, 106
Trd, 2590869.596, 108
Trd, 2590869.746, 108
Trd, 2590870.879, 109
Trd, 2590871.296, 102
Trd, 2590871.496, 101
Trd, 2590873.029, 100
Trd, 2590873.079, 107
Trd, 2590873.163, 98
Trd, 2590875.279, 96
Trd, 2590875.296, 106
Trd, 2590876.546, 111
Trd, 2590878.546, 110
Trd, 2590878.729, 98
Trd, 2590878.846, 95
Trd, 2590878.929, 111
Trd, 2590879.546, 91
Trd, 2590881.129, 101
Trd, 2590881.213, 100
Trd, 2590881.546, 103
Trd, 2590881.829, 99
Trd, 2590882.196, 104
Trd, 2590882.479, 101
Trd, 2590883.313, 98
Trd, 2590885.813, 96
Trd, 2590886.996, 102
Trd, 2590887.296, 105
Trd, 2590887.629, 103
Trd, 2590888.746, 104
Trd, 2590889.179, 108
Trd, 2590889.263, 103
Trd, 2590889.563, 109
Trd, 2590889.963, 103
Trd, 2590891.046, 111
Trd, 2590891.146, 104
Trd, 2590891.513, 103
Trd, 2590892.963, 115
Trd, 2590893.946, 122
Trd, 2590894.096, 115
Trd, 2590894.979, 112
Trd, 2590895.029, 120
Trd, 2590895.629, 117
Trd, 2590896.096, 112
Trd, 2590896.713, 123
Trd, 2590897.413, 112
Trd, 2590900.779, 104
Trd, 2590901.379, 104
Trd, 2590902.279, 102
Trd, 2590902.713, 101
Trd, 2590902.779, 98
Trd, 2590902.929, 103
Trd, 2590903.579, 107
Trd, 2590904.246, 108
Trd, 2590904.813, 98
Trd, 2590905.596, 97
Trd, 2590905.679, 94
Trd, 2590906.546, 96
Trd, 2590907.279, 97
Trd, 2590907.496, 96
Trd, 2590908.563, 100
Trd, 2590908.963, 95
Trd, 2590910.979, 94
Trd, 2590911.196, 108
Trd, 2590912.013, 108
Trd, 2590913.163, 91
Trd, 2590913.229, 90
Trd, 2590913.729, 96
Trd, 2590913.863, 110
Trd, 2590914.979, 89
Trd, 2590915.329, 88
Trd, 2590915.379, 116
Trd, 2590917.346, 108
Trd, 2590918.446, 107
Trd, 2590919.113, 107
Trd, 2590919.979, 107
Trd, 2590920.496, 101
Trd, 2590920.963, 105
Trd, 2590921.279, 97
Trd, 2590921.313, 103
Trd, 2590921.446, 109
Trd, 2590922.996, 106
Trd, 2590923.846, 101
Trd, 2590923.863, 100
Trd, 2590924.379, 93
Trd, 2590925.713, 98
Trd, 2590926.246, 97
Trd, 2590926.563, 98
Trd, 2590926.713, 94
Trd, 2590928.146, 114
Trd, 2590928.179, 113
Trd, 2590928.529, 114
Trd, 2590928.596, 113
Trd, 2590929.179, 112
Trd, 2590930.779, 93
Trd, 2590930.929, 100
Trd, 2590931.929, 87
Trd, 2590932.013, 78
Trd, 2590932.096, 100
Trd, 2590935.129, 102
Trd, 2590935.213, 101
Trd, 2590936.479, 94
Trd, 2590937.063, 95
Trd, 2590937.546, 99
Trd, 2590937.679, 101
Trd, 2590937.796, 95
Trd, 2590940.346, 102
Trd, 2590940.379, 101
Trd, 2590941.096, 101
Trd, 2590941.279, 108
Trd, 2590943.196, 113
Trd, 2590943.363, 116
Trd, 2590943.413, 119
Trd, 2590945.846, 117
Trd, 2590946.179, 118
Trd, 2590947.029, 118
Trd, 2590947.946, 113
Trd, 2590948.346, 112
Trd, 2590948.663, 101
Trd, 2590949.013, 97
Trd, 2590949.279, 116
Trd, 2590950.896, 93
Trd, 2590952.079, 98
Trd, 2590952.279, 107
Trd, 2590952.796, 91
Trd, 2590953.146, 91
Trd, 2590953.246, 105
Trd, 2590954.879, 101
Trd, 2590955.813, 106
Trd, 2590956.196, 101
Trd, 2590956.846, 100
Trd, 2590957.329, 94
Trd, 2590957.729, 92
Trd, 2590958.079, 103
Trd, 2590958.546, 108
Trd, 2590959.646, 99
Trd, 2590961.413, 105
Trd, 2590961.846, 106
Trd, 2590963.113, 101
Trd, 2590963.329, 100
Trd, 2590964.446, 104
Trd, 2590965.896, 103
Trd, 2590966.796, 102
Trd, 2590967.129, 102
Trd, 2590967.279, 105
Trd, 2590967.329, 99
Trd, 2590967.779, 97
Trd, 2590967.929, 105
Trd, 2590968.113, 94
Trd, 2590968.146, 94
Trd, 2590968.446, 117
Trd, 2590970.146, 112
Trd, 2590970.963, 111
Trd, 2590971.913, 112
Trd, 2590973.396, 93
Trd, 2590974.113, 94
Trd, 2590975.263, 98
Trd, 2590976.063, 98
Trd, 2590976.196, 97
Trd, 2590976.579, 98
Trd, 2590976.713, 118
Trd, 2590977.346, 118
Trd, 2590977.779, 102
Trd, 2590978.229, 102
Trd, 2590979.263, 105
Trd, 2590981.013, 102
Trd, 2590981.496, 100
Trd, 2590981.713, 107
Trd, 2590981.763, 108
Trd, 2590983.013, 105
Trd, 2590984.929, 106
Trd, 2590986.929, 110
Trd, 2590987.613, 109
Trd, 2590988.113, 113
Trd, 2590988.246, 100
Trd, 2590988.413, 116
Trd, 2590988.513, 99
Trd, 2590988.529, 116
Trd, 2590989.796, 109
Trd, 2590991.463, 107
Trd, 2590992.329, 107
Trd, 2590992.596, 102
Trd, 2590993.596, 103
Trd, 2590994.046, 103
Trd, 2590994.363, 103
Trd, 2590994.496, 101
Trd, 2590995.296, 101
Trd, 2590995.329, 95
Trd, 2590997.179, 92
Trd, 2590997.963, 100
Trd, 2590999.929, 103
Trd, 2591000.179, 99
Trd, 2591000.429, 99
Trd, 2591000.446, 108
Trd, 2591002.429, 107
Trd, 2591002.813, 111
Trd, 2591003.979, 109
Trd, 2591004.896, 109
Trd, 2591005.363, 107
Trd, 2591006.263, 107
Trd, 2591007.446, 105
Trd, 2591007.729, 104
Trd, 2591008.929, 105
Trd, 2591009.846, 105
Trd, 2591009.929, 108
Trd, 2591009.979, 115
Trd, 2591010.046, 103
Trd, 2591011.046, 106
Trd, 2591011.146, 105
Trd, 2591011.196, 101
Trd, 2591011.329, 100
Trd, 2591012.629, 111
Trd, 2591013.929, 115
Trd, 2591014.796, 100
Trd, 2591015.063, 102
Trd, 2591015.263, 100
Trd, 2591015.479, 98
Trd, 2591015.996, 104
Trd, 2591016.363, 97
Trd, 2591019.579, 100
Trd, 2591019.929, 98
Trd, 2591020.263, 104
Trd, 2591020.596, 98
Trd, 2591020.913, 97
Trd, 2591021.329, 94
Trd, 2591021.796, 105
Trd, 2591024.379, 106
Trd, 2591024.463, 104
Trd, 2591024.879, 101
Trd, 2591025.779, 106
Trd, 2591025.996, 97
Trd, 2591026.196, 111
Trd, 2591027.913, 106
Trd, 2591028.413, 104
Trd, 2591029.913, 107
Trd, 2591029.946, 108
Trd, 2591030.629, 107
Trd, 2591030.846, 118
Trd, 2591031.179, 107
Trd, 2591031.963, 106
Trd, 2591032.129, 103
Trd, 2591032.163, 100
Trd, 2591032.746, 106
Trd, 2591033.379, 113
Trd, 2591033.729, 100
Trd, 2591035.429, 102
Trd, 2591036.579, 99
Trd, 2591036.896, 98
Trd, 2591037.163, 97
Trd, 2591037.246, 93
Trd, 2591038.196, 96
Trd, 2591038.446, 101
Trd, 2591038.763, 104
Trd, 2591038.929, 105
Trd, 2591039.013, 108
Trd, 2591041.246, 97
Trd, 2591041.746, 90
Trd, 2591042.113, 81
Trd, 2591044.196, 89
Trd, 2591046.679, 104
Trd, 2591047.096, 108
Trd, 2591047.596, 98
Trd, 2591048.329, 104
Trd, 2591049.229, 106
Trd, 2591049.846, 109
Trd, 2591050.096, 109
Trd, 2591050.629, 108
Trd, 2591050.929, 107
Trd, 2591051.013, 105
Trd, 2591051.213, 111
Trd, 2591051.479, 102
Trd, 2591052.863, 103
Trd, 2591053.346, 111
Trd, 2591054.146, 101
Trd, 2591054.346, 95
Trd, 2591054.429, 94
Trd, 2591054.713, 94
Trd, 2591057.996, 110
Trd, 2591058.063, 109
Trd, 2591058.113, 108
Trd, 2591059.029, 113
Trd, 2591059.196, 114
Trd, 2591059.713, 124
Trd, 2591060.279, 130
Trd, 2591060.646, 115
Trd, 2591061.013, 114
Trd, 2591063.329, 114
Trd, 2591064.029, 116
Trd, 2591064.646, 122
Trd, 2591066.346, 122
Trd, 2591067.079, 128
Trd, 2591067.696, 118
Trd, 2591067.979, 115
Trd, 2591068.729, 112
Trd, 2591069.396, 114
Trd, 2591070.863, 102
Trd, 2591071.763, 105
Trd, 2591071.979, 101
Trd, 2591072.246, 101
Trd, 2591073.196, 100
Trd, 2591073.863, 99
Trd, 2591073.879, 98
Trd, 2591075.946, 112
Trd, 2591076.896, 94
Trd, 2591077.079, 112
Trd, 2591078.029, 96
Trd, 2591078.163, 90
Trd, 2591078.179, 89
Trd, 2591078.679, 102
Trd, 2591079.063, 101
Trd, 2591079.346, 101
Trd, 2591079.796, 108
Trd, 2591080.046, 88
Trd, 2591081.696, 94
Trd, 2591081.946, 92
Trd, 2591083.279, 101
Trd, 2591083.563, 97
Trd, 2591084.413, 117
Trd, 2591085.029, 118
Trd, 2591085.229, 106
Trd, 2591086.163, 105
Trd, 2591086.279, 104
Trd, 2591087.213, 119
Trd, 2591087.696, 106
Trd, 2591088.046, 104
Trd, 2591090.146, 111
Trd, 2591090.863, 112
Trd, 2591091.913, 103
Trd, 2591091.929, 102
Trd, 2591092.663, 102
Trd, 2591092.713, 105
Trd, 2591093.679, 108
Trd, 2591095.263, 107
Trd, 2591095.446, 108
Trd, 2591096.229, 107
Trd, 2591096.346, 100
Trd, 2591096.713, 99
Trd, 2591097.129, 94
Trd, 2591097.546, 91
Trd, 2591098.046, 122
Trd, 2591099.563, 92
Trd, 2591100.446, 98
Trd, 2591100.663, 110
Trd, 2591102.046, 86
Trd, 2591102.279, 101
Trd, 2591103.196, 102
Trd, 2591103.796, 103
Trd, 2591104.263, 108
Trd, 2591107.296, 110
Trd, 2591107.679, 110
Trd, 2591108.413, 95
Trd, 2591108.879, 99
Trd, 2591109.729, 102
Trd, 2591110.479, 103
Trd, 2591111.229, 102
Trd, 2591111.263, 105
Trd, 2591112.379, 101
Trd, 2591112.546, 97
Trd, 2591113.329, 114
Trd, 2591113.696, 113
Trd, 2591113.829, 113
Trd, 2591113.946, 114
Trd, 2591113.963, 114
Trd, 2591115.579, 112
Trd, 2591116.513, 112
Trd, 2591116.729, 101
Trd, 2591116.796, 100
Trd, 2591118.763, 101
Trd, 2591118.829, 101
Trd, 2591119.863, 99
Trd, 2591120.346, 107
Trd, 2591121.029, 98
Trd, 2591123.029, 91
Trd, 2591123.496, 94
Trd, 2591123.796, 104
Trd, 2591124.146, 105
Trd, 2591124.779, 84
Trd, 2591126.246, 100
Trd, 2591126.863, 108
Trd, 2591127.463, 108
Trd, 2591128.296, 89
Trd, 2591129.646, 103
Trd, 2591130.063, 100
Trd, 2591130.879, 102
Trd, 2591131.279, 103
Trd, 2591131.679, 102
Trd, 2591132.379, 104
Trd, 2591133.463, 103
Trd, 2591133.863, 102
Trd, 2591133.896, 108
Trd, 2591134.063, 118
Trd, 2591135.146, 105
Trd, 2591135.963, 114
Trd, 2591136.179, 113
Trd, 2591136.346, 112
Trd, 2591137.946, 109
Trd, 2591139.329, 101
Trd, 2591139.413, 100
Trd, 2591139.746, 96
Trd, 2591140.413, 94
Trd, 2591142.346, 100
Trd, 2591142.729, 96
Trd, 2591143.763, 105
Trd, 2591145.146, 101
Trd, 2591145.246, 108
Trd, 2591145.796, 121
Trd, 2591145.813, 116
Trd, 2591146.046, 115
Trd, 2591146.829, 115
Trd, 2591147.079, 112
Trd, 2591147.196, 101
Trd, 2591147.479, 100
Trd, 2591148.746, 95
Trd, 2591150.796, 104
Trd, 2591151.296, 100
Trd, 2591151.696, 99
Trd, 2591152.713, 99
Trd, 2591152.863, 101
Trd, 2591153.179, 115
Trd, 2591154.146, 105
Trd, 2591154.396, 120
Trd, 2591154.696, 101
Trd, 2591155.813, 111
Trd, 2591156.313, 99
Trd, 2591156.413, 98
Trd, 2591156.763, 99
Trd, 2591157.763, 101
Trd, 2591158.246, 99
Trd, 2591158.663, 104
Trd, 2591158.963, 98
Trd, 2591159.996, 95
Trd, 2591161.363, 101
Trd, 2591162.013, 98
Trd, 2591162.796, 100
Trd, 2591162.913, 101
Trd, 2591163.363, 100
Trd, 2591163.563, 101
Trd, 2591164.129, 101
Trd, 2591164.746, 96
Trd, 2591165.996, 101
Trd, 2591166.463, 106
Trd, 2591168.363, 102
Trd, 2591168.696, 105
Trd, 2591169.313, 106
Trd, 2591170.613, 106
Trd, 2591172.796, 98
Trd, 2591173.129, 102
Trd, 2591173.396, 95
Trd, 2591174.129, 95
Trd, 2591174.363, 103
Trd, 2591175.529, 104
Trd, 2591175.813, 98
Trd, 2591177.179, 101
Trd, 2591177.446, 108
Trd, 2591177.529, 107
Trd, 2591178.813, 96
Trd, 2591179.346, 99
Trd, 2591179.963, 97
Trd, 2591180.363, 96
Trd, 2591180.713, 108
Trd, 2591181.896, 106
Trd, 2591182.463, 105
Trd, 2591183.013, 100
Trd, 2591183.213, 99
Trd, 2591185.363, 100
Trd, 2591185.479, 97
Trd, 2591186.729, 101
Trd, 2591187.946, 97
Trd, 2591188.629, 95
Trd, 2591190.013, 94
Trd, 2591190.546, 94
Trd, 2591191.029, 95
Trd, 2591192.079, 100
Trd, 2591192.563, 102
Trd, 2591192.779, 103
Trd, 2591194.029, 100
Trd, 2591194.329, 100
Trd, 2591194.646, 117
Trd, 2591195.479, 117
Trd, 2591195.529, 100
Trd, 2591195.829, 97
Trd, 2591197.013, 97
Trd, 2591197.363, 97
Trd, 2591198.596, 106
Trd, 2591199.446, 106
Trd, 2591199.696, 105
Trd, 2591200.579, 112
Trd, 2591200.746, 113
Trd, 2591201.896, 94
Trd, 2591203.379, 99
Trd, 2591204.429, 100
Trd, 2591205.113, 99
Trd, 2591205.479, 95
Trd, 2591205.779, 102
Trd, 2591206.313, 101
Trd, 2591207.046, 117
Trd, 2591207.696, 122
Trd, 2591208.013, 99
Trd, 2591209.496, 97
Trd, 2591209.846, 103
Trd, 2591209.863, 104
Trd, 2591211.496, 103
Trd, 2591211.929, 99
Trd, 2591213.196, 106
Trd, 2591214.063, 105
Trd, 2591215.063, 101
Trd, 2591215.413, 98
Trd, 2591215.513, 95
Trd, 2591215.846, 108
Trd, 2591216.063, 98
Trd, 2591218.113, 103
Trd, 2591218.729, 101
Trd, 2591219.963, 103
Trd, 2591220.546, 104
Trd, 2591220.796, 103
Trd, 2591221.996, 97
Trd, 2591223.213, 94
Trd, 2591224.079, 92
Trd, 2591224.213, 99
Trd, 2591224.629, 91
Trd, 2591225.029, 98
Trd, 2591226.946, 96
Trd, 2591226.979, 97
Trd, 2591227.146, 99
Trd, 2591227.529, 102
Trd, 2591227.696, 90
Trd, 2591228.313, 93
Trd, 2591228.413, 88
Trd, 2591228.879, 87
Trd, 2591228.896, 101
Trd, 2591232.813, 108
Trd, 2591232.829, 110
Trd, 2591233.329, 105
Trd, 2591233.779, 104
Trd, 2591235.113, 104
Trd, 2591235.829, 103
Trd, 2591236.513, 92
Trd, 2591237.363, 101
Trd, 2591237.729, 92
Trd, 2591238.146, 108
Trd, 2591238.229, 108
Trd, 2591239.129, 91
Trd, 2591239.446, 80
Trd, 2591240.129, 94
Trd, 2591240.846, 95
Trd, 2591241.713, 96
Trd, 2591243.046, 101
Trd, 2591243.413, 103
Trd, 2591244.063, 104
Trd, 2591244.279, 110
Trd, 2591244.996, 105
Trd, 2591245.963, 107
Trd, 2591246.163, 116
Trd, 2591246.879, 109
Trd, 2591246.979, 107
Trd, 2591248.063, 102
Trd, 2591249.146, 101
Trd, 2591249.229, 101
Trd, 2591249.529, 104
Trd, 2591249.996, 96
Trd, 2591250.913, 102
Trd, 2591251.646, 105
Trd, 2591252.246, 95
Trd, 2591252.263, 92
Trd, 2591252.546, 91
Trd, 2591254.263, 87
Trd, 2591256.596, 94
Trd, 2591258.579, 101
Trd, 2591258.696, 102
Trd, 2591258.746, 101
Trd, 2591258.846, 105
Trd, 2591258.979, 100
Trd, 2591259.679, 102
Trd, 2591259.696, 115
Trd, 2591259.929, 116
Trd, 2591261.313, 107
Trd, 2591261.479, 101
Trd, 2591262.579, 103
Trd, 2591263.613, 102
Trd, 2591265.563, 99
Trd, 2591265.896, 99
Trd, 2591266.563, 98
Trd, 2591266.579, 108
Trd, 2591266.879, 115
Trd, 2591267.096, 107
Trd, 2591267.979, 93
Trd, 2591268.946, 91
Trd, 2591269.696, 117
Trd, 2591270.013, 113
Trd, 2591270.029, 118
Trd, 2591270.596, 112
Trd, 2591271.046, 101
Trd, 2591271.496, 97
Trd, 2591273.379, 104
Trd, 2591273.813, 108
Trd, 2591274.096, 101
Trd, 2591275.029, 97
Trd, 2591275.263, 96
Trd, 2591275.513, 119
Trd, 2591275.713, 101
Trd, 2591276.479, 116
Trd, 2591277.379, 102
Trd, 2591277.963, 102
Trd, 2591278.096, 108
Trd, 2591279.763, 101
Trd, 2591280.163, 100
Trd, 2591281.763, 100
Trd, 2591282.146, 93
Trd, 2591282.363, 93
Trd, 2591282.563, 102
Trd, 2591284.713, 101
Trd, 2591284.746, 94
Trd, 2591285.563, 92
Trd, 2591286.196, 103
Trd, 2591287.013, 93
Trd, 2591287.446, 105
Trd, 2591287.813, 108
Trd, 2591288.329, 100
Trd, 2591291.379, 105
Trd, 2591291.846, 106
Trd, 2591292.329, 106
Trd, 2591292.463, 105
Trd, 2591292.479, 119
Trd, 2591292.629, 96
Trd, 2591294.379, 101
Trd, 2591294.763, 99
Trd, 2591294.913, 102
Trd, 2591297.279, 100
Trd, 2591297.613, 98
Trd, 2591297.879, 95
Trd, 2591297.946, 101
Trd, 2591298.779, 95
Trd, 2591298.829, 108
Trd, 2591299.913, 105
Trd, 2591301.029, 96
Trd, 2591302.779, 107
Trd, 2591302.979, 110
Trd, 2591303.013, 111
Trd, 2591303.546, 111
Trd, 2591304.279, 101
Trd, 2591305.596, 113
Trd, 2591306.263, 96
Trd, 2591307.246, 94
Trd, 2591307.496, 93
Trd, 2591308.613, 97
Trd, 2591309.479, 101
Trd, 2591309.896, 101
Trd, 2591310.763, 100
Trd, 2591311.846, 100
Trd, 2591312.679, 100
Trd, 2591312.729, 99
Trd, 2591313.596, 108
Trd, 2591313.913, 115
Trd, 2591314.429, 119
Trd, 2591314.646, 119
Trd, 2591314.663, 108
Trd, 2591315.196, 101
Trd, 2591315.463, 99
Trd, 2591316.413, 94
Trd, 2591316.713, 116
Trd, 2591317.296, 90
Trd, 2591318.646, 87
Trd, 2591319.779, 94
Trd, 2591320.196, 100
Trd, 2591320.529, 101
Trd, 2591322.413, 108
Trd, 2591322.813, 108
Trd, 2591323.196, 108
Trd, 2591324.146, 112
Trd, 2591324.979, 111
Trd, 2591325.463, 109
Trd, 2591327.346, 96
Trd, 2591327.679, 91
Trd, 2591328.029, 92
Trd, 2591328.863, 95
Trd, 2591330.429, 98
Trd, 2591330.846, 98
Trd, 2591331.413, 103
Trd, 2591331.546, 104
Trd, 2591331.813, 106
Trd, 2591332.629, 108
Trd, 2591334.363, 119
Trd, 2591334.879, 115
Trd, 2591335.213, 116
Trd, 2591335.746, 117
Trd, 2591336.179, 116
Trd, 2591337.029, 115
Trd, 2591337.913, 112
Trd, 2591338.063, 110
Trd, 2591338.796, 100
Trd, 2591339.263, 129
Trd, 2591340.679, 102
Trd, 2591341.429, 106
Trd, 2591341.696, 106
Trd, 2591342.279, 104
Trd, 2591342.329, 115
Trd, 2591343.196, 105
Trd, 2591344.896, 108
Trd, 2591345.163, 108
Trd, 2591346.479, 105
Trd, 2591346.846, 101
Trd, 2591348.063, 96
Trd, 2591348.213, 97
Trd, 2591349.746, 103
Trd, 2591350.263, 103
Trd, 2591350.763, 103
Trd, 2591350.879, 108
Trd, 2591351.563, 106
Trd, 2591351.679, 118
Trd, 2591352.063, 102
Trd, 2591352.663, 102
Trd, 2591354.263, 100
Trd, 2591354.846, 101
Trd, 2591355.063, 97
Trd, 2591355.613, 95
Trd, 2591355.763, 105
Trd, 2591356.196, 95
Trd, 2591357.779, 94
Trd, 2591358.913, 97
Trd, 2591359.046, 103
Trd, 2591359.513, 103
Trd, 2591360.096, 103
Trd, 2591360.863, 103
Trd, 2591361.846, 108
Trd, 2591362.029, 101
Trd, 2591362.646, 123
Trd, 2591362.746, 100
Trd, 2591364.313, 108
Trd, 2591364.746, 101
Trd, 2591365.163, 93
Trd, 2591366.329, 98
Trd, 2591367.613, 105
Trd, 2591367.946, 98
Trd, 2591370.363, 103
Trd, 2591370.379, 98
Trd, 2591371.529, 99
Trd, 2591372.463, 100
Trd, 2591373.263, 101
Trd, 2591374.646, 101
Trd, 2591375.513, 101
Trd, 2591375.579, 106
Trd, 2591376.379, 107
Trd, 2591376.813, 104
Trd, 2591377.079, 103
Trd, 2591377.163, 100
Trd, 2591377.296, 108
Trd, 2591377.863, 115
Trd, 2591378.879, 113
Trd, 2591379.113, 112
Trd, 2591379.496, 103
Trd, 2591380.063, 103
Trd, 2591380.896, 96
Trd, 2591381.213, 108
Trd, 2591383.679, 99
Trd, 2591384.613, 104
Trd, 2591384.913, 105
Trd, 2591384.963, 105
Trd, 2591385.213, 109
Trd, 2591385.613, 98
Trd, 2591386.696, 109
Trd, 2591387.446, 93
Trd, 2591387.579, 103
Trd, 2591388.296, 97
Trd, 2591388.679, 101
Trd, 2591389.096, 93
Trd, 2591390.379, 91
Trd, 2591390.513, 122
Trd, 2591391.113, 81
Trd, 2591392.079, 118
Trd, 2591392.546, 117
Trd, 2591393.496, 116
Trd, 2591393.996, 118
Trd, 2591394.013, 117
Trd, 2591394.646, 115
Trd, 2591394.996, 120
Trd, 2591396.163, 95
Trd, 2591397.113, 95
Trd, 2591399.613, 96
Trd, 2591400.979, 101
Trd, 2591401.346, 101
Trd, 2591401.646, 99
Trd, 2591402.013, 101
Trd, 2591402.246, 99
Trd, 2591402.813, 100
Trd, 2591403.663, 99
Trd, 2591405.163, 99
Trd, 2591405.529, 102
Trd, 2591405.846, 99
Trd, 2591406.463, 98
Trd, 2591407.746, 103
Trd, 2591407.863, 101
Trd, 2591408.596, 100
Trd, 2591408.613, 113
Trd, 2591410.196, 106
Trd, 2591410.229, 108
Trd, 2591410.863, 94
Trd, 2591411.463, 99
Trd, 2591412.029, 91
Trd, 2591414.013, 88
Trd, 2591414.879, 106
Trd, 2591415.729, 113
Trd, 2591416.713, 96
Trd, 2591417.446, 97
Trd, 2591418.229, 97
Trd, 2591418.279, 94
Trd, 2591418.713, 99
Trd, 2591419.046, 100
Trd, 2591419.396, 97
Trd, 2591419.529, 92
Trd, 2591420.546, 108
Trd, 2591421.563, 96
Trd, 2591422.429, 92
Trd, 2591424.913, 98
Trd, 2591425.213, 103
Trd, 2591425.929, 103
Trd, 2591426.446, 99
Trd, 2591428.196, 108
Trd, 2591428.713, 100
Trd, 2591429.263, 101
Trd, 2591430.096, 104
Trd, 2591430.296, 104
Trd, 2591430.713, 112
Trd, 2591431.713, 113
Trd, 2591432.696, 111
Trd, 2591432.713, 110
Trd, 2591435.096, 112
Trd, 2591435.679, 106
Trd, 2591436.013, 103
Trd, 2591436.196, 103
Trd, 2591439.579, 118
Trd, 2591440.296, 107
Trd, 2591440.829, 108
Trd, 2591441.029, 107
Trd, 2591441.479, 105
Trd, 2591441.913, 107
Trd, 2591442.329, 108
Trd, 2591442.396, 101
Trd, 2591443.129, 98
Trd, 2591443.579, 96
Trd, 2591444.263, 98
Trd, 2591445.346, 94
Trd, 2591446.013, 101
Trd, 2591446.246, 101
Trd, 2591446.496, 110
Trd, 2591447.396, 118
Trd, 2591448.779, 110
Trd, 2591449.246, 109
Trd, 2591450.546, 112
Trd, 2591450.813, 102
Trd, 2591450.863, 99
Trd, 2591452.179, 99
Trd, 2591453.479, 101
Trd, 2591453.563, 111
Trd, 2591454.329, 96
Trd, 2591454.663, 113
Trd, 2591456.279, 117
Trd, 2591456.546, 116
Trd, 2591456.846, 116
Trd, 2591456.896, 115
Trd, 2591457.313, 118
Trd, 2591457.846, 103
Trd, 2591458.379, 101
Trd, 2591459.063, 97
Trd, 2591460.029, 104
Trd, 2591460.129, 95
Trd, 2591460.463, 104
Trd, 2591461.096, 94
Trd, 2591461.163, 96
Trd, 2591463.296, 100
Trd, 2591464.663, 95
Trd, 2591465.796, 98
Trd, 2591466.146, 103
Trd, 2591466.546, 106
Trd, 2591467.479, 108
Trd, 2591469.246, 107
Trd, 2591469.513, 106
Trd, 2591470.113, 96
Trd, 2591470.579, 96
Trd, 2591471.213, 113
Trd, 2591471.263, 97
Trd, 2591471.746, 97
Trd, 2591472.163, 94
Trd, 2591472.513, 92
Trd, 2591472.729, 90
Trd, 2591475.229, 105
Trd, 2591475.296, 104
Trd, 2591476.096, 103
Trd, 2591476.179, 91
Trd, 2591476.613, 105
Trd, 2591477.646, 99
Trd, 2591477.929, 101
Trd, 2591478.829, 99
Trd, 2591479.296, 106
Trd, 2591482.096, 102
Trd, 2591482.313, 102
Trd, 2591483.479, 107
Trd, 2591484.363, 107
Trd, 2591485.329, 107
Trd, 2591485.913, 116
Trd, 2591486.596, 104
Trd, 2591486.763, 103
Trd, 2591487.213, 101
Trd, 2591487.329, 98
Trd, 2591487.946, 114
Trd, 2591488.579, 95
Trd, 2591490.263, 101
Trd, 2591491.513, 107
Trd, 2591491.646, 115
Trd, 2591492.013, 106
Trd, 2591492.679, 105
Trd, 2591492.713, 118
Trd, 2591493.763, 109
Trd, 2591493.863, 108
Trd, 2591493.996, 105
Trd, 2591494.729, 116
Trd, 2591496.979, 103
Trd, 2591497.013, 103
Trd, 2591497.046, 101
Trd, 2591497.213, 108
Trd, 2591497.779, 121
Trd, 2591498.146, 100
Trd, 2591499.629, 98
Trd, 2591499.963, 97
Trd, 2591499.979, 94
Trd, 2591500.629, 91
Trd, 2591501.063, 81
Trd, 2591502.296, 101
Trd, 2591503.446, 114
Trd, 2591504.013, 114
Trd, 2591504.579, 109
Trd, 2591505.213, 105
Trd, 2591505.413, 104
Trd, 2591505.896, 104
Trd, 2591507.413, 117
Trd, 2591507.829, 107
Trd, 2591508.063, 108
Trd, 2591508.729, 111
Trd, 2591508.913, 115
Trd, 2591509.046, 108
Trd, 2591509.196, 101
Trd, 2591509.513, 100
Trd, 2591509.796, 103
Trd, 2591510.946, 112
Trd, 2591511.829, 116
Trd, 2591512.346, 100
Trd, 2591512.979, 112
Trd, 2591514.129, 129
Trd, 2591514.329, 122
Trd, 2591516.463, 101
Trd, 2591518.813, 102
Trd, 2591519.246, 101
Trd, 2591520.229, 97
Trd, 2591520.296, 92
Trd, 2591521.213, 103
Trd, 2591521.263, 101
Trd, 2591521.313, 98
Trd, 2591522.546, 108
Trd, 2591523.213, 100
Trd, 2591524.163, 99
Trd, 2591524.363, 103
Trd, 2591525.179, 97
Trd, 2591525.263, 95
Trd, 2591526.263, 112
Trd, 2591528.313, 103
Trd, 2591528.779, 100
Trd, 2591529.196, 100
Trd, 2591529.579, 94
Trd, 2591530.396, 103
Trd, 2591531.013, 103
Trd, 2591531.329, 96
Trd, 2591531.863, 93
Trd, 2591532.629, 105
Trd, 2591533.513, 100
Trd, 2591534.529, 102
Trd, 2591534.896, 101
Trd, 2591535.363, 102
Trd, 2591535.796, 106
Trd, 2591536.529, 104
Trd, 2591537.279, 106
Trd, 2591537.296, 105
Trd, 2591537.396, 108
Trd, 2591538.346, 113
Trd, 2591538.963, 111
Trd, 2591541.746, 97
Trd, 2591542.346, 101
Trd, 2591542.396, 106
Trd, 2591543.996, 101
Trd, 2591544.163, 100
Trd, 2591545.079, 94
Trd, 2591545.296, 91
Trd, 2591545.496, 88
Trd, 2591546.146, 95
Trd, 2591546.263, 102
Trd, 2591550.029, 102
Trd, 2591550.396, 101
Trd, 2591550.696, 102
Trd, 2591550.713, 103
Trd, 2591551.263, 100
Trd, 2591552.663, 104
Trd, 2591552.779, 104
Trd, 2591553.363, 103
Trd, 2591553.446, 111
Trd, 2591554.029, 102
Trd, 2591554.646, 119
Trd, 2591554.679, 122
Trd, 2591554.946, 107
Trd, 2591555.079, 106
Trd, 2591557.079, 104
Trd, 2591557.229, 103
Trd, 2591557.513, 101
Trd, 2591561.513, 99
Trd, 2591561.646, 99
Trd, 2591561.679, 100
Trd, 2591561.863, 98
Trd, 2591562.129, 99
Trd, 2591562.313, 100
Trd, 2591563.396, 101
Trd, 2591565.229, 100
Trd, 2591566.046, 97
Trd, 2591566.113, 98
Trd, 2591566.646, 99
Trd, 2591567.296, 108
Trd, 2591567.546, 116
Trd, 2591567.696, 96
Trd, 2591567.846, 95
Trd, 2591568.296, 116
Trd, 2591569.179, 97
Trd, 2591569.413, 104
Trd, 2591571.446, 107
Trd, 2591573.229, 113
Trd, 2591573.546, 113
Trd, 2591573.696, 113
Trd, 2591573.896, 112
Trd, 2591575.246, 112
Trd, 2591576.663, 104
Trd, 2591576.746, 103
Trd, 2591577.429, 96
Trd, 2591577.513, 116
Trd, 2591578.213, 96
Trd, 2591579.829, 111
Trd, 2591580.296, 100
Trd, 2591580.563, 121
Trd, 2591581.279, 102
Trd, 2591581.563, 101
Trd, 2591582.996, 101
Trd, 2591583.879, 105
Trd, 2591585.396, 105
Trd, 2591585.779, 104
Trd, 2591586.113, 101
Trd, 2591586.413, 93
Trd, 2591586.546, 108
Trd, 2591587.196, 112
Trd, 2591587.479, 89
Trd, 2591589.896, 88
Trd, 2591590.446, 87
Trd, 2591590.813, 92
Trd, 2591591.196, 98
Trd, 2591591.413, 101
Trd, 2591594.413, 106
Trd, 2591594.663, 106
Trd, 2591594.796, 106
Trd, 2591594.913, 106
Trd, 2591595.179, 108
Trd, 2591596.463, 117
Trd, 2591596.546, 108
Trd, 2591597.313, 109
Trd, 2591598.396, 108
Trd, 2591599.163, 108
Trd, 2591599.579, 111
Trd, 2591599.879, 104
Trd, 2591601.563, 103
Trd, 2591601.613, 113
Trd, 2591601.913, 101
Trd, 2591602.613, 95
Trd, 2591603.896, 98
Trd, 2591604.896, 93
Trd, 2591605.413, 90
Trd, 2591606.396, 92
Trd, 2591606.446, 109
Trd, 2591607.113, 91
Trd, 2591607.596, 109
Trd, 2591608.079, 91
Trd, 2591609.813, 109
Trd, 2591609.929, 106
Trd, 2591610.896, 114
Trd, 2591611.546, 115
Trd, 2591611.846, 121
Trd, 2591612.229, 118
Trd, 2591612.829, 117
Trd, 2591615.163, 107
Trd, 2591615.863, 100
Trd, 2591616.829, 98
Trd, 2591617.296, 101
Trd, 2591617.929, 100
Trd, 2591617.979, 84
Trd, 2591618.129, 108
Trd, 2591618.246, 83
Trd, 2591618.813, 97
Trd, 2591619.879, 100
Trd, 2591620.246, 94
Trd, 2591621.029, 100
Trd, 2591621.196, 104
Trd, 2591622.346, 102
Trd, 2591622.996, 105
Trd, 2591623.346, 105
Trd, 2591623.563, 103
Trd, 2591624.646, 96
Trd, 2591627.696, 91
Trd, 2591627.729, 102
Trd, 2591627.763, 103
Trd, 2591628.696, 108
Trd, 2591628.896, 106
Trd, 2591629.296, 115
Trd, 2591629.896, 108
Trd, 2591630.063, 94
Trd, 2591632.246, 93
Trd, 2591632.513, 94
Trd, 2591633.079, 95
Trd, 2591633.863, 102
Trd, 2591635.196, 106
Trd, 2591635.663, 103
Trd, 2591636.746, 106
Trd, 2591637.396, 102
Trd, 2591637.929, 100
Trd, 2591638.546, 101
Trd, 2591639.363, 108
Trd, 2591640.096, 104
Trd, 2591640.496, 103
Trd, 2591640.796, 101
Trd, 2591641.596, 100
Trd, 2591642.546, 106
Trd, 2591642.896, 108
Trd, 2591644.679, 99
Trd, 2591644.913, 106
Trd, 2591646.013, 102
Trd, 2591646.529, 107
Trd, 2591646.679, 108
Trd, 2591646.796, 119
Trd, 2591647.446, 103
Trd, 2591649.279, 102
Trd, 2591649.579, 101
Trd, 2591649.779, 97
Trd, 2591650.646, 97
Trd, 2591651.546, 96
Trd, 2591652.429, 97
Trd, 2591652.863, 110
Trd, 2591653.313, 93
Trd, 2591654.229, 92
Trd, 2591656.079, 93
Trd, 2591656.429, 93
Trd, 2591656.579, 99
Trd, 2591657.146, 91
Trd, 2591657.829, 106
Trd, 2591658.029, 95
Trd, 2591658.729, 108
Trd, 2591658.779, 97
Trd, 2591659.429, 98
Trd, 2591659.546, 97
Trd, 2591659.813, 110
Trd, 2591661.879, 100
Trd, 2591661.979, 94
Trd, 2591662.013, 94
Trd, 2591662.263, 102
Trd, 2591664.846, 106
Trd, 2591664.896, 113
Trd, 2591666.346, 113
Trd, 2591666.629, 112
Trd, 2591666.729, 98
Trd, 2591668.979, 118
Trd, 2591669.379, 108
Trd, 2591669.579, 107
Trd, 2591670.596, 108
Trd, 2591670.746, 107
Trd, 2591670.829, 106
Trd, 2591671.779, 107
Trd, 2591672.763, 111
Trd, 2591673.546, 104
Trd, 2591674.663, 106
Trd, 2591675.579, 101
Trd, 2591676.079, 100
Trd, 2591677.413, 106
Trd, 2591677.513, 107
Trd, 2591678.479, 106
Trd, 2591679.063, 106
Trd, 2591680.379, 106
Trd, 2591681.029, 105
Trd, 2591681.096, 108
Trd, 2591681.696, 104
Trd, 2591682.013, 111
Trd, 2591682.446, 101
Trd, 2591683.446, 101
Trd, 2591683.513, 100
Trd, 2591683.546, 99
Trd, 2591683.679, 95
Trd, 2591683.929, 94
Trd, 2591685.163, 98
Trd, 2591686.446, 107
Trd, 2591687.579, 92
Trd, 2591688.763, 94
Trd, 2591690.779, 102
Trd, 2591691.796, 107
Trd, 2591691.846, 106
Trd, 2591691.963, 107
Trd, 2591692.313, 108
Trd, 2591692.596, 109
Trd, 2591693.429, 116
Trd, 2591693.913, 112
Trd, 2591694.063, 100
Trd, 2591694.646, 97
Trd, 2591695.096, 93
Trd, 2591696.563, 97
Trd, 2591696.913, 102
Trd, 2591697.163, 108
Trd, 2591697.363, 94
Trd, 2591697.963, 94
Trd, 2591698.079, 93
Trd, 2591698.146, 110
Trd, 2591699.146, 95
Trd, 2591699.846, 95
Trd, 2591699.946, 104
Trd, 2591699.979, 111
Trd, 2591700.379, 117
Trd, 2591702.413, 102
Trd, 2591703.029, 101
Trd, 2591703.446, 107
Trd, 2591703.929, 106
Trd, 2591704.596, 121
Trd, 2591706.379, 106
Trd, 2591706.746, 105
Trd, 2591707.413, 106
Trd, 2591708.413, 105
Trd, 2591709.196, 105
Trd, 2591709.479, 106
Trd, 2591710.179, 101
Trd, 2591712.346, 115
Trd, 2591712.463, 102
Trd, 2591712.496, 107
Trd, 2591713.396, 102
Trd, 2591714.846, 105
Trd, 2591715.163, 106
Trd, 2591717.763, 103
Trd, 2591718.413, 102
Trd, 2591718.679, 101
Trd, 2591719.529, 95
Trd, 2591719.796, 93
Trd, 2591720.496, 94
Trd, 2591721.046, 103
Trd, 2591722.229, 99
Trd, 2591722.346, 101
Trd, 2591723.363, 105
Trd, 2591724.196, 108
Trd, 2591724.963, 108
Trd, 2591725.029, 104
Trd, 2591725.796, 100
Trd, 2591727.663, 97
Trd, 2591728.163, 100
Trd, 2591728.613, 95
Trd, 2591728.679, 93
Trd, 2591729.546, 107
Trd, 2591730.313, 113
Trd, 2591730.529, 108
Trd, 2591730.929, 101
Trd, 2591732.079, 99
Trd, 2591733.913, 106
Trd, 2591734.563, 105
Trd, 2591734.729, 108
Trd, 2591735.629, 105
Trd, 2591736.179, 105
Trd, 2591736.579, 104
Trd, 2591738.413, 97
Trd, 2591738.979, 108
Trd, 2591739.079, 95
Trd, 2591739.763, 101
Trd, 2591741.363, 102
Trd, 2591741.529, 101
Trd, 2591742.913, 99
Trd, 2591743.396, 98
Trd, 2591743.579, 99
Trd, 2591744.013, 104
Trd, 2591744.179, 108
Trd, 2591744.263, 99
Trd, 2591745.113, 98
Trd, 2591745.479, 93
Trd, 2591747.979, 96
Trd, 2591749.096, 94
Trd, 2591750.496, 98
Trd, 2591751.363, 103
Trd, 2591751.546, 102
Trd, 2591752.596, 104
Trd, 2591753.246, 105
Trd, 2591754.546, 108
Trd, 2591754.846, 116
Trd, 2591755.096, 106
Trd, 2591755.146, 105
Trd, 2591755.763, 104
Trd, 2591755.896, 112
Trd, 2591757.079, 98
Trd, 2591757.746, 101
Trd, 2591757.879, 100
Trd, 2591758.396, 100
Trd, 2591758.979, 121
Trd, 2591760.846, 116
Trd, 2591761.179, 95
Trd, 2591761.613, 94
Trd, 2591762.429, 96
Trd, 2591763.063, 96
Trd, 2591763.546, 93
Trd, 2591764.529, 103
Trd, 2591764.596, 103
Trd, 2591764.996, 100
Trd, 2591765.279, 98
Trd, 2591766.963, 101
Trd, 2591767.129, 100
Trd, 2591767.496, 94
Trd, 2591768.046, 104
Trd, 2591768.946, 102
Trd, 2591769.663, 104
Trd, 2591769.996, 101
Trd, 2591770.879, 106
Trd, 2591771.279, 96
Trd, 2591772.263, 101
Trd, 2591773.663, 105
Trd, 2591774.529, 103
Trd, 2591775.513, 108
Trd, 2591775.829, 105
Trd, 2591775.946, 104
Trd, 2591776.296, 102
Trd, 2591776.646, 116
Trd, 2591778.063, 104
Trd, 2591779.363, 111
Trd, 2591781.696, 107
Trd, 2591781.879, 107
Trd, 2591782.646, 104
Trd, 2591783.113, 103
Trd, 2591783.263, 103
Trd, 2591784.046, 100
Trd, 2591784.746, 97
Trd, 2591786.463, 99
Trd, 2591786.813, 99
Trd, 2591787.563, 98
Trd, 2591788.046, 95
Trd, 2591788.379, 92
Trd, 2591788.863, 97
Trd, 2591788.979, 93
Trd, 2591789.596, 104
Trd, 2591789.729, 91
Trd, 2591790.313, 101
Trd, 2591792.679, 106
Trd, 2591793.079, 99
Trd, 2591793.213, 106
Trd, 2591793.513, 97
Trd, 2591795.213, 101
Trd, 2591795.513, 94
Trd, 2591795.729, 82
Trd, 2591797.846, 108
Trd, 2591797.896, 102
Trd, 2591798.363, 101
Trd, 2591799.313, 106
Trd, 2591800.696, 102
Trd, 2591801.179, 106
Trd, 2591801.696, 104
Trd, 2591802.596, 113
Trd, 2591803.113, 105
Trd, 2591803.663, 106
Trd, 2591804.063, 114
Trd, 2591804.613, 109
Trd, 2591804.713, 108
Trd, 2591805.096, 112
Trd, 2591805.279, 112
Trd, 2591808.829, 102
Trd, 2591809.496, 106
Trd, 2591809.979, 107
Trd, 2591810.379, 106
Trd, 2591810.646, 106
Trd, 2591811.163, 105
Trd, 2591811.346, 100
Trd, 2591812.213, 96
Trd, 2591812.379, 115
Trd, 2591812.896, 98
Trd, 2591812.996, 95
Trd, 2591814.779, 103
Trd, 2591815.263, 104
Trd, 2591815.796, 101
Trd, 2591818.146, 110
Trd, 2591818.279, 109
Trd, 2591818.513, 101
Trd, 2591820.496, 102
Trd, 2591820.746, 102
Trd, 2591821.429, 107
Trd, 2591822.729, 108
Trd, 2591823.196, 108
Trd, 2591823.479, 108
Trd, 2591823.529, 100
Trd, 2591823.613, 100
Trd, 2591824.379, 115
Trd, 2591824.396, 120
Trd, 2591824.746, 97
Trd, 2591826.646, 112
Trd, 2591826.913, 114
Trd, 2591827.129, 112
Trd, 2591827.429, 100
Trd, 2591828.663, 107
Trd, 2591828.913, 122
Trd, 2591829.263, 105
Trd, 2591829.663, 98
Trd, 2591830.829, 105
Trd, 2591831.629, 104
Trd, 2591832.513, 97
Trd, 2591832.546, 101
Trd, 2591832.629, 96
Trd, 2591833.346, 101
Trd, 2591835.446, 103
Trd, 2591836.363, 102
Trd, 2591837.279, 98
Trd, 2591837.913, 91
Trd, 2591838.063, 81
Trd, 2591838.246, 105
Trd, 2591838.429, 117
Trd, 2591839.196, 94
Trd, 2591839.646, 115
Trd, 2591840.829, 104
Trd, 2591841.096, 104
Trd, 2591841.363, 105
Trd, 2591841.996, 104
Trd, 2591842.213, 101
Trd, 2591842.563, 96
Trd, 2591845.413, 105
Trd, 2591845.463, 104
Trd, 2591846.163, 103
Trd, 2591847.179, 99
Trd, 2591847.713, 103
Trd, 2591848.596, 107
Trd, 2591850.563, 97
Trd, 2591850.713, 94
Trd, 2591850.746, 93
Trd, 2591851.129, 107
Trd, 2591851.829, 99
Trd, 2591852.263, 90
Trd, 2591852.929, 105
Trd, 2591853.779, 102
Trd, 2591854.163, 104
Trd, 2591854.863, 104
Trd, 2591855.696, 100
Trd, 2591855.829, 96
Trd, 2591856.896, 108
Trd, 2591857.146, 101
Trd, 2591857.946, 99
Trd, 2591858.763, 101
Trd, 2591859.479, 94
Trd, 2591859.713, 103
Trd, 2591860.279, 96
Trd, 2591863.696, 108
Trd, 2591863.779, 101
Trd, 2591864.379, 101
Trd, 2591865.213, 99
Trd, 2591866.063, 100
Trd, 2591866.413, 99
Trd, 2591866.996, 98
Trd, 2591867.213, 104
Trd, 2591868.246, 101
Trd, 2591868.263, 102
Trd, 2591868.813, 96
Trd, 2591869.563, 105
Trd, 2591870.479, 95
Trd, 2591871.013, 94
Trd, 2591871.063, 108
Trd, 2591873.646, 97
Trd, 2591874.513, 99
Trd, 2591874.846, 105
Trd, 2591875.213, 102
Trd, 2591875.263, 101
Trd, 2591875.896, 103
Trd, 2591876.629, 104
Trd, 2591878.113, 114
Trd, 2591878.913, 119
Trd, 2591879.029, 115
Trd, 2591879.563, 118
Trd, 2591879.963, 119
Trd, 2591880.213, 119
Trd, 2591880.513, 118
Trd, 2591880.946, 100
Trd, 2591883.829, 98
Trd, 2591884.379, 97
Trd, 2591884.863, 93
Trd, 2591885.479, 88
Trd, 2591886.513, 79
Trd, 2591886.913, 100
Trd, 2591888.229, 97
Trd, 2591889.679, 97
Trd, 2591889.696, 99
Trd, 2591890.463, 97
Trd, 2591890.696, 98
Trd, 2591891.096, 108
Trd, 2591891.713, 101
Trd, 2591892.263, 104
Trd, 2591892.463, 102
Trd, 2591893.213, 95
Trd, 2591893.363, 93
Trd, 2591895.396, 105
Trd, 2591895.429, 104
Trd, 2591897.029, 101
Trd, 2591897.779, 104
Trd, 2591897.913, 102
Trd, 2591898.079, 105
Trd, 2591899.129, 108
Trd, 2591899.363, 102
Trd, 2591899.479, 119
Trd, 2591900.746, 115
Trd, 2591901.379, 103
Trd, 2591901.679, 101
Trd, 2591902.563, 106
Trd, 2591902.829, 98
Trd, 2591903.629, 96
Trd, 2591903.946, 96
Trd, 2591903.996, 95
Trd, 2591905.296, 116
Trd, 2591907.579, 95
Trd, 2591908.279, 95
Trd, 2591909.963, 98
Trd, 2591910.979, 94
Trd, 2591911.079, 92
Trd, 2591911.663, 91
Trd, 2591912.479, 97
Trd, 2591912.646, 98
Trd, 2591913.563, 105
Trd, 2591914.513, 101
Trd, 2591914.646, 100
Trd, 2591915.763, 102
Trd, 2591915.946, 108
Trd, 2591916.213, 101
Trd, 2591916.296, 102
Trd, 2591917.113, 112
Trd, 2591918.696, 103
Trd, 2591918.763, 98
Trd, 2591919.896, 99
Trd, 2591920.796, 112
Trd, 2591922.463, 108
Trd, 2591922.513, 106
Trd, 2591922.663, 113
Trd, 2591923.096, 107
Trd, 2591924.729, 103
Trd, 2591925.763, 104
Trd, 2591925.913, 101
Trd, 2591926.446, 101
Trd, 2591926.679, 108
Trd, 2591928.296, 105
Trd, 2591929.796, 109
Trd, 2591929.963, 110
Trd, 2591930.546, 108
Trd, 2591930.613, 107
Trd, 2591931.479, 106
Trd, 2591932.029, 106
Trd, 2591932.329, 101
Trd, 2591932.396, 98
Trd, 2591933.046, 94
Trd, 2591933.496, 105
Trd, 2591933.963, 97
Trd, 2591934.613, 105
Trd, 2591936.079, 95
Trd, 2591937.613, 99
Trd, 2591937.879, 99
Trd, 2591938.496, 100
Trd, 2591939.263, 108
Trd, 2591939.646, 100
Trd, 2591940.313, 98
Trd, 2591940.879, 94
Trd, 2591942.413, 98
Trd, 2591942.596, 105
Trd, 2591943.046, 96
Trd, 2591944.846, 100
Trd, 2591945.446, 98
Trd, 2591945.679, 94
Trd, 2591945.863, 94
Trd, 2591946.963, 105
Trd, 2591948.346, 101
Trd, 2591948.463, 91
Trd, 2591948.863, 94
Trd, 2591949.013, 88
Trd, 2591950.696, 105
Trd, 2591950.796, 108
Trd, 2591950.929, 108
Trd, 2591952.063, 112
Trd, 2591952.163, 112
Trd, 2591953.246, 112
Trd, 2591953.796, 125
Trd, 2591954.546, 101
Trd, 2591955.863, 131
Trd, 2591958.029, 115
Trd, 2591958.613, 115
Trd, 2591959.746, 116
Trd, 2591959.896, 116
Trd, 2591960.446, 116
Trd, 2591961.296, 115
Trd, 2591961.463, 110
Trd, 2591962.196, 103
Trd, 2591962.446, 111
Trd, 2591962.529, 101
Trd, 2591962.713, 111
Trd, 2591963.546, 101
Trd, 2591963.829, 97
Trd, 2591964.713, 93
Trd, 2591965.013, 100
Trd, 2591965.196, 90
Trd, 2591965.329, 98
Trd, 2591968.929, 98
Trd, 2591969.163, 106
Trd, 2591969.446, 98
Trd, 2591969.963, 99
Trd, 2591970.013, 108
Trd, 2591970.696, 103
Trd, 2591970.896, 101
Trd, 2591971.179, 99
Trd, 2591972.729, 103
Trd, 2591973.863, 102
Trd, 2591974.913, 100
Trd, 2591975.063, 102
Trd, 2591975.513, 99
Trd, 2591976.129, 112
Trd, 2591976.363, 95
Trd, 2591976.929, 94
Trd, 2591977.646, 108
Trd, 2591977.963, 122
Trd, 2591979.113, 101
Trd, 2591979.696, 112
Trd, 2591981.829, 105
Trd, 2591982.496, 107
Trd, 2591982.846, 111
Trd, 2591983.646, 112
Trd, 2591984.163, 114
Trd, 2591984.296, 115
Trd, 2591984.963, 113
Trd, 2591985.613, 100
Trd, 2591985.896, 119
Trd, 2591986.913, 96
Trd, 2591987.913, 95
Trd, 2591987.996, 108
Trd, 2591989.613, 108
Trd, 2591990.079, 109
Trd, 2591990.846, 112
Trd, 2591991.429, 115
Trd, 2591992.563, 112
Trd, 2591992.713, 110
Trd, 2591994.046, 108
Trd, 2591994.496, 103
Trd, 2591994.746, 117
Trd, 2591995.563, 103
Trd, 2591996.529, 102
Trd, 2591996.679, 101
Trd, 2591998.029, 100
Trd, 2591998.829, 104
Trd, 2591999.346, 100
Trd, 2591999.679, 102
