Trd, 2590691.946, 109
Trd, 2590692.529, 98
Trd, 2590692.996, 112
Trd, 2590693.129, 119
Trd, 2590693.463, 96
Trd, 2590693.529, 91
Trd, 2590693.679, 112
Trd, 2590694.563, 120
Trd, 2590695.313, 110
Trd, 2590696.146, 108
Trd, 2590696.263, 98
Trd, 2590696.396, 113
Trd, 2590696.746, 87
Trd, 2590696.896, 112
Trd, 2590697.513, 103
Trd, 2590698.446, 84
Trd, 2590701.113, 91
Trd, 2590701.529, 83
Trd, 2590701.763, 82
Trd, 2590701.913, 88
Trd, 2590702.213, 98
Trd, 2590702.946, 87
Trd, 2590703.163, 84
Trd, 2590703.763, 94
Trd, 2590704.279, 91
Trd, 2590705.529, 86
Trd, 2590706.529, 92
Trd, 2590708.313, 91
Trd, 2590708.396, 107
Trd, 2590709.129, 106
Trd, 2590709.413, 90
Trd, 2590709.796, 105
Trd, 2590710.446, 108
Trd, 2590710.463, 109
Trd, 2590710.663, 96
Trd, 2590711.429, 96
Trd, 2590711.896, 92
Trd, 2590713.313, 94
Trd, 2590714.063, 117
Trd, 2590714.213, 104
Trd, 2590715.896, 103
Trd, 2590716.729, 113
Trd, 2590717.029, 108
Trd, 2590717.496, 100
Trd, 2590719.146, 104
Trd, 2590719.463, 98
Trd, 2590720.346, 101
Trd, 2590720.379, 90
Trd, 2590720.413, 102
Trd, 2590720.446, 85
Trd, 2590721.096, 99
Trd, 2590721.179, 92
Trd, 2590721.963, 103
Trd, 2590722.146, 93
Trd, 2590722.563, 93
Trd, 2590722.813, 105
Trd, 2590723.829, 99
Trd, 2590724.913, 103
Trd, 2590725.679, 101
Trd, 2590726.646, 104
Trd, 2590726.963, 98
Trd, 2590727.063, 105
Trd, 2590727.646, 111
Trd, 2590729.396, 108
Trd, 2590729.979, 98
Trd, 2590730.896, 104
Trd, 2590731.246, 105
Trd, 2590731.346, 96
Trd, 2590732.929, 101
Trd, 2590733.963, 99
Trd, 2590734.029, 91
Trd, 2590734.513, 101
Trd, 2590735.229, 102
Trd, 2590735.446, 89
Trd, 2590736.296, 90
Trd, 2590736.646, 105
Trd, 2590737.029, 110
Trd, 2590737.696, 112
Trd, 2590739.063, 101
Trd, 2590739.429, 93
Trd, 2590739.846, 91
Trd, 2590740.563, 101
Trd, 2590742.229, 103
Trd, 2590742.346, 110
Trd, 2590743.013, 113
Trd, 2590743.579, 105
Trd, 2590744.396, 111
Trd, 2590744.679, 100
Trd, 2590744.896, 110
Trd, 2590745.229, 110
Trd, 2590745.846, 113
Trd, 2590746.063, 108
Trd, 2590746.296, 87
Trd, 2590746.579, 86
Trd, 2590746.763, 86
Trd, 2590747.246, 116
Trd, 2590747.896, 89
Trd, 2590748.363, 116
Trd, 2590749.629, 96
Trd, 2590749.696, 94
Trd, 2590751.196, 107
Trd, 2590751.913, 100
Trd, 2590752.379, 87
Trd, 2590753.929, 86
Trd, 2590756.613, 103
Trd, 2590757.263, 102
Trd, 2590757.513, 101
Trd, 2590757.729, 98
Trd, 2590757.763, 97
Trd, 2590757.779, 105
Trd, 2590758.179, 108
Trd, 2590758.196, 112
Trd, 2590758.596, 112
Trd, 2590759.129, 100
Trd, 2590760.763, 93
Trd, 2590762.029, 98
Trd, 2590762.196, 92
Trd, 2590762.346, 118
Trd, 2590763.979, 114
Trd, 2590764.096, 111
Trd, 2590764.413, 109
Trd, 2590764.513, 100
Trd, 2590766.829, 109
Trd, 2590767.563, 108
Trd, 2590767.763, 103
Trd, 2590767.963, 109
Trd, 2590768.213, 93
Trd, 2590769.546, 92
Trd, 2590769.963, 91
Trd, 2590770.463, 89
Trd, 2590770.479, 101
Trd, 2590771.013, 102
Trd, 2590771.813, 112
Trd, 2590772.179, 88
Trd, 2590772.763, 109
Trd, 2590773.029, 118
Trd, 2590774.113, 118
Trd, 2590774.629, 104
Trd, 2590775.163, 124
Trd, 2590776.113, 108
Trd, 2590776.513, 107
Trd, 2590778.029, 103
Trd, 2590778.046, 104
Trd, 2590778.246, 100
Trd, 2590778.363, 112
Trd, 2590778.396, 98
Trd, 2590780.213, 118
Trd, 2590780.263, 113
Trd, 2590780.846, 111
Trd, 2590780.946, 112
Trd, 2590781.513, 115
Trd, 2590781.846, 108
Trd, 2590782.163, 115
Trd, 2590783.213, 92
Trd, 2590784.263, 122
Trd, 2590784.363, 118
Trd, 2590784.546, 125
Trd, 2590784.979, 112
Trd, 2590785.229, 108
Trd, 2590787.229, 100
Trd, 2590787.746, 87
Trd, 2590789.063, 92
Trd, 2590791.913, 101
Trd, 2590791.929, 100
Trd, 2590792.246, 102
Trd, 2590793.329, 98
Trd, 2590793.429, 94
Trd, 2590793.813, 103
Trd, 2590793.846, 97
Trd, 2590793.863, 89
Trd, 2590794.829, 109
Trd, 2590795.246, 109
Trd, 2590795.713, 109
Trd, 2590796.263, 88
Trd, 2590797.129, 92
Trd, 2590797.346, 104
Trd, 2590797.579, 105
Trd, 2590799.313, 96
Trd, 2590800.696, 112
Trd, 2590801.263, 112
Trd, 2590801.729, 103
Trd, 2590802.396, 112
Trd, 2590803.013, 105
Trd, 2590803.229, 113
Trd, 2590803.613, 103
Trd, 2590804.513, 102
Trd, 2590804.963, 87
Trd, 2590806.296, 87
Trd, 2590806.529, 84
Trd, 2590806.546, 116
Trd, 2590806.979, 82
Trd, 2590807.429, 90
Trd, 2590808.679, 113
Trd, 2590809.179, 109
Trd, 2590810.246, 109
Trd, 2590810.429, 112
Trd, 2590811.029, 112
Trd, 2590811.263, 98
Trd, 2590811.696, 116
Trd, 2590812.246, 112
Trd, 2590812.746, 99
Trd, 2590813.263, 98
Trd, 2590814.229, 98
Trd, 2590814.346, 84
Trd, 2590814.913, 109
Trd, 2590815.513, 112
Trd, 2590816.296, 105
Trd, 2590817.179, 122
Trd, 2590819.063, 106
Trd, 2590819.379, 104
Trd, 2590820.063, 102
Trd, 2590820.929, 98
Trd, 2590821.179, 93
Trd, 2590821.263, 108
Trd, 2590821.979, 101
Trd, 2590823.163, 104
Trd, 2590823.879, 92
Trd, 2590824.013, 91
Trd, 2590825.246, 102
Trd, 2590825.429, 103
Trd, 2590825.896, 93
Trd, 2590826.463, 101
Trd, 2590826.846, 105
Trd, 2590827.513, 114
Trd, 2590827.863, 89
Trd, 2590829.196, 108
Trd, 2590831.346, 88
Trd, 2590831.779, 107
Trd, 2590832.179, 108
Trd, 2590832.329, 87
Trd, 2590832.529, 107
Trd, 2590832.913, 110
Trd, 2590833.463, 91
Trd, 2590833.696, 113
Trd, 2590833.813, 88
Trd, 2590834.596, 109
Trd, 2590834.646, 91
Trd, 2590836.113, 95
Trd, 2590836.179, 95
Trd, 2590837.313, 90
Trd, 2590837.446, 110
Trd, 2590838.929, 99
Trd, 2590839.313, 107
Trd, 2590840.063, 112
Trd, 2590840.113, 102
Trd, 2590841.263, 100
Trd, 2590841.479, 102
Trd, 2590841.613, 98
Trd, 2590842.013, 94
Trd, 2590842.029, 105
Trd, 2590842.796, 112
Trd, 2590843.863, 112
Trd, 2590843.929, 115
Trd, 2590845.246, 96
Trd, 2590846.096, 98
Trd, 2590846.279, 110
Trd, 2590846.413, 96
Trd, 2590846.846, 91
Trd, 2590848.229, 113
Trd, 2590848.829, 112
Trd, 2590849.113, 87
Trd, 2590849.963, 89
Trd, 2590850.863, 104
Trd, 2590851.746, 103
Trd, 2590851.813, 89
Trd, 2590852.113, 89
Trd, 2590853.379, 89
Trd, 2590854.479, 99
Trd, 2590854.913, 105
Trd, 2590856.329, 108
Trd, 2590856.379, 100
Trd, 2590856.513, 98
Trd, 2590856.696, 92
Trd, 2590856.813, 111
Trd, 2590856.979, 118
Trd, 2590857.413, 87
Trd, 2590858.663, 104
Trd, 2590859.013, 112
Trd, 2590859.146, 92
Trd, 2590860.529, 93
Trd, 2590861.179, 91
Trd, 2590863.296, 91
Trd, 2590863.513, 103
Trd, 2590863.629, 105
Trd, 2590863.729, 106
Trd, 2590864.096, 113
Trd, 2590864.429, 87
Trd, 2590864.679, 121
Trd, 2590866.679, 91
Trd, 2590866.796, 97
Trd, 2590867.713, 92
Trd, 2590868.196, 90
Trd, 2590868.629, 98
Trd, 2590869.179, 101
Trd, 2590869.929, 104
Trd, 2590870.329, 105
Trd, 2590870.379, 112
Trd, 2590870.446, 93
Trd, 2590870.513, 125
Trd, 2590870.929, 109
Trd, 2590873.813, 105
Trd, 2590874.863, 114
Trd, 2590874.963, 104
Trd, 2590875.796, 117
Trd, 2590875.846, 87
Trd, 2590877.313, 106
Trd, 2590878.363, 96
Trd, 2590878.513, 94
Trd, 2590878.879, 104
Trd, 2590878.929, 111
Trd, 2590880.296, 94
Trd, 2590880.613, 94
Trd, 2590880.746, 94
Trd, 2590881.563, 114
Trd, 2590881.713, 112
Trd, 2590882.646, 95
Trd, 2590882.829, 111
Trd, 2590883.246, 87
Trd, 2590884.596, 107
Trd, 2590885.113, 88
Trd, 2590886.263, 112
Trd, 2590886.629, 94
Trd, 2590886.713, 90
Trd, 2590887.779, 92
Trd, 2590887.913, 99
Trd, 2590888.063, 93
Trd, 2590888.446, 91
Trd, 2590889.546, 104
Trd, 2590891.229, 97
Trd, 2590891.679, 98
Trd, 2590892.346, 97
Trd, 2590892.579, 99
Trd, 2590892.696, 100
Trd, 2590893.896, 105
Trd, 2590895.063, 102
Trd, 2590895.413, 109
Trd, 2590897.429, 96
Trd, 2590898.413, 95
Trd, 2590898.779, 98
Trd, 2590898.879, 91
Trd, 2590899.063, 99
Trd, 2590899.213, 101
Trd, 2590899.229, 100
Trd, 2590900.213, 90
Trd, 2590900.329, 100
Trd, 2590900.396, 101
Trd, 2590900.629, 86
Trd, 2590901.163, 109
Trd, 2590902.179, 84
Trd, 2590903.696, 84
Trd, 2590904.713, 85
Trd, 2590905.846, 82
Trd, 2590906.629, 83
Trd, 2590906.646, 92
Trd, 2590906.763, 82
Trd, 2590906.963, 81
Trd, 2590907.429, 95
Trd, 2590907.479, 98
Trd, 2590907.613, 105
Trd, 2590909.479, 104
Trd, 2590909.829, 105
Trd, 2590910.363, 89
Trd, 2590911.046, 114
Trd, 2590911.729, 108
Trd, 2590914.329, 107
Trd, 2590914.446, 105
Trd, 2590914.646, 104
Trd, 2590914.896, 103
Trd, 2590916.213, 111
Trd, 2590916.313, 112
Trd, 2590916.563, 102
Trd, 2590916.679, 116
Trd, 2590917.713, 96
Trd, 2590917.979, 109
Trd, 2590918.179, 109
Trd, 2590918.963, 103
Trd, 2590919.029, 94
Trd, 2590919.096, 88
Trd, 2590920.646, 108
Trd, 2590920.929, 109
Trd, 2590921.746, 101
Trd, 2590922.229, 110
Trd, 2590922.329, 101
Trd, 2590922.913, 97
Trd, 2590923.196, 109
Trd, 2590925.213, 101
Trd, 2590925.563, 96
Trd, 2590926.596, 104
Trd, 2590926.946, 105
Trd, 2590926.963, 101
Trd, 2590927.363, 95
Trd, 2590928.329, 97
Trd, 2590928.863, 105
Trd, 2590929.363, 105
Trd, 2590929.463, 108
Trd, 2590930.163, 102
Trd, 2590931.246, 99
Trd, 2590931.596, 95
Trd, 2590932.113, 106
Trd, 2590932.213, 90
Trd, 2590932.229, 89
Trd, 2590932.479, 86
Trd, 2590932.963, 105
Trd, 2590933.646, 112
Trd, 2590934.279, 84
Trd, 2590934.496, 81
Trd, 2590934.563, 88
Trd, 2590935.613, 104
Trd, 2590935.713, 105
Trd, 2590935.996, 112
Trd, 2590937.313, 108
Trd, 2590938.063, 117
Trd, 2590940.063, 109
Trd, 2590940.529, 98
Trd, 2590940.829, 97
Trd, 2590941.329, 94
Trd, 2590942.279, 93
Trd, 2590942.313, 106
Trd, 2590942.329, 107
Trd, 2590942.396, 112
Trd, 2590942.479, 97
Trd, 2590943.863, 87
Trd, 2590944.513, 87
Trd, 2590945.379, 118
Trd, 2590946.063, 115
Trd, 2590947.896, 110
Trd, 2590948.163, 98
Trd, 2590948.629, 96
Trd, 2590948.913, 96
Trd, 2590950.063, 111
Trd, 2590950.463, 113
Trd, 2590950.513, 113
Trd, 2590951.796, 112
Trd, 2590952.346, 103
Trd, 2590952.446, 111
Trd, 2590954.529, 109
Trd, 2590954.829, 108
Trd, 2590956.346, 119
Trd, 2590958.346, 118
Trd, 2590958.579, 115
Trd, 2590958.629, 117
Trd, 2590959.196, 112
Trd, 2590959.929, 109
Trd, 2590960.246, 111
Trd, 2590960.446, 108
Trd, 2590960.513, 99
Trd, 2590960.846, 98
Trd, 2590961.579, 101
Trd, 2590961.679, 86
Trd, 2590962.013, 84
Trd, 2590963.113, 86
Trd, 2590963.496, 105
Trd, 2590964.563, 88
Trd, 2590965.246, 100
Trd, 2590965.396, 101
Trd, 2590966.379, 98
Trd, 2590966.946, 87
Trd, 2590968.163, 90
Trd, 2590968.696, 105
Trd, 2590968.963, 101
Trd, 2590969.129, 110
Trd, 2590969.379, 116
Trd, 2590969.629, 116
Trd, 2590969.913, 112
Trd, 2590970.163, 106
Trd, 2590970.496, 98
Trd, 2590970.913, 98
Trd, 2590972.163, 91
Trd, 2590973.046, 102
Trd, 2590973.179, 109
Trd, 2590974.396, 119
Trd, 2590975.746, 113
Trd, 2590976.213, 118
Trd, 2590977.096, 112
Trd, 2590977.529, 125
Trd, 2590977.763, 112
Trd, 2590977.979, 111
Trd, 2590978.029, 109
Trd, 2590978.829, 108
Trd, 2590979.663, 121
Trd, 2590980.163, 102
Trd, 2590980.496, 98
Trd, 2590980.763, 97
Trd, 2590981.579, 112
Trd, 2590982.279, 110
Trd, 2590982.829, 108
Trd, 2590983.296, 109
Trd, 2590984.629, 109
Trd, 2590984.779, 101
Trd, 2590985.529, 99
Trd, 2590985.696, 98
Trd, 2590986.179, 94
Trd, 2590986.896, 90
Trd, 2590987.046, 87
Trd, 2590989.129, 105
Trd, 2590989.329, 109
Trd, 2590989.763, 93
Trd, 2590989.829, 93
Trd, 2590991.029, 86
Trd, 2590991.079, 92
Trd, 2590991.663, 111
Trd, 2590992.329, 93
Trd, 2590992.996, 104
Trd, 2590993.179, 95
Trd, 2590994.179, 99
Trd, 2590994.846, 105
Trd, 2590994.963, 99
Trd, 2590995.146, 108
Trd, 2590996.996, 101
Trd, 2590998.146, 100
Trd, 2590999.596, 103
Trd, 2590999.963, 101
Trd, 2591000.729, 99
Trd, 2591000.813, 100
Trd, 2591001.063, 100
Trd, 2591001.579, 100
Trd, 2591001.763, 108
Trd, 2591001.963, 98
Trd, 2591002.479, 103
Trd, 2591002.996, 113
Trd, 2591003.029, 124
Trd, 2591003.246, 110
Trd, 2591003.963, 122
Trd, 2591005.396, 95
Trd, 2591005.413, 94
Trd, 2591005.679, 122
Trd, 2591007.496, 96
Trd, 2591008.679, 95
Trd, 2591009.479, 95
Trd, 2591010.063, 99
Trd, 2591010.196, 96
Trd, 2591011.363, 104
Trd, 2591012.929, 101
Trd, 2591012.996, 103
Trd, 2591013.163, 93
Trd, 2591014.096, 87
Trd, 2591014.179, 103
Trd, 2591014.879, 94
Trd, 2591015.129, 90
Trd, 2591015.679, 85
Trd, 2591015.896, 97
Trd, 2591017.546, 108
Trd, 2591017.796, 109
Trd, 2591018.396, 97
Trd, 2591018.663, 103
Trd, 2591019.179, 94
Trd, 2591020.346, 92
Trd, 2591021.063, 102
Trd, 2591021.196, 105
Trd, 2591021.596, 99
Trd, 2591022.079, 98
Trd, 2591022.246, 87
Trd, 2591022.296, 87
Trd, 2591023.513, 105
Trd, 2591024.263, 89
Trd, 2591024.663, 93
Trd, 2591024.913, 87
Trd, 2591025.063, 85
Trd, 2591025.079, 112
Trd, 2591026.496, 90
Trd, 2591028.346, 102
Trd, 2591030.046, 98
Trd, 2591030.696, 101
Trd, 2591031.746, 102
Trd, 2591031.779, 105
Trd, 2591032.263, 94
Trd, 2591032.479, 110
Trd, 2591033.046, 110
Trd, 2591033.296, 111
Trd, 2591034.079, 119
Trd, 2591034.313, 117
Trd, 2591035.646, 115
Trd, 2591036.029, 113
Trd, 2591037.029, 98
Trd, 2591037.413, 100
Trd, 2591038.879, 117
Trd, 2591039.929, 98
Trd, 2591040.296, 101
Trd, 2591040.979, 111
Trd, 2591041.429, 89
Trd, 2591041.729, 92
Trd, 2591041.779, 89
Trd, 2591042.113, 85
Trd, 2591042.279, 104
Trd, 2591045.713, 97
Trd, 2591046.346, 97
Trd, 2591046.479, 98
Trd, 2591046.596, 95
Trd, 2591046.946, 100
Trd, 2591046.979, 101
Trd, 2591047.246, 87
Trd, 2591048.696, 95
Trd, 2591048.713, 105
Trd, 2591048.979, 109
Trd, 2591049.929, 114
Trd, 2591050.029, 99
Trd, 2591050.446, 118
Trd, 2591050.963, 98
Trd, 2591051.679, 94
Trd, 2591052.613, 118
Trd, 2591053.229, 120
Trd, 2591053.263, 118
Trd, 2591053.479, 92
Trd, 2591055.346, 100
Trd, 2591055.379, 112
Trd, 2591056.663, 92
Trd, 2591056.696, 110
Trd, 2591056.996, 95
Trd, 2591059.663, 104
Trd, 2591060.079, 97
Trd, 2591060.646, 96
Trd, 2591061.363, 102
Trd, 2591061.413, 86
Trd, 2591062.263, 91
Trd, 2591062.513, 106
Trd, 2591062.563, 90
Trd, 2591064.279, 94
Trd, 2591064.379, 93
Trd, 2591064.746, 86
Trd, 2591064.829, 84
Trd, 2591065.213, 96
Trd, 2591065.596, 98
Trd, 2591065.763, 82
Trd, 2591066.213, 101
Trd, 2591066.379, 104
Trd, 2591067.729, 109
Trd, 2591069.263, 108
Trd, 2591070.546, 99
Trd, 2591070.696, 105
Trd, 2591071.529, 109
Trd, 2591071.796, 108
Trd, 2591072.779, 107
Trd, 2591072.896, 113
Trd, 2591073.213, 104
Trd, 2591073.346, 118
Trd, 2591073.596, 102
Trd, 2591075.396, 101
Trd, 2591076.013, 102
Trd, 2591076.796, 105
Trd, 2591078.563, 101
Trd, 2591079.063, 100
Trd, 2591079.546, 104
Trd, 2591079.879, 98
Trd, 2591079.929, 110
Trd, 2591080.579, 115
Trd, 2591080.629, 116
Trd, 2591081.029, 97
Trd, 2591082.679, 96
Trd, 2591083.296, 95
Trd, 2591084.729, 106
Trd, 2591084.863, 89
Trd, 2591086.496, 91
Trd, 2591086.746, 91
Trd, 2591088.079, 106
Trd, 2591088.746, 91
Trd, 2591089.096, 105
Trd, 2591089.279, 105
Trd, 2591089.379, 87
Trd, 2591089.496, 87
Trd, 2591090.613, 89
Trd, 2591090.629, 103
Trd, 2591090.729, 85
Trd, 2591091.163, 85
Trd, 2591091.329, 110
Trd, 2591091.379, 111
Trd, 2591091.479, 84
Trd, 2591092.479, 90
Trd, 2591093.146, 113
Trd, 2591094.829, 110
Trd, 2591095.346, 94
Trd, 2591096.196, 88
Trd, 2591096.446, 84
Trd, 2591096.596, 70
Trd, 2591097.263, 68
Trd, 2591097.913, 92
Trd, 2591098.113, 105
Trd, 2591098.996, 108
Trd, 2591100.796, 110
Trd, 2591100.963, 105
Trd, 2591101.113, 103
Trd, 2591101.279, 88
Trd, 2591101.396, 113
Trd, 2591102.179, 100
Trd, 2591102.229, 112
Trd, 2591102.513, 108
Trd, 2591103.313, 111
Trd, 2591103.863, 105
Trd, 2591104.729, 118
Trd, 2591104.813, 98
Trd, 2591107.029, 113
Trd, 2591107.063, 99
Trd, 2591107.763, 110
Trd, 2591107.779, 108
Trd, 2591107.946, 98
Trd, 2591107.963, 113
Trd, 2591109.129, 87
Trd, 2591110.396, 112
Trd, 2591110.829, 87
Trd, 2591111.296, 113
Trd, 2591111.746, 101
Trd, 2591112.646, 97
Trd, 2591112.729, 91
Trd, 2591113.113, 89
Trd, 2591113.663, 98
Trd, 2591113.913, 113
Trd, 2591115.179, 84
Trd, 2591116.563, 94
Trd, 2591117.279, 104
Trd, 2591118.163, 89
Trd, 2591118.946, 88
Trd, 2591119.196, 87
Trd, 2591119.596, 102
Trd, 2591120.529, 85
Trd, 2591121.013, 105
Trd, 2591121.329, 101
Trd, 2591121.946, 91
Trd, 2591122.463, 83
Trd, 2591122.613, 106
Trd, 2591122.763, 83
Trd, 2591124.629, 92
Trd, 2591125.163, 87
Trd, 2591125.779, 100
Trd, 2591125.796, 102
Trd, 2591125.996, 105
Trd, 2591126.246, 109
Trd, 2591126.796, 110
Trd, 2591127.863, 121
Trd, 2591128.563, 125
Trd, 2591128.646, 103
Trd, 2591128.863, 101
Trd, 2591131.196, 101
Trd, 2591131.379, 112
Trd, 2591133.629, 101
Trd, 2591133.946, 102
Trd, 2591134.696, 98
Trd, 2591134.846, 89
Trd, 2591136.296, 96
Trd, 2591136.396, 84
Trd, 2591137.579, 94
Trd, 2591138.079, 94
Trd, 2591138.529, 103
Trd, 2591138.763, 103
Trd, 2591139.613, 103
Trd, 2591139.896, 102
Trd, 2591140.663, 104
Trd, 2591140.779, 105
Trd, 2591141.363, 106
Trd, 2591141.879, 111
Trd, 2591143.079, 114
Trd, 2591144.779, 108
Trd, 2591145.229, 109
Trd, 2591145.529, 110
Trd, 2591146.046, 104
Trd, 2591147.646, 106
Trd, 2591148.463, 99
Trd, 2591149.213, 107
Trd, 2591149.979, 100
Trd, 2591150.463, 107
Trd, 2591150.963, 108
Trd, 2591151.196, 100
Trd, 2591151.429, 123
Trd, 2591151.529, 100
Trd, 2591152.213, 103
Trd, 2591152.279, 101
Trd, 2591152.979, 98
Trd, 2591153.296, 94
Trd, 2591153.863, 87
Trd, 2591153.979, 108
Trd, 2591154.163, 109
Trd, 2591155.329, 87
Trd, 2591157.913, 108
Trd, 2591158.129, 114
Trd, 2591158.796, 102
Trd, 2591160.563, 107
Trd, 2591160.596, 106
Trd, 2591161.546, 104
Trd, 2591161.579, 109
Trd, 2591162.163, 98
Trd, 2591162.196, 110
Trd, 2591162.279, 97
Trd, 2591163.679, 93
Trd, 2591164.079, 91
Trd, 2591164.113, 108
Trd, 2591164.796, 110
Trd, 2591165.163, 111
Trd, 2591166.329, 98
Trd, 2591166.696, 97
Trd, 2591166.713, 115
Trd, 2591167.013, 116
Trd, 2591167.563, 121
Trd, 2591167.746, 118
Trd, 2591169.446, 108
Trd, 2591170.313, 108
Trd, 2591170.346, 98
Trd, 2591170.829, 92
Trd, 2591171.213, 113
Trd, 2591173.646, 105
Trd, 2591173.896, 104
Trd, 2591174.213, 97
Trd, 2591174.563, 86
Trd, 2591174.846, 111
Trd, 2591176.196, 92
Trd, 2591176.746, 92
Trd, 2591176.996, 92
Trd, 2591177.229, 102
Trd, 2591177.246, 103
Trd, 2591177.963, 105
Trd, 2591178.063, 109
Trd, 2591178.279, 90
Trd, 2591178.446, 88
Trd, 2591178.813, 100
Trd, 2591181.063, 107
Trd, 2591181.846, 114
Trd, 2591182.829, 109
Trd, 2591183.879, 110
Trd, 2591184.913, 114
Trd, 2591185.513, 115
Trd, 2591185.646, 110
Trd, 2591186.913, 97
Trd, 2591186.929, 124
Trd, 2591187.779, 101
Trd, 2591187.946, 98
Trd, 2591188.063, 91
Trd, 2591188.529, 118
Trd, 2591188.846, 87
Trd, 2591189.279, 90
Trd, 2591189.779, 85
Trd, 2591189.863, 102
Trd, 2591191.079, 90
Trd, 2591191.129, 90
Trd, 2591191.529, 91
Trd, 2591192.713, 101
Trd, 2591193.479, 86
Trd, 2591193.713, 104
Trd, 2591193.879, 86
Trd, 2591194.846, 100
Trd, 2591195.579, 98
Trd, 2591195.596, 102
Trd, 2591196.163, 100
Trd, 2591196.646, 104
Trd, 2591197.579, 103
Trd, 2591198.913, 94
Trd, 2591199.579, 90
Trd, 2591200.563, 102
Trd, 2591201.113, 103
Trd, 2591202.029, 86
Trd, 2591202.129, 85
Trd, 2591202.746, 87
Trd, 2591203.696, 108
Trd, 2591204.096, 83
Trd, 2591204.813, 81
Trd, 2591205.829, 109
Trd, 2591205.896, 111
Trd, 2591207.129, 112
Trd, 2591207.746, 113
Trd, 2591208.063, 111
Trd, 2591208.229, 101
Trd, 2591208.863, 112
Trd, 2591209.696, 89
Trd, 2591209.913, 96
Trd, 2591210.496, 98
Trd, 2591211.246, 93
Trd, 2591212.546, 94
Trd, 2591213.113, 97
Trd, 2591213.696, 97
Trd, 2591214.079, 94
Trd, 2591214.613, 88
Trd, 2591214.829, 87
Trd, 2591215.146, 92
Trd, 2591215.429, 97
Trd, 2591215.496, 84
Trd, 2591215.563, 108
Trd, 2591215.713, 84
Trd, 2591215.929, 80
Trd, 2591216.096, 91
Trd, 2591217.746, 84
Trd, 2591220.079, 103
Trd, 2591220.196, 104
Trd, 2591220.696, 105
Trd, 2591221.963, 105
Trd, 2591223.246, 104
Trd, 2591224.163, 103
Trd, 2591224.229, 105
Trd, 2591225.196, 110
Trd, 2591225.546, 99
Trd, 2591225.713, 98
Trd, 2591226.646, 113
Trd, 2591227.046, 108
Trd, 2591228.029, 106
Trd, 2591228.813, 98
Trd, 2591228.879, 96
Trd, 2591229.129, 112
Trd, 2591230.329, 103
Trd, 2591231.163, 92
Trd, 2591231.313, 91
Trd, 2591231.329, 104
Trd, 2591231.346, 105
Trd, 2591231.929, 85
Trd, 2591233.713, 95
Trd, 2591233.829, 89
Trd, 2591233.863, 88
Trd, 2591234.813, 85
Trd, 2591235.296, 87
Trd, 2591235.763, 88
Trd, 2591237.579, 87
Trd, 2591237.746, 105
Trd, 2591237.963, 109
Trd, 2591238.246, 87
Trd, 2591238.896, 87
Trd, 2591239.079, 84
Trd, 2591239.096, 119
Trd, 2591239.113, 125
Trd, 2591239.813, 110
Trd, 2591241.896, 110
Trd, 2591242.246, 100
Trd, 2591242.529, 89
Trd, 2591243.179, 83
Trd, 2591243.363, 84
Trd, 2591245.829, 92
Trd, 2591246.429, 90
Trd, 2591246.763, 90
Trd, 2591246.963, 86
Trd, 2591247.396, 91
Trd, 2591247.696, 91
Trd, 2591247.796, 98
Trd, 2591248.113, 108
Trd, 2591248.596, 90
Trd, 2591248.629, 101
Trd, 2591249.696, 102
Trd, 2591250.046, 104
Trd, 2591250.513, 98
Trd, 2591251.313, 105
Trd, 2591252.063, 119
Trd, 2591252.129, 95
Trd, 2591253.513, 88
Trd, 2591254.146, 84
Trd, 2591254.946, 115
Trd, 2591255.646, 116
Trd, 2591255.729, 118
Trd, 2591256.263, 106
Trd, 2591257.246, 100
Trd, 2591257.363, 108
Trd, 2591257.546, 94
Trd, 2591257.663, 83
Trd, 2591258.679, 124
Trd, 2591259.496, 102
Trd, 2591259.529, 108
Trd, 2591260.913, 103
Trd, 2591261.379, 98
Trd, 2591261.479, 98
Trd, 2591261.629, 118
Trd, 2591262.479, 118
Trd, 2591262.729, 98
Trd, 2591263.029, 96
Trd, 2591263.879, 88
Trd, 2591266.429, 93
Trd, 2591266.729, 99
Trd, 2591267.229, 91
Trd, 2591268.696, 99
Trd, 2591269.129, 93
Trd, 2591270.146, 94
Trd, 2591270.679, 94
Trd, 2591270.963, 93
Trd, 2591271.446, 94
Trd, 2591271.496, 95
Trd, 2591272.363, 97
Trd, 2591273.029, 104
Trd, 2591273.179, 105
Trd, 2591273.596, 107
Trd, 2591273.996, 109
Trd, 2591274.546, 98
Trd, 2591275.563, 105
Trd, 2591276.146, 116
Trd, 2591277.996, 108
Trd, 2591278.079, 110
Trd, 2591278.863, 101
Trd, 2591279.213, 99
Trd, 2591280.496, 123
Trd, 2591281.146, 100
Trd, 2591282.046, 98
Trd, 2591282.796, 96
Trd, 2591282.979, 96
Trd, 2591283.296, 114
Trd, 2591283.546, 94
Trd, 2591284.129, 122
Trd, 2591284.229, 93
Trd, 2591285.463, 92
Trd, 2591286.546, 89
Trd, 2591286.963, 103
Trd, 2591287.063, 89
Trd, 2591287.313, 105
Trd, 2591287.746, 105
Trd, 2591288.996, 99
Trd, 2591290.046, 103
Trd, 2591290.663, 101
Trd, 2591291.113, 105
Trd, 2591291.396, 97
Trd, 2591292.113, 96
Trd, 2591293.129, 107
Trd, 2591293.696, 107
Trd, 2591293.996, 109
Trd, 2591294.196, 114
Trd, 2591294.363, 103
Trd, 2591294.413, 102
Trd, 2591296.463, 85
Trd, 2591296.863, 118
Trd, 2591299.663, 96
Trd, 2591299.696, 105
Trd, 2591299.946, 106
Trd, 2591300.146, 96
Trd, 2591300.279, 107
Trd, 2591300.446, 95
Trd, 2591300.729, 93
Trd, 2591301.196, 108
Trd, 2591301.479, 99
Trd, 2591302.729, 87
Trd, 2591303.013, 106
Trd, 2591304.679, 106
Trd, 2591305.179, 106
Trd, 2591305.579, 105
Trd, 2591305.763, 114
Trd, 2591306.429, 104
Trd, 2591306.646, 107
Trd, 2591307.663, 106
Trd, 2591308.329, 101
Trd, 2591308.413, 101
Trd, 2591308.513, 100
Trd, 2591308.713, 115
Trd, 2591309.813, 107
Trd, 2591311.146, 99
Trd, 2591311.746, 109
Trd, 2591312.546, 86
Trd, 2591313.046, 107
Trd, 2591313.079, 118
Trd, 2591315.029, 90
Trd, 2591315.596, 115
Trd, 2591315.996, 123
Trd, 2591316.396, 105
Trd, 2591316.679, 86
Trd, 2591318.263, 105
Trd, 2591318.979, 92
Trd, 2591319.913, 83
Trd, 2591320.429, 86
Trd, 2591320.546, 88
Trd, 2591320.596, 91
Trd, 2591321.096, 85
Trd, 2591323.129, 100
Trd, 2591323.246, 100
Trd, 2591323.279, 100
Trd, 2591324.263, 92
Trd, 2591324.479, 101
Trd, 2591324.596, 91
Trd, 2591326.163, 94
Trd, 2591326.296, 92
Trd, 2591327.579, 101
Trd, 2591328.346, 92
Trd, 2591329.713, 95
Trd, 2591329.913, 94
Trd, 2591330.129, 96
Trd, 2591330.346, 98
Trd, 2591330.629, 92
Trd, 2591330.746, 105
Trd, 2591331.929, 97
Trd, 2591332.413, 96
Trd, 2591332.563, 94
Trd, 2591332.829, 113
Trd, 2591332.979, 104
Trd, 2591334.313, 99
Trd, 2591334.996, 98
Trd, 2591335.079, 107
Trd, 2591336.729, 103
Trd, 2591336.929, 110
Trd, 2591338.613, 94
Trd, 2591338.696, 92
Trd, 2591339.396, 96
Trd, 2591339.679, 107
Trd, 2591339.779, 111
Trd, 2591339.863, 122
Trd, 2591340.596, 118
Trd, 2591340.679, 87
Trd, 2591342.579, 111
Trd, 2591343.213, 107
Trd, 2591343.346, 89
Trd, 2591344.829, 106
Trd, 2591345.846, 107
Trd, 2591346.063, 108
Trd, 2591347.096, 95
Trd, 2591347.263, 93
Trd, 2591347.413, 91
Trd, 2591347.746, 104
Trd, 2591349.129, 102
Trd, 2591349.713, 100
Trd, 2591350.079, 99
Trd, 2591351.779, 89
Trd, 2591351.913, 87
Trd, 2591352.679, 101
Trd, 2591352.796, 101
Trd, 2591352.879, 105
Trd, 2591352.896, 109
Trd, 2591352.963, 91
Trd, 2591354.163, 112
Trd, 2591354.829, 89
Trd, 2591355.913, 89
Trd, 2591356.329, 90
Trd, 2591356.796, 95
Trd, 2591357.346, 89
Trd, 2591358.513, 93
Trd, 2591360.146, 92
Trd, 2591360.296, 102
Trd, 2591361.079, 93
Trd, 2591363.146, 101
Trd, 2591363.696, 97
Trd, 2591364.196, 102
Trd, 2591364.996, 97
Trd, 2591365.179, 95
Trd, 2591365.746, 105
Trd, 2591365.863, 87
Trd, 2591366.046, 94
Trd, 2591366.429, 93
Trd, 2591366.863, 93
Trd, 2591367.229, 103
Trd, 2591367.696, 91
Trd, 2591367.879, 104
Trd, 2591367.979, 105
Trd, 2591368.929, 111
Trd, 2591368.979, 113
Trd, 2591370.513, 102
Trd, 2591370.746, 94
Trd, 2591371.396, 94
Trd, 2591372.963, 116
Trd, 2591374.913, 118
Trd, 2591375.346, 111
Trd, 2591376.113, 108
Trd, 2591376.829, 93
Trd, 2591377.863, 94
Trd, 2591378.413, 102
Trd, 2591378.963, 102
Trd, 2591379.046, 94
Trd, 2591380.146, 94
Trd, 2591381.179, 86
Trd, 2591381.246, 102
Trd, 2591381.363, 105
Trd, 2591382.213, 104
Trd, 2591382.879, 100
Trd, 2591382.946, 85
Trd, 2591383.113, 85
Trd, 2591383.546, 99
Trd, 2591383.779, 105
Trd, 2591384.129, 98
Trd, 2591384.313, 105
Trd, 2591384.563, 84
Trd, 2591385.413, 82
Trd, 2591385.729, 87
Trd, 2591387.079, 94
Trd, 2591387.929, 98
Trd, 2591387.979, 109
Trd, 2591388.013, 112
Trd, 2591388.779, 86
Trd, 2591389.913, 87
Trd, 2591390.946, 81
Trd, 2591391.129, 109
Trd, 2591391.513, 97
Trd, 2591392.496, 88
Trd, 2591392.829, 114
Trd, 2591393.063, 121
Trd, 2591393.079, 92
Trd, 2591394.363, 95
Trd, 2591394.429, 107
Trd, 2591394.513, 88
Trd, 2591394.579, 77
Trd, 2591395.829, 122
Trd, 2591395.863, 125
Trd, 2591397.779, 118
Trd, 2591397.796, 115
Trd, 2591398.063, 108
Trd, 2591399.296, 98
Trd, 2591399.446, 111
Trd, 2591399.529, 118
Trd, 2591402.796, 93
Trd, 2591402.829, 94
Trd, 2591403.696, 97
Trd, 2591404.313, 98
Trd, 2591404.496, 93
Trd, 2591405.079, 97
Trd, 2591406.079, 113
Trd, 2591406.529, 92
Trd, 2591407.796, 87
Trd, 2591408.013, 92
Trd, 2591408.146, 111
Trd, 2591408.379, 87
Trd, 2591408.829, 109
Trd, 2591409.079, 111
Trd, 2591409.313, 87
Trd, 2591410.829, 97
Trd, 2591411.046, 85
Trd, 2591412.246, 94
Trd, 2591412.829, 98
Trd, 2591413.763, 95
Trd, 2591413.896, 104
Trd, 2591413.913, 105
Trd, 2591415.413, 102
Trd, 2591416.929, 101
Trd, 2591417.163, 102
Trd, 2591417.646, 98
Trd, 2591418.846, 104
Trd, 2591419.029, 96
Trd, 2591420.096, 96
Trd, 2591420.529, 89
Trd, 2591421.763, 90
Trd, 2591421.879, 89
Trd, 2591422.746, 105
Trd, 2591424.113, 106
Trd, 2591424.213, 88
Trd, 2591424.529, 102
Trd, 2591425.113, 93
Trd, 2591425.146, 103
Trd, 2591425.346, 107
Trd, 2591426.213, 89
Trd, 2591426.396, 110
Trd, 2591427.029, 91
Trd, 2591427.813, 110
Trd, 2591428.279, 115
Trd, 2591429.763, 89
Trd, 2591431.413, 88
Trd, 2591431.829, 88
Trd, 2591432.029, 109
Trd, 2591432.363, 101
Trd, 2591432.713, 109
Trd, 2591433.229, 99
Trd, 2591433.496, 105
Trd, 2591433.913, 87
Trd, 2591433.929, 86
Trd, 2591435.746, 108
Trd, 2591436.146, 104
Trd, 2591436.463, 106
Trd, 2591437.113, 105
Trd, 2591437.146, 95
Trd, 2591437.796, 105
Trd, 2591438.329, 92
Trd, 2591440.913, 96
Trd, 2591441.279, 108
Trd, 2591442.179, 97
Trd, 2591442.696, 97
Trd, 2591442.779, 114
Trd, 2591443.563, 109
Trd, 2591443.763, 117
Trd, 2591443.996, 108
Trd, 2591444.679, 107
Trd, 2591444.746, 105
Trd, 2591444.763, 121
Trd, 2591445.829, 94
Trd, 2591446.596, 87
Trd, 2591447.013, 100
Trd, 2591447.146, 101
Trd, 2591448.296, 102
Trd, 2591448.796, 125
Trd, 2591449.646, 121
Trd, 2591449.679, 111
Trd, 2591450.196, 110
Trd, 2591450.479, 108
Trd, 2591451.679, 111
Trd, 2591452.263, 108
Trd, 2591453.529, 101
Trd, 2591453.696, 99
Trd, 2591454.079, 98
Trd, 2591454.413, 87
Trd, 2591454.629, 103
Trd, 2591455.546, 92
Trd, 2591455.763, 103
Trd, 2591456.063, 91
Trd, 2591456.429, 104
Trd, 2591457.013, 105
Trd, 2591457.079, 104
Trd, 2591457.563, 93
Trd, 2591458.529, 91
Trd, 2591459.596, 97
Trd, 2591459.629, 98
Trd, 2591460.813, 98
Trd, 2591461.396, 86
Trd, 2591461.796, 113
Trd, 2591464.129, 92
Trd, 2591464.213, 87
Trd, 2591465.179, 104
Trd, 2591465.263, 87
Trd, 2591465.879, 84
Trd, 2591467.079, 99
Trd, 2591468.079, 100
Trd, 2591468.179, 95
Trd, 2591470.813, 96
Trd, 2591470.913, 99
Trd, 2591471.279, 105
Trd, 2591471.929, 114
Trd, 2591471.946, 95
Trd, 2591472.513, 114
Trd, 2591472.779, 115
Trd, 2591473.313, 103
Trd, 2591473.479, 98
Trd, 2591473.979, 100
Trd, 2591474.779, 99
Trd, 2591474.929, 98
Trd, 2591475.096, 111
Trd, 2591475.146, 84
Trd, 2591477.379, 99
Trd, 2591477.513, 102
Trd, 2591477.663, 110
Trd, 2591477.813, 93
Trd, 2591477.896, 96
Trd, 2591478.696, 94
Trd, 2591479.663, 90
Trd, 2591482.013, 105
Trd, 2591482.446, 106
Trd, 2591482.863, 105
Trd, 2591483.663, 94
Trd, 2591483.713, 94
Trd, 2591485.396, 105
Trd, 2591486.313, 114
Trd, 2591486.879, 115
Trd, 2591487.863, 118
Trd, 2591488.763, 115
Trd, 2591488.979, 113
Trd, 2591489.146, 112
Trd, 2591489.613, 110
Trd, 2591489.679, 125
Trd, 2591490.396, 108
Trd, 2591490.529, 104
Trd, 2591491.446, 94
Trd, 2591492.313, 101
Trd, 2591492.946, 88
Trd, 2591493.263, 91
Trd, 2591494.096, 92
Trd, 2591494.713, 92
Trd, 2591495.479, 88
Trd, 2591495.496, 98
Trd, 2591495.946, 95
Trd, 2591496.996, 104
Trd, 2591497.679, 91
Trd, 2591497.696, 87
Trd, 2591499.246, 104
Trd, 2591500.446, 101
Trd, 2591500.579, 89
Trd, 2591500.746, 91
Trd, 2591500.929, 101
Trd, 2591501.146, 94
Trd, 2591501.529, 87
Trd, 2591502.646, 100
Trd, 2591503.096, 104
Trd, 2591503.913, 105
Trd, 2591504.979, 90
Trd, 2591505.746, 81
Trd, 2591506.229, 85
Trd, 2591506.679, 92
Trd, 2591507.946, 101
Trd, 2591508.196, 104
Trd, 2591509.446, 99
Trd, 2591509.746, 105
Trd, 2591511.096, 100
Trd, 2591511.196, 111
Trd, 2591512.046, 112
Trd, 2591512.063, 115
Trd, 2591513.763, 109
Trd, 2591513.963, 108
Trd, 2591514.313, 112
Trd, 2591514.863, 107
Trd, 2591515.096, 98
Trd, 2591515.163, 92
Trd, 2591515.796, 87
Trd, 2591517.263, 95
Trd, 2591519.229, 88
Trd, 2591519.429, 104
Trd, 2591519.929, 105
Trd, 2591520.329, 93
Trd, 2591520.729, 93
Trd, 2591520.796, 107
Trd, 2591521.396, 109
Trd, 2591521.496, 113
Trd, 2591521.679, 118
Trd, 2591521.929, 124
Trd, 2591522.213, 99
Trd, 2591522.246, 99
Trd, 2591522.813, 120
Trd, 2591524.713, 92
Trd, 2591525.796, 116
Trd, 2591526.996, 93
Trd, 2591528.363, 98
Trd, 2591528.746, 99
Trd, 2591528.929, 105
Trd, 2591529.246, 86
Trd, 2591530.479, 94
Trd, 2591530.679, 112
Trd, 2591531.263, 88
Trd, 2591531.929, 84
Trd, 2591532.479, 102
Trd, 2591532.829, 98
Trd, 2591533.346, 104
Trd, 2591533.429, 97
Trd, 2591534.096, 109
Trd, 2591536.729, 99
Trd, 2591537.396, 101
Trd, 2591537.713, 99
Trd, 2591538.746, 102
Trd, 2591538.813, 100
Trd, 2591539.113, 114
Trd, 2591539.746, 98
Trd, 2591540.563, 112
Trd, 2591541.396, 112
Trd, 2591541.613, 114
Trd, 2591541.663, 97
Trd, 2591542.179, 116
Trd, 2591542.729, 100
Trd, 2591542.746, 94
Trd, 2591542.863, 87
Trd, 2591543.029, 84
Trd, 2591543.463, 101
Trd, 2591544.879, 109
Trd, 2591545.329, 93
Trd, 2591545.546, 91
Trd, 2591545.913, 118
Trd, 2591549.563, 108
Trd, 2591550.046, 106
Trd, 2591550.229, 102
Trd, 2591550.363, 112
Trd, 2591550.796, 112
Trd, 2591552.096, 105
Trd, 2591552.196, 104
Trd, 2591552.246, 103
Trd, 2591552.663, 98
Trd, 2591552.963, 109
Trd, 2591553.379, 109
Trd, 2591553.829, 110
Trd, 2591554.363, 112
Trd, 2591555.829, 118
Trd, 2591557.296, 101
Trd, 2591557.363, 124
Trd, 2591558.013, 100
Trd, 2591558.246, 98
Trd, 2591558.313, 91
Trd, 2591559.313, 109
Trd, 2591559.429, 97
Trd, 2591559.763, 111
Trd, 2591560.446, 95
Trd, 2591560.829, 108
Trd, 2591561.646, 98
Trd, 2591561.963, 97
Trd, 2591561.979, 88
Trd, 2591562.713, 91
Trd, 2591562.813, 111
Trd, 2591563.379, 92
Trd, 2591563.496, 89
Trd, 2591563.779, 91
Trd, 2591564.713, 112
Trd, 2591565.596, 113
Trd, 2591568.813, 113
Trd, 2591569.013, 111
Trd, 2591569.196, 104
Trd, 2591569.413, 103
Trd, 2591569.529, 98
Trd, 2591569.863, 111
Trd, 2591570.613, 108
Trd, 2591572.263, 96
Trd, 2591572.379, 104
Trd, 2591572.529, 105
Trd, 2591572.579, 96
Trd, 2591572.679, 87
Trd, 2591573.463, 102
Trd, 2591574.329, 99
Trd, 2591574.463, 105
Trd, 2591575.296, 112
Trd, 2591575.379, 102
Trd, 2591575.913, 99
Trd, 2591576.313, 113
Trd, 2591577.896, 108
Trd, 2591578.329, 93
Trd, 2591579.813, 92
Trd, 2591579.846, 109
Trd, 2591580.296, 110
Trd, 2591580.713, 117
Trd, 2591581.846, 93
Trd, 2591583.063, 102
Trd, 2591583.129, 105
Trd, 2591583.246, 97
Trd, 2591584.329, 89
Trd, 2591587.963, 105
Trd, 2591588.063, 106
Trd, 2591588.429, 98
Trd, 2591588.563, 97
Trd, 2591588.696, 105
Trd, 2591589.113, 96
Trd, 2591589.229, 106
Trd, 2591589.346, 95
Trd, 2591589.879, 111
Trd, 2591590.296, 103
Trd, 2591590.379, 92
Trd, 2591592.346, 90
Trd, 2591592.396, 87
Trd, 2591592.546, 119
Trd, 2591593.646, 88
Trd, 2591593.796, 118
Trd, 2591594.213, 118
Trd, 2591595.479, 99
Trd, 2591596.379, 107
Trd, 2591597.279, 104
Trd, 2591597.613, 120
Trd, 2591597.813, 103
Trd, 2591598.246, 118
Trd, 2591599.696, 97
Trd, 2591600.029, 90
Trd, 2591601.446, 85
Trd, 2591602.196, 110
Trd, 2591602.246, 111
Trd, 2591602.563, 99
Trd, 2591602.613, 111
Trd, 2591603.246, 87
Trd, 2591603.629, 91
Trd, 2591604.713, 94
Trd, 2591604.829, 94
Trd, 2591605.229, 104
Trd, 2591605.379, 92
Trd, 2591606.013, 91
Trd, 2591606.413, 105
Trd, 2591609.729, 90
Trd, 2591611.629, 91
Trd, 2591611.679, 97
Trd, 2591612.413, 92
Trd, 2591612.713, 96
Trd, 2591612.846, 97
Trd, 2591612.879, 98
Trd, 2591613.029, 105
Trd, 2591613.213, 113
Trd, 2591614.363, 93
Trd, 2591615.479, 116
Trd, 2591615.846, 118
Trd, 2591616.196, 92
Trd, 2591617.146, 114
Trd, 2591617.379, 113
Trd, 2591617.679, 111
Trd, 2591618.613, 88
Trd, 2591619.029, 87
Trd, 2591619.613, 101
Trd, 2591619.963, 101
Trd, 2591620.579, 93
Trd, 2591621.379, 109
Trd, 2591621.729, 97
Trd, 2591623.146, 109
Trd, 2591623.396, 109
Trd, 2591623.729, 104
Trd, 2591624.063, 87
Trd, 2591624.713, 88
Trd, 2591625.529, 104
Trd, 2591627.046, 105
Trd, 2591627.296, 100
Trd, 2591627.346, 112
Trd, 2591628.046, 96
Trd, 2591629.463, 103
Trd, 2591629.629, 96
Trd, 2591629.646, 94
Trd, 2591630.629, 89
Trd, 2591630.746, 96
Trd, 2591631.546, 102
Trd, 2591634.329, 101
Trd, 2591635.129, 105
Trd, 2591635.296, 107
Trd, 2591636.079, 102
Trd, 2591636.146, 101
Trd, 2591636.246, 109
Trd, 2591636.346, 98
Trd, 2591636.763, 110
Trd, 2591638.763, 111
Trd, 2591638.946, 111
Trd, 2591639.563, 111
Trd, 2591640.296, 108
Trd, 2591640.779, 112
Trd, 2591642.113, 101
Trd, 2591642.279, 110
Trd, 2591643.129, 100
Trd, 2591643.229, 99
Trd, 2591643.713, 95
Trd, 2591646.946, 92
Trd, 2591647.013, 91
Trd, 2591647.413, 95
Trd, 2591647.863, 89
Trd, 2591648.213, 112
Trd, 2591648.563, 85
Trd, 2591648.946, 113
Trd, 2591650.263, 113
Trd, 2591650.546, 101
Trd, 2591650.646, 94
Trd, 2591650.913, 92
Trd, 2591651.429, 112
Trd, 2591652.413, 96
Trd, 2591652.596, 88
Trd, 2591652.746, 109
Trd, 2591652.779, 110
Trd, 2591652.896, 91
Trd, 2591653.896, 117
Trd, 2591654.529, 116
Trd, 2591655.229, 115
Trd, 2591656.446, 112
Trd, 2591657.579, 108
Trd, 2591659.246, 96
Trd, 2591659.496, 109
Trd, 2591659.679, 111
Trd, 2591660.396, 118
Trd, 2591660.679, 87
Trd, 2591660.929, 90
Trd, 2591662.363, 92
Trd, 2591662.546, 89
Trd, 2591662.713, 110
Trd, 2591663.063, 88
Trd, 2591663.629, 98
Trd, 2591664.263, 105
Trd, 2591665.363, 96
Trd, 2591665.413, 94
Trd, 2591666.513, 99
Trd, 2591666.746, 118
Trd, 2591667.846, 99
Trd, 2591668.329, 99
Trd, 2591668.363, 98
Trd, 2591668.429, 99
Trd, 2591668.579, 100
Trd, 2591669.163, 94
Trd, 2591670.046, 109
Trd, 2591670.396, 101
Trd, 2591672.829, 107
Trd, 2591672.979, 95
Trd, 2591673.279, 110
Trd, 2591673.896, 89
Trd, 2591674.313, 113
Trd, 2591674.613, 123
Trd, 2591674.846, 112
Trd, 2591675.046, 111
Trd, 2591675.363, 108
Trd, 2591675.396, 89
Trd, 2591675.629, 87
Trd, 2591675.913, 84
Trd, 2591677.696, 112
Trd, 2591678.246, 87
Trd, 2591679.546, 95
Trd, 2591680.029, 94
Trd, 2591680.929, 107
Trd, 2591682.446, 93
Trd, 2591682.679, 107
Trd, 2591683.046, 94
Trd, 2591683.663, 94
Trd, 2591684.863, 94
Trd, 2591684.879, 93
Trd, 2591685.046, 92
Trd, 2591685.679, 92
Trd, 2591686.163, 104
Trd, 2591687.213, 99
Trd, 2591687.579, 117
Trd, 2591688.579, 118
Trd, 2591690.079, 108
Trd, 2591690.146, 110
Trd, 2591690.546, 116
Trd, 2591690.913, 91
Trd, 2591691.463, 115
Trd, 2591692.879, 95
Trd, 2591693.846, 95
Trd, 2591694.096, 106
Trd, 2591694.679, 108
Trd, 2591695.096, 91
Trd, 2591695.429, 92
Trd, 2591697.246, 92
Trd, 2591697.763, 99
Trd, 2591698.179, 97
Trd, 2591698.629, 97
Trd, 2591699.629, 98
Trd, 2591700.596, 87
Trd, 2591700.713, 82
Trd, 2591701.513, 101
Trd, 2591702.513, 91
Trd, 2591702.529, 86
Trd, 2591703.179, 98
Trd, 2591703.696, 99
Trd, 2591703.913, 99
Trd, 2591705.413, 112
Trd, 2591705.996, 112
Trd, 2591706.646, 108
Trd, 2591707.363, 97
Trd, 2591707.779, 93
Trd, 2591708.746, 94
Trd, 2591709.446, 109
Trd, 2591709.946, 94
Trd, 2591710.879, 88
Trd, 2591711.596, 91
Trd, 2591711.696, 105
Trd, 2591712.479, 96
Trd, 2591712.679, 90
Trd, 2591713.263, 103
Trd, 2591713.746, 90
Trd, 2591713.913, 103
Trd, 2591713.946, 105
Trd, 2591714.946, 109
Trd, 2591715.129, 87
Trd, 2591715.346, 112
Trd, 2591716.096, 87
Trd, 2591716.546, 84
Trd, 2591717.646, 103
Trd, 2591718.413, 116
Trd, 2591718.763, 118
Trd, 2591719.146, 88
Trd, 2591719.396, 87
Trd, 2591720.313, 94
Trd, 2591720.929, 106
Trd, 2591721.346, 90
Trd, 2591723.296, 92
Trd, 2591724.129, 106
Trd, 2591724.463, 109
Trd, 2591725.079, 107
Trd, 2591725.179, 108
Trd, 2591725.513, 98
Trd, 2591726.179, 107
Trd, 2591727.346, 106
Trd, 2591728.763, 100
Trd, 2591729.046, 106
Trd, 2591729.429, 101
Trd, 2591730.196, 106
Trd, 2591730.596, 111
Trd, 2591731.079, 98
Trd, 2591731.579, 112
Trd, 2591731.613, 100
Trd, 2591732.046, 94
Trd, 2591732.163, 109
Trd, 2591732.796, 94
Trd, 2591732.879, 88
Trd, 2591734.863, 109
Trd, 2591735.496, 95
Trd, 2591735.646, 94
Trd, 2591735.779, 109
Trd, 2591736.179, 110
Trd, 2591736.863, 112
Trd, 2591738.429, 98
Trd, 2591738.613, 95
Trd, 2591739.429, 88
Trd, 2591740.479, 91
Trd, 2591741.379, 109
Trd, 2591741.513, 87
Trd, 2591742.563, 93
Trd, 2591742.896, 94
Trd, 2591743.529, 88
Trd, 2591743.796, 94
Trd, 2591743.829, 98
Trd, 2591744.946, 88
Trd, 2591745.513, 86
Trd, 2591746.196, 101
Trd, 2591747.896, 99
Trd, 2591748.179, 99
Trd, 2591748.213, 101
Trd, 2591748.446, 103
Trd, 2591748.913, 86
Trd, 2591749.279, 89
Trd, 2591749.396, 105
Trd, 2591750.063, 90
Trd, 2591750.229, 87
Trd, 2591750.496, 120
Trd, 2591751.429, 90
Trd, 2591752.579, 109
Trd, 2591753.146, 101
Trd, 2591753.529, 110
Trd, 2591754.996, 108
Trd, 2591755.063, 101
Trd, 2591756.429, 96
Trd, 2591757.129, 95
Trd, 2591758.346, 98
Trd, 2591758.696, 98
Trd, 2591758.829, 112
Trd, 2591758.963, 112
Trd, 2591760.113, 97
Trd, 2591760.929, 91
Trd, 2591761.196, 89
Trd, 2591761.263, 107
Trd, 2591762.679, 108
Trd, 2591762.796, 107
Trd, 2591763.013, 109
Trd, 2591763.179, 110
Trd, 2591763.813, 87
Trd, 2591766.446, 91
Trd, 2591766.579, 98
Trd, 2591767.296, 92
Trd, 2591767.579, 106
Trd, 2591768.079, 112
Trd, 2591768.546, 101
Trd, 2591768.846, 125
Trd, 2591769.663, 87
Trd, 2591769.813, 87
Trd, 2591771.546, 105
Trd, 2591771.713, 106
Trd, 2591773.196, 106
Trd, 2591773.263, 107
Trd, 2591773.746, 92
Trd, 2591773.796, 91
Trd, 2591774.029, 91
Trd, 2591775.196, 103
Trd, 2591775.346, 88
Trd, 2591775.663, 86
Trd, 2591776.263, 105
Trd, 2591776.463, 106
Trd, 2591776.529, 108
Trd, 2591777.063, 90
Trd, 2591777.413, 113
Trd, 2591778.229, 86
Trd, 2591778.296, 117
Trd, 2591780.663, 112
Trd, 2591781.079, 111
Trd, 2591781.313, 120
Trd, 2591782.146, 91
Trd, 2591783.379, 102
Trd, 2591784.413, 101
Trd, 2591784.463, 105
Trd, 2591784.479, 100
Trd, 2591784.496, 87
Trd, 2591784.646, 86
Trd, 2591786.096, 93
Trd, 2591787.513, 92
Trd, 2591787.646, 92
Trd, 2591787.929, 91
Trd, 2591788.529, 91
Trd, 2591790.696, 95
Trd, 2591790.813, 96
Trd, 2591790.963, 99
Trd, 2591791.379, 100
Trd, 2591791.896, 86
Trd, 2591792.679, 97
Trd, 2591792.879, 92
Trd, 2591792.963, 84
Trd, 2591793.496, 81
Trd, 2591794.413, 105
Trd, 2591795.763, 103
Trd, 2591796.746, 110
Trd, 2591797.046, 93
Trd, 2591798.463, 112
Trd, 2591798.679, 125
Trd, 2591798.746, 112
Trd, 2591799.146, 96
Trd, 2591799.296, 130
Trd, 2591799.763, 93
Trd, 2591799.896, 90
Trd, 2591800.129, 93
Trd, 2591800.229, 88
Trd, 2591802.979, 106
Trd, 2591803.196, 102
Trd, 2591803.246, 107
Trd, 2591803.913, 101
Trd, 2591804.013, 108
Trd, 2591804.296, 108
Trd, 2591804.646, 97
Trd, 2591805.763, 106
Trd, 2591805.829, 108
Trd, 2591806.163, 103
Trd, 2591806.396, 87
Trd, 2591806.879, 86
Trd, 2591807.196, 93
Trd, 2591807.596, 105
Trd, 2591808.679, 112
Trd, 2591809.829, 121
Trd, 2591810.429, 98
Trd, 2591811.263, 113
Trd, 2591811.779, 106
Trd, 2591812.629, 98
Trd, 2591814.179, 105
Trd, 2591814.979, 105
Trd, 2591815.179, 94
Trd, 2591815.596, 90
Trd, 2591816.246, 94
Trd, 2591816.913, 91
Trd, 2591817.279, 97
Trd, 2591817.646, 97
Trd, 2591818.479, 96
Trd, 2591819.446, 89
Trd, 2591820.346, 89
Trd, 2591820.613, 94
Trd, 2591820.846, 98
Trd, 2591821.163, 103
Trd, 2591821.829, 104
Trd, 2591822.413, 105
Trd, 2591822.863, 100
Trd, 2591823.029, 98
Trd, 2591823.113, 115
Trd, 2591824.229, 87
Trd, 2591824.596, 104
Trd, 2591824.863, 105
Trd, 2591828.546, 99
Trd, 2591829.179, 104
Trd, 2591829.463, 99
Trd, 2591829.579, 107
Trd, 2591829.746, 91
Trd, 2591829.896, 84
Trd, 2591830.496, 92
Trd, 2591831.129, 92
Trd, 2591832.429, 101
Trd, 2591832.763, 101
Trd, 2591833.629, 90
Trd, 2591833.679, 111
Trd, 2591833.729, 88
Trd, 2591833.879, 87
Trd, 2591834.663, 110
Trd, 2591835.846, 120
Trd, 2591836.363, 120
Trd, 2591836.596, 117
Trd, 2591836.796, 98
Trd, 2591837.729, 95
Trd, 2591837.779, 105
Trd, 2591838.463, 104
Trd, 2591839.046, 95
Trd, 2591840.546, 90
Trd, 2591840.796, 101
Trd, 2591841.563, 100
Trd, 2591843.329, 100
Trd, 2591844.113, 103
Trd, 2591844.463, 98
Trd, 2591844.496, 103
Trd, 2591844.613, 96
Trd, 2591845.196, 105
Trd, 2591845.213, 109
Trd, 2591845.313, 111
Trd, 2591846.329, 118
Trd, 2591846.346, 88
Trd, 2591846.363, 86
Trd, 2591846.579, 104
Trd, 2591847.763, 99
Trd, 2591848.746, 113
Trd, 2591849.279, 110
Trd, 2591849.379, 111
Trd, 2591849.696, 100
Trd, 2591850.163, 99
Trd, 2591852.179, 101
Trd, 2591854.146, 101
Trd, 2591854.413, 98
Trd, 2591854.879, 105
Trd, 2591855.113, 90
Trd, 2591855.796, 87
Trd, 2591856.129, 113
Trd, 2591856.596, 87
Trd, 2591856.696, 112
Trd, 2591856.846, 87
Trd, 2591857.213, 117
Trd, 2591857.396, 86
Trd, 2591859.129, 92
Trd, 2591859.163, 86
Trd, 2591860.163, 112
Trd, 2591861.096, 125
Trd, 2591861.446, 123
Trd, 2591861.763, 122
Trd, 2591861.846, 111
Trd, 2591862.646, 86
Trd, 2591862.846, 84
Trd, 2591864.246, 91
Trd, 2591865.563, 102
Trd, 2591865.946, 101
Trd, 2591866.946, 85
Trd, 2591866.996, 83
Trd, 2591867.113, 86
Trd, 2591869.396, 89
Trd, 2591870.713, 98
Trd, 2591872.113, 100
Trd, 2591872.413, 90
Trd, 2591872.713, 104
Trd, 2591873.146, 87
Trd, 2591873.629, 90
Trd, 2591873.763, 95
Trd, 2591874.563, 103
Trd, 2591874.946, 105
Trd, 2591875.163, 111
Trd, 2591876.079, 111
Trd, 2591876.313, 101
Trd, 2591876.479, 100
Trd, 2591876.679, 112
Trd, 2591877.329, 99
Trd, 2591878.679, 114
Trd, 2591879.763, 108
Trd, 2591880.429, 102
Trd, 2591880.446, 113
Trd, 2591880.929, 111
Trd, 2591881.663, 101
Trd, 2591882.129, 100
Trd, 2591882.229, 86
Trd, 2591882.796, 114
Trd, 2591885.379, 98
Trd, 2591886.213, 83
Trd, 2591886.946, 103
Trd, 2591887.896, 116
Trd, 2591888.313, 97
Trd, 2591889.479, 113
Trd, 2591889.629, 112
Trd, 2591890.479, 102
Trd, 2591890.846, 102
Trd, 2591890.963, 101
Trd, 2591891.079, 109
Trd, 2591891.146, 110
Trd, 2591892.913, 103
Trd, 2591893.996, 106
Trd, 2591894.629, 103
Trd, 2591894.763, 106
Trd, 2591895.713, 94
Trd, 2591896.096, 103
Trd, 2591896.246, 96
Trd, 2591896.613, 102
Trd, 2591898.913, 96
Trd, 2591899.246, 97
Trd, 2591899.363, 96
Trd, 2591899.546, 93
Trd, 2591899.579, 98
Trd, 2591900.079, 100
Trd, 2591900.613, 105
Trd, 2591900.913, 111
Trd, 2591902.079, 101
Trd, 2591902.746, 87
Trd, 2591903.213, 112
Trd, 2591904.113, 86
Trd, 2591905.729, 95
Trd, 2591907.029, 99
Trd, 2591907.046, 101
Trd, 2591907.663, 99
Trd, 2591907.879, 97
Trd, 2591908.596, 97
Trd, 2591908.846, 110
Trd, 2591909.513, 99
Trd, 2591909.779, 97
Trd, 2591910.746, 106
Trd, 2591911.096, 89
Trd, 2591911.146, 107
Trd, 2591912.546, 94
Trd, 2591913.596, 108
Trd, 2591913.696, 110
Trd, 2591913.796, 115
Trd, 2591914.746, 100
Trd, 2591915.463, 95
Trd, 2591915.596, 116
Trd, 2591915.646, 112
Trd, 2591916.279, 120
Trd, 2591916.946, 90
Trd, 2591920.396, 102
Trd, 2591920.896, 114
Trd, 2591921.396, 107
Trd, 2591921.463, 100
Trd, 2591921.496, 109
Trd, 2591921.629, 100
Trd, 2591923.063, 118
Trd, 2591923.296, 99
Trd, 2591923.479, 98
Trd, 2591926.213, 101
Trd, 2591927.029, 103
Trd, 2591927.863, 99
Trd, 2591927.963, 103
Trd, 2591928.146, 104
Trd, 2591928.413, 98
Trd, 2591928.446, 96
Trd, 2591928.796, 105
Trd, 2591930.413, 96
Trd, 2591930.729, 95
Trd, 2591930.896, 94
Trd, 2591931.079, 98
Trd, 2591931.663, 107
Trd, 2591932.129, 108
Trd, 2591932.279, 90
Trd, 2591932.496, 110
Trd, 2591932.696, 95
Trd, 2591933.913, 100
Trd, 2591934.063, 112
Trd, 2591934.346, 117
Trd, 2591935.013, 103
Trd, 2591935.079, 102
Trd, 2591937.813, 114
Trd, 2591938.029, 115
Trd, 2591938.879, 127
Trd, 2591939.296, 101
Trd, 2591939.646, 118
Trd, 2591940.463, 95
Trd, 2591940.513, 108
Trd, 2591941.113, 94
Trd, 2591941.596, 101
Trd, 2591942.629, 108
Trd, 2591942.829, 100
Trd, 2591943.596, 105
Trd, 2591943.663, 99
Trd, 2591944.729, 98
Trd, 2591947.479, 97
Trd, 2591947.613, 94
Trd, 2591947.796, 92
Trd, 2591947.846, 97
Trd, 2591947.979, 98
Trd, 2591948.013, 83
Trd, 2591948.746, 97
Trd, 2591949.296, 98
Trd, 2591950.713, 112
Trd, 2591951.829, 121
Trd, 2591952.613, 110
Trd, 2591953.513, 105
Trd, 2591953.596, 103
Trd, 2591953.763, 111
Trd, 2591953.863, 117
Trd, 2591954.163, 100
Trd, 2591954.546, 118
Trd, 2591954.813, 98
Trd, 2591955.563, 89
Trd, 2591956.046, 91
Trd, 2591956.596, 97
Trd, 2591956.713, 91
Trd, 2591958.713, 104
Trd, 2591959.679, 102
Trd, 2591959.929, 91
Trd, 2591960.496, 87
Trd, 2591961.829, 100
Trd, 2591962.129, 86
Trd, 2591962.613, 85
Trd, 2591963.346, 85
Trd, 2591963.529, 87
Trd, 2591963.729, 88
Trd, 2591964.163, 85
Trd, 2591964.563, 99
Trd, 2591965.763, 97
Trd, 2591965.846, 100
Trd, 2591965.863, 105
Trd, 2591966.646, 96
Trd, 2591966.679, 108
Trd, 2591966.913, 88
Trd, 2591968.813, 89
Trd, 2591968.879, 90
Trd, 2591970.313, 93
Trd, 2591970.579, 93
Trd, 2591970.746, 87
Trd, 2591971.046, 86
Trd, 2591972.079, 98
Trd, 2591972.929, 105
Trd, 2591973.113, 110
Trd, 2591975.163, 108
Trd, 2591975.329, 93
Trd, 2591975.346, 92
Trd, 2591976.696, 101
Trd, 2591977.613, 107
Trd, 2591977.929, 107
Trd, 2591978.279, 93
Trd, 2591978.713, 101
Trd, 2591979.396, 104
Trd, 2591980.179, 96
Trd, 2591981.396, 93
Trd, 2591981.479, 106
Trd, 2591981.663, 107
Trd, 2591982.513, 89
Trd, 2591983.113, 107
Trd, 2591983.296, 108
Trd, 2591983.529, 93
Trd, 2591984.263, 92
Trd, 2591984.963, 94
Trd, 2591985.313, 92
Trd, 2591985.579, 106
Trd, 2591987.096, 102
Trd, 2591987.263, 105
Trd, 2591988.396, 87
Trd, 2591988.596, 103
Trd, 2591989.113, 88
Trd, 2591989.663, 84
Trd, 2591990.146, 101
Trd, 2591990.379, 102
Trd, 2591991.546, 107
Trd, 2591992.179, 102
Trd, 2591992.229, 109
Trd, 2591992.946, 101
Trd, 2591993.013, 100
Trd, 2591993.546, 87
Trd, 2591993.563, 86
Trd, 2591993.746, 112
Trd, 2591995.346, 94
Trd, 2591995.846, 117
Trd, 2591996.196, 97
Trd, 2591996.596, 101
Trd, 2591996.996, 101
Trd, 2591997.763, 102
Trd, 2591998.213, 99
Trd, 2591998.779, 114
Trd, 2591999.713, 109
Trd, 2591999.996, 98
