Trd, 2590679.913, 101
Trd, 2590680.096, 100
Trd, 2590680.229, 111
Trd, 2590680.463, 112
Trd, 2590680.563, 113
Trd, 2590680.713, 98
Trd, 2590680.913, 111
Trd, 2590681.929, 114
Trd, 2590682.529, 98
Trd, 2590684.046, 112
Trd, 2590684.713, 111
Trd, 2590684.979, 95
Trd, 2590685.279, 91
Trd, 2590685.513, 87
Trd, 2590686.346, 102
Trd, 2590686.729, 104
Trd, 2590688.796, 96
Trd, 2590689.963, 98
Trd, 2590690.113, 103
Trd, 2590690.329, 94
Trd, 2590690.696, 104
Trd, 2590690.879, 92
Trd, 2590691.429, 92
Trd, 2590691.729, 110
Trd, 2590692.496, 87
Trd, 2590694.196, 113
Trd, 2590694.713, 113
Trd, 2590695.996, 113
Trd, 2590696.929, 112
Trd, 2590696.996, 114
Trd, 2590697.813, 106
Trd, 2590698.379, 115
Trd, 2590699.629, 106
Trd, 2590700.279, 106
Trd, 2590700.513, 105
Trd, 2590702.046, 102
Trd, 2590702.379, 103
Trd, 2590702.929, 108
Trd, 2590703.263, 101
Trd, 2590703.396, 98
Trd, 2590703.829, 107
Trd, 2590704.429, 109
Trd, 2590704.579, 112
Trd, 2590705.229, 108
Trd, 2590705.829, 99
Trd, 2590706.413, 105
Trd, 2590706.513, 119
Trd, 2590707.729, 113
Trd, 2590708.196, 113
Trd, 2590709.146, 120
Trd, 2590709.846, 112
Trd, 2590711.413, 118
Trd, 2590712.229, 115
Trd, 2590712.379, 118
Trd, 2590712.863, 107
Trd, 2590713.479, 105
Trd, 2590715.363, 101
Trd, 2590716.129, 99
Trd, 2590716.396, 98
Trd, 2590716.996, 99
Trd, 2590717.296, 96
Trd, 2590718.113, 100
Trd, 2590718.129, 99
Trd, 2590718.363, 101
Trd, 2590718.429, 94
Trd, 2590719.896, 104
Trd, 2590720.396, 107
Trd, 2590721.196, 101
Trd, 2590721.346, 101
Trd, 2590721.579, 107
Trd, 2590721.663, 98
Trd, 2590721.813, 107
Trd, 2590723.263, 93
Trd, 2590724.113, 105
Trd, 2590724.429, 92
Trd, 2590724.879, 104
Trd, 2590725.213, 104
Trd, 2590727.029, 106
Trd, 2590728.546, 106
Trd, 2590728.779, 105
Trd, 2590729.279, 108
Trd, 2590730.129, 103
Trd, 2590730.863, 111
Trd, 2590731.896, 112
Trd, 2590732.729, 109
Trd, 2590732.763, 108
Trd, 2590733.513, 108
Trd, 2590734.079, 106
Trd, 2590734.363, 106
Trd, 2590734.646, 107
Trd, 2590734.846, 107
Trd, 2590735.046, 107
Trd, 2590736.179, 108
Trd, 2590737.696, 101
Trd, 2590737.979, 97
Trd, 2590738.196, 105
Trd, 2590740.329, 106
Trd, 2590741.429, 103
Trd, 2590742.546, 102
Trd, 2590742.679, 104
Trd, 2590743.296, 113
Trd, 2590743.579, 102
Trd, 2590744.929, 116
Trd, 2590745.646, 110
Trd, 2590745.829, 107
Trd, 2590746.163, 104
Trd, 2590746.263, 107
Trd, 2590746.913, 102
Trd, 2590748.113, 102
Trd, 2590748.179, 101
Trd, 2590748.579, 102
Trd, 2590748.646, 99
Trd, 2590750.379, 99
Trd, 2590750.529, 101
Trd, 2590750.929, 105
Trd, 2590751.013, 114
Trd, 2590751.079, 124
Trd, 2590751.546, 115
Trd, 2590751.629, 98
Trd, 2590754.296, 103
Trd, 2590755.496, 107
Trd, 2590755.796, 113
Trd, 2590755.929, 101
Trd, 2590757.413, 97
Trd, 2590757.713, 108
Trd, 2590760.063, 105
Trd, 2590760.246, 105
Trd, 2590760.346, 106
Trd, 2590760.413, 103
Trd, 2590760.513, 108
Trd, 2590761.296, 94
Trd, 2590762.279, 91
Trd, 2590762.429, 103
Trd, 2590763.296, 88
Trd, 2590763.613, 100
Trd, 2590763.696, 100
Trd, 2590764.113, 101
Trd, 2590765.646, 102
Trd, 2590765.979, 113
Trd, 2590766.146, 110
Trd, 2590766.979, 106
Trd, 2590767.329, 106
Trd, 2590767.363, 101
Trd, 2590768.979, 105
Trd, 2590769.529, 104
Trd, 2590769.913, 103
Trd, 2590770.846, 111
Trd, 2590773.063, 98
Trd, 2590774.813, 104
Trd, 2590775.913, 94
Trd, 2590776.346, 98
Trd, 2590776.979, 99
Trd, 2590777.329, 105
Trd, 2590777.579, 103
Trd, 2590777.979, 100
Trd, 2590778.163, 99
Trd, 2590778.429, 98
Trd, 2590778.529, 106
Trd, 2590779.979, 103
Trd, 2590780.846, 107
Trd, 2590781.413, 106
Trd, 2590781.663, 103
Trd, 2590781.729, 102
Trd, 2590781.829, 101
Trd, 2590783.013, 97
Trd, 2590784.596, 92
Trd, 2590784.979, 98
Trd, 2590785.896, 94
Trd, 2590786.063, 95
Trd, 2590786.579, 95
Trd, 2590786.779, 97
Trd, 2590787.879, 102
Trd, 2590789.163, 98
Trd, 2590789.179, 101
Trd, 2590789.829, 105
Trd, 2590790.213, 117
Trd, 2590790.829, 103
Trd, 2590791.346, 103
Trd, 2590791.446, 101
Trd, 2590791.946, 112
Trd, 2590791.979, 113
Trd, 2590793.196, 111
Trd, 2590793.746, 107
Trd, 2590793.913, 112
Trd, 2590794.929, 109
Trd, 2590796.079, 107
Trd, 2590797.146, 99
Trd, 2590798.763, 111
Trd, 2590799.196, 112
Trd, 2590799.829, 103
Trd, 2590800.396, 102
Trd, 2590801.296, 109
Trd, 2590801.463, 115
Trd, 2590802.213, 101
Trd, 2590802.696, 96
Trd, 2590803.263, 95
Trd, 2590803.729, 112
Trd, 2590804.379, 97
Trd, 2590805.846, 111
Trd, 2590806.096, 113
Trd, 2590807.313, 113
Trd, 2590808.096, 108
Trd, 2590808.629, 113
Trd, 2590808.729, 107
Trd, 2590809.479, 106
Trd, 2590809.913, 109
Trd, 2590810.929, 106
Trd, 2590812.496, 106
Trd, 2590813.896, 105
Trd, 2590814.746, 103
Trd, 2590815.979, 101
Trd, 2590816.329, 102
Trd, 2590817.563, 101
Trd, 2590818.146, 101
Trd, 2590818.446, 108
Trd, 2590818.929, 103
Trd, 2590819.163, 109
Trd, 2590819.596, 107
Trd, 2590819.763, 109
Trd, 2590821.163, 108
Trd, 2590821.413, 107
Trd, 2590821.579, 108
Trd, 2590822.246, 106
Trd, 2590822.329, 113
Trd, 2590823.413, 110
Trd, 2590823.779, 110
Trd, 2590824.213, 107
Trd, 2590825.746, 118
Trd, 2590825.796, 108
Trd, 2590826.479, 118
Trd, 2590827.996, 113
Trd, 2590828.546, 111
Trd, 2590828.679, 106
Trd, 2590829.313, 106
Trd, 2590829.746, 105
Trd, 2590830.829, 106
Trd, 2590831.029, 101
Trd, 2590831.263, 96
Trd, 2590831.896, 106
Trd, 2590832.213, 106
Trd, 2590832.996, 107
Trd, 2590833.913, 108
Trd, 2590834.163, 113
Trd, 2590834.463, 106
Trd, 2590836.179, 111
Trd, 2590836.213, 110
Trd, 2590836.329, 108
Trd, 2590836.696, 101
Trd, 2590837.129, 95
Trd, 2590840.346, 102
Trd, 2590840.613, 103
Trd, 2590840.763, 104
Trd, 2590842.196, 104
Trd, 2590842.929, 105
Trd, 2590843.113, 102
Trd, 2590843.479, 97
Trd, 2590844.213, 94
Trd, 2590844.563, 104
Trd, 2590845.479, 92
Trd, 2590846.279, 108
Trd, 2590846.629, 98
Trd, 2590846.679, 92
Trd, 2590846.796, 108
Trd, 2590847.363, 107
Trd, 2590848.629, 109
Trd, 2590851.413, 102
Trd, 2590851.529, 103
Trd, 2590851.746, 104
Trd, 2590852.896, 105
Trd, 2590853.379, 106
Trd, 2590853.529, 106
Trd, 2590853.813, 105
Trd, 2590853.829, 104
Trd, 2590853.913, 109
Trd, 2590855.546, 95
Trd, 2590856.296, 112
Trd, 2590856.463, 116
Trd, 2590857.063, 107
Trd, 2590857.329, 95
Trd, 2590857.379, 118
Trd, 2590859.113, 104
Trd, 2590861.113, 100
Trd, 2590861.396, 97
Trd, 2590863.313, 98
Trd, 2590863.513, 99
Trd, 2590865.379, 97
Trd, 2590866.113, 98
Trd, 2590866.196, 94
Trd, 2590866.629, 92
Trd, 2590866.763, 106
Trd, 2590867.046, 108
Trd, 2590868.729, 109
Trd, 2590869.013, 108
Trd, 2590869.329, 110
Trd, 2590869.896, 105
Trd, 2590870.679, 105
Trd, 2590870.979, 104
Trd, 2590871.063, 101
Trd, 2590871.313, 105
Trd, 2590871.629, 98
Trd, 2590874.379, 99
Trd, 2590874.513, 98
Trd, 2590875.263, 96
Trd, 2590876.713, 97
Trd, 2590876.763, 98
Trd, 2590876.979, 99
Trd, 2590877.046, 106
Trd, 2590878.863, 110
Trd, 2590879.213, 108
Trd, 2590879.579, 109
Trd, 2590879.796, 114
Trd, 2590880.613, 107
Trd, 2590880.746, 115
Trd, 2590881.579, 105
Trd, 2590881.946, 94
Trd, 2590882.813, 110
Trd, 2590885.313, 104
Trd, 2590885.463, 99
Trd, 2590886.113, 101
Trd, 2590887.379, 102
Trd, 2590887.896, 105
Trd, 2590888.779, 96
Trd, 2590889.579, 97
Trd, 2590889.896, 97
Trd, 2590890.246, 105
Trd, 2590891.629, 104
Trd, 2590891.646, 105
Trd, 2590891.763, 104
Trd, 2590892.213, 105
Trd, 2590892.679, 107
Trd, 2590893.446, 105
Trd, 2590894.563, 99
Trd, 2590895.146, 99
Trd, 2590896.163, 100
Trd, 2590897.663, 104
Trd, 2590897.713, 106
Trd, 2590897.746, 102
Trd, 2590897.813, 108
Trd, 2590898.863, 110
Trd, 2590899.663, 111
Trd, 2590899.829, 108
Trd, 2590900.763, 99
Trd, 2590900.996, 110
Trd, 2590901.996, 96
Trd, 2590902.179, 88
Trd, 2590903.229, 84
Trd, 2590903.396, 104
Trd, 2590903.696, 81
Trd, 2590903.763, 107
Trd, 2590904.613, 80
Trd, 2590904.746, 113
Trd, 2590905.263, 108
Trd, 2590905.546, 87
Trd, 2590906.946, 115
Trd, 2590909.479, 105
Trd, 2590909.813, 105
Trd, 2590910.379, 105
Trd, 2590910.896, 106
Trd, 2590911.263, 108
Trd, 2590912.313, 107
Trd, 2590912.563, 105
Trd, 2590913.129, 102
Trd, 2590914.779, 106
Trd, 2590914.963, 100
Trd, 2590915.729, 100
Trd, 2590915.863, 106
Trd, 2590916.346, 113
Trd, 2590916.763, 98
Trd, 2590917.063, 115
Trd, 2590917.196, 118
Trd, 2590917.346, 97
Trd, 2590918.863, 112
Trd, 2590919.479, 110
Trd, 2590920.446, 110
Trd, 2590921.113, 109
Trd, 2590921.296, 110
Trd, 2590921.329, 108
Trd, 2590922.029, 114
Trd, 2590922.446, 115
Trd, 2590922.546, 118
Trd, 2590923.213, 129
Trd, 2590923.446, 114
Trd, 2590924.079, 103
Trd, 2590924.796, 121
Trd, 2590925.379, 104
Trd, 2590926.029, 104
Trd, 2590926.279, 101
Trd, 2590926.429, 107
Trd, 2590929.379, 100
Trd, 2590929.546, 98
Trd, 2590930.379, 98
Trd, 2590930.729, 99
Trd, 2590930.929, 101
Trd, 2590931.096, 107
Trd, 2590931.613, 114
Trd, 2590932.446, 111
Trd, 2590933.079, 110
Trd, 2590933.529, 108
Trd, 2590934.246, 102
Trd, 2590934.913, 100
Trd, 2590936.096, 98
Trd, 2590936.729, 91
Trd, 2590937.846, 95
Trd, 2590938.879, 94
Trd, 2590938.946, 94
Trd, 2590939.396, 92
Trd, 2590939.746, 92
Trd, 2590940.563, 92
Trd, 2590941.546, 91
Trd, 2590941.613, 89
Trd, 2590942.079, 92
Trd, 2590942.246, 87
Trd, 2590942.546, 112
Trd, 2590943.196, 84
Trd, 2590943.346, 81
Trd, 2590944.929, 113
Trd, 2590946.413, 114
Trd, 2590946.746, 115
Trd, 2590946.946, 112
Trd, 2590948.546, 113
Trd, 2590948.879, 112
Trd, 2590949.263, 112
Trd, 2590949.296, 108
Trd, 2590949.379, 101
Trd, 2590949.929, 115
Trd, 2590950.713, 97
Trd, 2590951.129, 112
Trd, 2590951.346, 110
Trd, 2590951.996, 108
Trd, 2590952.346, 98
Trd, 2590952.479, 108
Trd, 2590952.696, 98
Trd, 2590954.729, 103
Trd, 2590954.846, 104
Trd, 2590956.246, 111
Trd, 2590956.579, 104
Trd, 2590956.663, 112
Trd, 2590957.329, 101
Trd, 2590957.379, 105
Trd, 2590957.696, 94
Trd, 2590958.829, 103
Trd, 2590959.013, 107
Trd, 2590960.496, 112
Trd, 2590962.046, 89
Trd, 2590963.563, 100
Trd, 2590963.596, 102
Trd, 2590964.029, 105
Trd, 2590964.346, 95
Trd, 2590965.879, 113
Trd, 2590966.796, 111
Trd, 2590967.379, 112
Trd, 2590967.396, 101
Trd, 2590967.679, 98
Trd, 2590969.029, 115
Trd, 2590969.279, 116
Trd, 2590969.346, 96
Trd, 2590970.163, 108
Trd, 2590972.029, 102
Trd, 2590972.613, 103
Trd, 2590973.313, 102
Trd, 2590973.646, 101
Trd, 2590973.696, 103
Trd, 2590975.196, 102
Trd, 2590975.879, 100
Trd, 2590976.146, 99
Trd, 2590977.363, 99
Trd, 2590977.379, 100
Trd, 2590977.496, 105
Trd, 2590977.613, 106
Trd, 2590977.929, 108
Trd, 2590978.063, 100
Trd, 2590978.563, 115
Trd, 2590979.413, 101
Trd, 2590979.646, 94
Trd, 2590979.963, 98
Trd, 2590980.113, 91
Trd, 2590982.763, 116
Trd, 2590984.429, 111
Trd, 2590984.529, 108
Trd, 2590984.913, 99
Trd, 2590985.763, 98
Trd, 2590985.913, 94
Trd, 2590986.313, 102
Trd, 2590987.113, 100
Trd, 2590989.313, 91
Trd, 2590989.363, 91
Trd, 2590989.413, 92
Trd, 2590989.796, 88
Trd, 2590990.663, 94
Trd, 2590990.729, 90
Trd, 2590990.929, 87
Trd, 2590992.313, 92
Trd, 2590992.513, 103
Trd, 2590994.296, 103
Trd, 2590994.463, 98
Trd, 2590995.429, 105
Trd, 2590995.479, 106
Trd, 2590995.913, 108
Trd, 2590996.246, 110
Trd, 2590996.763, 112
Trd, 2590997.646, 117
Trd, 2590998.946, 101
Trd, 2590999.029, 100
Trd, 2590999.929, 99
Trd, 2591000.579, 99
Trd, 2591000.779, 99
Trd, 2591000.863, 98
Trd, 2591001.913, 103
Trd, 2591003.229, 97
Trd, 2591003.246, 98
Trd, 2591004.746, 96
Trd, 2591005.029, 94
Trd, 2591006.063, 94
Trd, 2591006.263, 92
Trd, 2591007.246, 91
Trd, 2591007.363, 94
Trd, 2591007.513, 87
Trd, 2591007.863, 99
Trd, 2591008.163, 99
Trd, 2591009.096, 98
Trd, 2591010.213, 97
Trd, 2591010.279, 99
Trd, 2591010.429, 95
Trd, 2591010.596, 101
Trd, 2591010.613, 105
Trd, 2591011.263, 94
Trd, 2591012.213, 104
Trd, 2591012.329, 107
Trd, 2591012.796, 108
Trd, 2591013.279, 114
Trd, 2591013.596, 112
Trd, 2591014.996, 114
Trd, 2591015.163, 91
Trd, 2591015.446, 117
Trd, 2591016.029, 118
Trd, 2591017.063, 114
Trd, 2591017.963, 110
Trd, 2591019.179, 111
Trd, 2591019.296, 111
Trd, 2591019.729, 107
Trd, 2591021.196, 105
Trd, 2591021.263, 101
Trd, 2591023.229, 98
Trd, 2591023.729, 107
Trd, 2591023.813, 108
Trd, 2591023.946, 97
Trd, 2591025.613, 97
Trd, 2591025.979, 112
Trd, 2591027.796, 98
Trd, 2591027.963, 109
Trd, 2591028.279, 109
Trd, 2591028.679, 108
Trd, 2591030.463, 100
Trd, 2591030.679, 104
Trd, 2591030.829, 106
Trd, 2591031.796, 107
Trd, 2591032.496, 111
Trd, 2591032.979, 111
Trd, 2591033.129, 112
Trd, 2591034.263, 115
Trd, 2591035.596, 116
Trd, 2591035.846, 116
Trd, 2591036.013, 115
Trd, 2591036.063, 114
Trd, 2591036.413, 107
Trd, 2591037.363, 106
Trd, 2591037.446, 107
Trd, 2591037.529, 105
Trd, 2591037.563, 113
Trd, 2591037.879, 114
Trd, 2591037.946, 101
Trd, 2591038.863, 96
Trd, 2591039.679, 95
Trd, 2591040.713, 114
Trd, 2591041.796, 114
Trd, 2591043.363, 94
Trd, 2591043.846, 109
Trd, 2591044.479, 93
Trd, 2591044.729, 92
Trd, 2591044.829, 105
Trd, 2591044.979, 91
Trd, 2591045.163, 110
Trd, 2591046.529, 88
Trd, 2591047.879, 98
Trd, 2591047.963, 98
Trd, 2591048.879, 94
Trd, 2591049.563, 94
Trd, 2591049.596, 101
Trd, 2591050.996, 99
Trd, 2591051.496, 108
Trd, 2591051.663, 112
Trd, 2591052.229, 101
Trd, 2591052.696, 100
Trd, 2591053.613, 114
Trd, 2591053.763, 114
Trd, 2591053.946, 112
Trd, 2591054.663, 112
Trd, 2591055.063, 113
Trd, 2591055.113, 101
Trd, 2591055.613, 107
Trd, 2591057.513, 104
Trd, 2591057.863, 106
Trd, 2591058.029, 97
Trd, 2591058.663, 91
Trd, 2591059.913, 110
Trd, 2591061.863, 108
Trd, 2591062.263, 110
Trd, 2591062.696, 94
Trd, 2591063.263, 109
Trd, 2591063.379, 92
Trd, 2591065.413, 96
Trd, 2591065.596, 95
Trd, 2591065.696, 92
Trd, 2591065.896, 95
Trd, 2591065.996, 91
Trd, 2591066.063, 87
Trd, 2591066.913, 97
Trd, 2591068.096, 108
Trd, 2591068.113, 111
Trd, 2591068.763, 107
Trd, 2591070.279, 83
Trd, 2591071.596, 110
Trd, 2591071.929, 109
Trd, 2591072.063, 102
Trd, 2591072.213, 101
Trd, 2591072.413, 113
Trd, 2591072.496, 98
Trd, 2591074.313, 113
Trd, 2591074.879, 109
Trd, 2591075.479, 94
Trd, 2591075.796, 107
Trd, 2591075.929, 108
Trd, 2591076.179, 94
Trd, 2591076.913, 93
Trd, 2591078.346, 103
Trd, 2591079.979, 99
Trd, 2591080.196, 99
Trd, 2591081.446, 101
Trd, 2591081.779, 92
Trd, 2591081.896, 105
Trd, 2591082.579, 92
Trd, 2591082.713, 106
Trd, 2591083.929, 107
Trd, 2591084.963, 105
Trd, 2591086.546, 110
Trd, 2591086.629, 111
Trd, 2591086.896, 109
Trd, 2591087.546, 113
Trd, 2591089.129, 112
Trd, 2591089.613, 106
Trd, 2591090.046, 111
Trd, 2591090.796, 103
Trd, 2591091.729, 103
Trd, 2591091.763, 101
Trd, 2591092.413, 98
Trd, 2591092.429, 94
Trd, 2591092.913, 108
Trd, 2591093.779, 107
Trd, 2591094.479, 108
Trd, 2591094.563, 110
Trd, 2591095.146, 110
Trd, 2591096.429, 116
Trd, 2591096.696, 110
Trd, 2591097.096, 115
Trd, 2591098.046, 110
Trd, 2591098.913, 113
Trd, 2591099.146, 112
Trd, 2591099.679, 112
Trd, 2591099.746, 107
Trd, 2591099.763, 105
Trd, 2591100.646, 107
Trd, 2591102.146, 102
Trd, 2591102.213, 101
Trd, 2591103.829, 111
Trd, 2591104.579, 111
Trd, 2591105.046, 111
Trd, 2591105.579, 112
Trd, 2591105.813, 101
Trd, 2591106.446, 108
Trd, 2591107.263, 112
Trd, 2591107.729, 99
Trd, 2591108.563, 105
Trd, 2591109.129, 100
Trd, 2591109.713, 103
Trd, 2591111.146, 99
Trd, 2591111.429, 104
Trd, 2591112.529, 102
Trd, 2591112.713, 98
Trd, 2591112.879, 104
Trd, 2591114.063, 103
Trd, 2591114.663, 105
Trd, 2591115.113, 107
Trd, 2591115.396, 101
Trd, 2591116.979, 108
Trd, 2591117.063, 112
Trd, 2591117.679, 107
Trd, 2591118.713, 108
Trd, 2591119.096, 108
Trd, 2591119.863, 105
Trd, 2591120.379, 106
Trd, 2591120.529, 101
Trd, 2591121.196, 117
Trd, 2591121.679, 98
Trd, 2591122.063, 114
Trd, 2591123.579, 98
Trd, 2591124.479, 98
Trd, 2591124.529, 103
Trd, 2591124.696, 105
Trd, 2591126.029, 100
Trd, 2591126.546, 100
Trd, 2591126.796, 102
Trd, 2591127.246, 102
Trd, 2591127.679, 105
Trd, 2591127.929, 103
Trd, 2591128.379, 108
Trd, 2591130.079, 112
Trd, 2591130.913, 111
Trd, 2591131.013, 94
Trd, 2591131.513, 99
Trd, 2591132.679, 105
Trd, 2591133.263, 105
Trd, 2591133.846, 101
Trd, 2591136.396, 103
Trd, 2591136.563, 104
Trd, 2591137.096, 99
Trd, 2591137.113, 105
Trd, 2591138.846, 100
Trd, 2591139.229, 101
Trd, 2591139.779, 98
Trd, 2591139.846, 103
Trd, 2591139.913, 108
Trd, 2591140.896, 95
Trd, 2591142.646, 105
Trd, 2591142.929, 95
Trd, 2591144.663, 116
Trd, 2591144.779, 120
Trd, 2591145.513, 122
Trd, 2591145.563, 99
Trd, 2591145.663, 98
Trd, 2591145.713, 96
Trd, 2591147.713, 112
Trd, 2591148.746, 112
Trd, 2591149.046, 116
Trd, 2591149.146, 118
Trd, 2591149.763, 109
Trd, 2591151.296, 109
Trd, 2591151.429, 108
Trd, 2591151.529, 101
Trd, 2591151.546, 94
Trd, 2591155.079, 99
Trd, 2591155.196, 99
Trd, 2591155.779, 101
Trd, 2591156.129, 101
Trd, 2591156.579, 98
Trd, 2591158.079, 105
Trd, 2591159.063, 104
Trd, 2591159.246, 103
Trd, 2591159.313, 105
Trd, 2591159.613, 101
Trd, 2591160.529, 107
Trd, 2591161.363, 100
Trd, 2591161.579, 106
Trd, 2591161.879, 101
Trd, 2591161.996, 100
Trd, 2591162.096, 106
Trd, 2591162.529, 105
Trd, 2591162.829, 108
Trd, 2591164.129, 108
Trd, 2591165.546, 104
Trd, 2591165.829, 104
Trd, 2591166.213, 104
Trd, 2591166.713, 103
Trd, 2591167.446, 98
Trd, 2591168.113, 107
Trd, 2591168.529, 94
Trd, 2591169.713, 93
Trd, 2591170.129, 108
Trd, 2591170.246, 92
Trd, 2591171.629, 91
Trd, 2591172.046, 110
Trd, 2591173.346, 100
Trd, 2591173.646, 101
Trd, 2591174.363, 102
Trd, 2591174.613, 105
Trd, 2591175.129, 104
Trd, 2591175.246, 105
Trd, 2591175.263, 104
Trd, 2591178.346, 112
Trd, 2591178.496, 111
Trd, 2591178.946, 111
Trd, 2591179.796, 108
Trd, 2591180.179, 101
Trd, 2591180.396, 99
Trd, 2591181.146, 98
Trd, 2591181.413, 104
Trd, 2591181.479, 106
Trd, 2591182.279, 108
Trd, 2591182.313, 95
Trd, 2591182.613, 109
Trd, 2591183.013, 94
Trd, 2591183.446, 91
Trd, 2591184.763, 89
Trd, 2591187.929, 94
Trd, 2591187.996, 107
Trd, 2591189.246, 111
Trd, 2591189.946, 108
Trd, 2591190.979, 100
Trd, 2591191.363, 107
Trd, 2591191.446, 108
Trd, 2591191.646, 101
Trd, 2591193.446, 101
Trd, 2591194.413, 102
Trd, 2591195.113, 112
Trd, 2591195.629, 107
Trd, 2591196.179, 116
Trd, 2591196.329, 105
Trd, 2591196.563, 104
Trd, 2591196.946, 118
Trd, 2591197.896, 106
Trd, 2591198.313, 105
Trd, 2591199.796, 105
Trd, 2591200.846, 101
Trd, 2591201.113, 105
Trd, 2591201.313, 106
Trd, 2591201.563, 105
Trd, 2591201.663, 105
Trd, 2591202.113, 107
Trd, 2591202.696, 106
Trd, 2591203.063, 106
Trd, 2591203.446, 107
Trd, 2591203.796, 97
Trd, 2591204.263, 98
Trd, 2591206.579, 102
Trd, 2591207.013, 104
Trd, 2591207.096, 91
Trd, 2591209.913, 101
Trd, 2591210.013, 102
Trd, 2591210.379, 95
Trd, 2591211.529, 97
Trd, 2591211.596, 104
Trd, 2591211.929, 103
Trd, 2591212.546, 98
Trd, 2591213.313, 99
Trd, 2591213.379, 101
Trd, 2591214.029, 95
Trd, 2591214.763, 101
Trd, 2591216.079, 94
Trd, 2591216.163, 105
Trd, 2591218.079, 105
Trd, 2591218.513, 104
Trd, 2591218.629, 100
Trd, 2591220.096, 103
Trd, 2591220.163, 102
Trd, 2591221.479, 101
Trd, 2591221.546, 104
Trd, 2591221.863, 102
Trd, 2591223.479, 107
Trd, 2591223.646, 108
Trd, 2591223.779, 110
Trd, 2591225.629, 105
Trd, 2591225.746, 107
Trd, 2591225.813, 101
Trd, 2591226.513, 106
Trd, 2591228.629, 107
Trd, 2591229.063, 119
Trd, 2591229.213, 100
Trd, 2591229.263, 99
Trd, 2591229.363, 99
Trd, 2591229.713, 98
Trd, 2591231.496, 105
Trd, 2591232.263, 106
Trd, 2591232.329, 97
Trd, 2591232.579, 108
Trd, 2591232.796, 96
Trd, 2591234.663, 98
Trd, 2591234.946, 98
Trd, 2591235.779, 107
Trd, 2591236.096, 108
Trd, 2591236.363, 109
Trd, 2591237.596, 108
Trd, 2591239.763, 99
Trd, 2591240.563, 104
Trd, 2591240.929, 103
Trd, 2591241.296, 105
Trd, 2591241.496, 106
Trd, 2591241.729, 106
Trd, 2591242.796, 103
Trd, 2591243.246, 102
Trd, 2591243.379, 109
Trd, 2591243.496, 110
Trd, 2591243.629, 114
Trd, 2591245.196, 107
Trd, 2591245.979, 101
Trd, 2591247.846, 111
Trd, 2591248.479, 112
Trd, 2591248.979, 110
Trd, 2591249.629, 112
Trd, 2591250.329, 109
Trd, 2591250.563, 106
Trd, 2591250.779, 111
Trd, 2591251.513, 101
Trd, 2591252.229, 109
Trd, 2591253.446, 104
Trd, 2591253.463, 102
Trd, 2591253.846, 98
Trd, 2591254.146, 94
Trd, 2591254.796, 100
Trd, 2591255.029, 102
Trd, 2591255.196, 102
Trd, 2591256.246, 103
Trd, 2591256.379, 114
Trd, 2591256.446, 117
Trd, 2591258.696, 116
Trd, 2591259.629, 108
Trd, 2591259.813, 116
Trd, 2591260.013, 107
Trd, 2591261.463, 107
Trd, 2591261.596, 106
Trd, 2591262.729, 109
Trd, 2591263.629, 107
Trd, 2591263.779, 108
Trd, 2591263.879, 105
Trd, 2591264.396, 101
Trd, 2591264.729, 108
Trd, 2591265.946, 102
Trd, 2591268.113, 99
Trd, 2591268.396, 99
Trd, 2591268.713, 98
Trd, 2591269.596, 100
Trd, 2591269.829, 98
Trd, 2591270.629, 107
Trd, 2591270.646, 94
Trd, 2591270.996, 93
Trd, 2591272.079, 108
Trd, 2591272.096, 91
Trd, 2591272.396, 113
Trd, 2591273.213, 92
Trd, 2591274.196, 112
Trd, 2591274.796, 84
Trd, 2591275.213, 113
Trd, 2591276.429, 87
Trd, 2591276.496, 85
Trd, 2591277.763, 100
Trd, 2591277.829, 97
Trd, 2591278.146, 101
Trd, 2591279.013, 101
Trd, 2591281.196, 111
Trd, 2591281.396, 105
Trd, 2591282.079, 109
Trd, 2591282.279, 108
Trd, 2591282.729, 108
Trd, 2591282.779, 107
Trd, 2591282.963, 109
Trd, 2591283.729, 101
Trd, 2591284.346, 108
Trd, 2591288.246, 103
Trd, 2591288.379, 103
Trd, 2591288.563, 102
Trd, 2591288.846, 103
Trd, 2591288.896, 101
Trd, 2591289.063, 100
Trd, 2591289.896, 99
Trd, 2591290.213, 100
Trd, 2591290.346, 98
Trd, 2591290.813, 96
Trd, 2591291.279, 101
Trd, 2591291.363, 108
Trd, 2591294.879, 96
Trd, 2591295.763, 105
Trd, 2591296.663, 100
Trd, 2591297.246, 100
Trd, 2591297.596, 101
Trd, 2591297.779, 108
Trd, 2591297.913, 113
Trd, 2591298.813, 110
Trd, 2591298.913, 108
Trd, 2591299.213, 104
Trd, 2591299.729, 113
Trd, 2591300.113, 98
Trd, 2591300.479, 101
Trd, 2591300.679, 103
Trd, 2591300.929, 113
Trd, 2591301.779, 96
Trd, 2591302.413, 96
Trd, 2591303.013, 112
Trd, 2591303.546, 113
Trd, 2591304.079, 95
Trd, 2591304.296, 117
Trd, 2591305.496, 95
Trd, 2591306.346, 94
Trd, 2591306.613, 96
Trd, 2591307.663, 93
Trd, 2591310.246, 108
Trd, 2591310.413, 96
Trd, 2591311.196, 106
Trd, 2591311.346, 107
Trd, 2591311.963, 97
Trd, 2591312.379, 108
Trd, 2591313.863, 104
Trd, 2591314.913, 103
Trd, 2591316.146, 98
Trd, 2591316.313, 98
Trd, 2591316.696, 97
Trd, 2591316.813, 94
Trd, 2591317.196, 103
Trd, 2591317.629, 95
Trd, 2591318.879, 102
Trd, 2591319.713, 101
Trd, 2591320.529, 101
Trd, 2591320.729, 100
Trd, 2591320.779, 108
Trd, 2591321.079, 102
Trd, 2591322.013, 104
Trd, 2591322.296, 105
Trd, 2591323.713, 106
Trd, 2591323.963, 102
Trd, 2591324.129, 101
Trd, 2591324.213, 101
Trd, 2591325.879, 96
Trd, 2591326.263, 95
Trd, 2591326.429, 106
Trd, 2591326.463, 92
Trd, 2591326.863, 106
Trd, 2591328.529, 95
Trd, 2591329.113, 104
Trd, 2591330.046, 102
Trd, 2591330.846, 94
Trd, 2591332.513, 99
Trd, 2591332.546, 101
Trd, 2591333.196, 102
Trd, 2591333.313, 107
Trd, 2591333.713, 108
Trd, 2591334.463, 108
Trd, 2591335.363, 105
Trd, 2591336.863, 109
Trd, 2591337.379, 109
Trd, 2591337.546, 112
Trd, 2591337.979, 107
Trd, 2591339.396, 106
Trd, 2591339.546, 107
Trd, 2591340.513, 105
Trd, 2591340.696, 101
Trd, 2591341.379, 102
Trd, 2591341.446, 103
Trd, 2591341.663, 99
Trd, 2591342.513, 101
Trd, 2591342.863, 100
Trd, 2591343.546, 100
Trd, 2591344.429, 98
Trd, 2591344.679, 99
Trd, 2591345.229, 95
Trd, 2591346.413, 95
Trd, 2591347.496, 95
Trd, 2591347.546, 96
Trd, 2591347.746, 100
Trd, 2591348.146, 101
Trd, 2591349.046, 108
Trd, 2591349.946, 97
Trd, 2591350.679, 94
Trd, 2591350.713, 91
Trd, 2591351.179, 104
Trd, 2591351.663, 88
Trd, 2591351.896, 107
Trd, 2591352.979, 106
Trd, 2591354.046, 98
Trd, 2591354.479, 106
Trd, 2591354.763, 84
Trd, 2591355.829, 85
Trd, 2591356.179, 107
Trd, 2591356.563, 108
Trd, 2591358.613, 112
Trd, 2591359.096, 118
Trd, 2591359.946, 111
Trd, 2591360.496, 110
Trd, 2591360.613, 113
Trd, 2591360.779, 110
Trd, 2591361.263, 108
Trd, 2591361.963, 105
Trd, 2591362.563, 98
Trd, 2591363.079, 97
Trd, 2591363.496, 94
Trd, 2591363.796, 103
Trd, 2591364.246, 103
Trd, 2591364.829, 102
Trd, 2591365.529, 103
Trd, 2591366.763, 113
Trd, 2591367.146, 114
Trd, 2591368.679, 120
Trd, 2591368.696, 115
Trd, 2591369.396, 115
Trd, 2591370.029, 112
Trd, 2591370.046, 108
Trd, 2591370.213, 105
Trd, 2591370.429, 98
Trd, 2591371.179, 113
Trd, 2591371.979, 108
Trd, 2591372.563, 94
Trd, 2591374.263, 95
Trd, 2591374.613, 97
Trd, 2591374.646, 94
Trd, 2591374.863, 96
Trd, 2591375.213, 95
Trd, 2591376.129, 97
Trd, 2591376.763, 96
Trd, 2591376.913, 101
Trd, 2591376.979, 108
Trd, 2591377.329, 109
Trd, 2591377.346, 91
Trd, 2591377.563, 122
Trd, 2591378.846, 89
Trd, 2591379.746, 110
Trd, 2591380.679, 109
Trd, 2591380.746, 91
Trd, 2591380.846, 91
Trd, 2591382.679, 110
Trd, 2591383.363, 114
Trd, 2591384.579, 113
Trd, 2591384.829, 110
Trd, 2591385.279, 108
Trd, 2591385.479, 117
Trd, 2591386.729, 110
Trd, 2591386.946, 117
Trd, 2591387.146, 123
Trd, 2591387.163, 105
Trd, 2591387.579, 91
Trd, 2591388.396, 106
Trd, 2591389.563, 116
Trd, 2591389.829, 115
Trd, 2591390.613, 105
Trd, 2591391.646, 104
Trd, 2591392.463, 102
Trd, 2591392.596, 101
Trd, 2591393.296, 103
Trd, 2591393.496, 98
Trd, 2591394.179, 89
Trd, 2591395.896, 99
Trd, 2591396.379, 100
Trd, 2591396.596, 98
Trd, 2591397.513, 99
Trd, 2591398.629, 100
Trd, 2591398.679, 106
Trd, 2591399.229, 98
Trd, 2591399.363, 97
Trd, 2591399.879, 107
Trd, 2591400.846, 107
Trd, 2591401.263, 108
Trd, 2591402.379, 110
Trd, 2591402.479, 99
Trd, 2591404.263, 110
Trd, 2591405.213, 109
Trd, 2591405.246, 100
Trd, 2591405.829, 98
Trd, 2591408.063, 107
Trd, 2591408.663, 106
Trd, 2591408.813, 107
Trd, 2591408.913, 107
Trd, 2591409.013, 106
Trd, 2591409.213, 108
Trd, 2591409.379, 115
Trd, 2591409.496, 96
Trd, 2591410.729, 100
Trd, 2591410.846, 98
Trd, 2591411.363, 97
Trd, 2591413.213, 109
Trd, 2591414.363, 107
Trd, 2591415.013, 103
Trd, 2591415.529, 101
Trd, 2591417.096, 98
Trd, 2591417.146, 101
Trd, 2591417.796, 99
Trd, 2591418.546, 104
Trd, 2591420.096, 103
Trd, 2591420.396, 102
Trd, 2591420.646, 105
Trd, 2591421.296, 108
Trd, 2591421.529, 103
Trd, 2591421.729, 111
Trd, 2591422.929, 105
Trd, 2591423.146, 105
Trd, 2591423.179, 101
Trd, 2591423.979, 117
Trd, 2591424.896, 96
Trd, 2591424.946, 113
Trd, 2591425.296, 101
Trd, 2591426.096, 111
Trd, 2591427.796, 99
Trd, 2591428.196, 98
Trd, 2591429.263, 106
Trd, 2591429.646, 99
Trd, 2591430.679, 105
Trd, 2591430.696, 105
Trd, 2591430.879, 105
Trd, 2591431.163, 100
Trd, 2591431.463, 106
Trd, 2591432.279, 101
Trd, 2591434.263, 102
Trd, 2591434.613, 99
Trd, 2591435.246, 99
Trd, 2591435.596, 98
Trd, 2591435.996, 101
Trd, 2591437.179, 97
Trd, 2591438.363, 99
Trd, 2591438.813, 95
Trd, 2591438.946, 101
Trd, 2591439.096, 107
Trd, 2591439.146, 108
Trd, 2591439.763, 114
Trd, 2591440.129, 97
Trd, 2591441.063, 97
Trd, 2591441.463, 94
Trd, 2591443.113, 106
Trd, 2591444.213, 96
Trd, 2591444.229, 107
Trd, 2591445.246, 107
Trd, 2591445.496, 97
Trd, 2591445.896, 94
Trd, 2591446.929, 110
Trd, 2591446.946, 111
Trd, 2591448.546, 86
Trd, 2591449.813, 101
Trd, 2591450.429, 101
Trd, 2591450.896, 94
Trd, 2591451.646, 95
Trd, 2591452.346, 97
Trd, 2591453.013, 97
Trd, 2591453.263, 96
Trd, 2591453.396, 96
Trd, 2591453.479, 99
Trd, 2591453.929, 100
Trd, 2591454.913, 102
Trd, 2591455.146, 91
Trd, 2591456.896, 102
Trd, 2591457.096, 96
Trd, 2591457.813, 94
Trd, 2591458.146, 102
Trd, 2591458.513, 96
Trd, 2591458.629, 102
Trd, 2591459.013, 107
Trd, 2591459.446, 97
Trd, 2591460.313, 108
Trd, 2591461.996, 109
Trd, 2591463.113, 105
Trd, 2591465.546, 112
Trd, 2591467.013, 114
Trd, 2591467.563, 112
Trd, 2591467.779, 108
Trd, 2591467.963, 105
Trd, 2591468.479, 104
Trd, 2591469.146, 109
Trd, 2591469.279, 114
Trd, 2591470.013, 114
Trd, 2591470.663, 115
Trd, 2591470.879, 113
Trd, 2591470.946, 112
Trd, 2591471.596, 112
Trd, 2591472.279, 105
Trd, 2591472.796, 101
Trd, 2591473.096, 98
Trd, 2591473.246, 94
Trd, 2591473.346, 106
Trd, 2591473.813, 106
Trd, 2591474.996, 105
Trd, 2591477.079, 105
Trd, 2591477.346, 104
Trd, 2591477.829, 103
Trd, 2591477.996, 104
Trd, 2591478.513, 101
Trd, 2591478.846, 111
Trd, 2591480.379, 107
Trd, 2591480.496, 101
Trd, 2591480.546, 112
Trd, 2591481.046, 112
Trd, 2591482.113, 97
Trd, 2591482.296, 98
Trd, 2591482.646, 96
Trd, 2591483.113, 105
Trd, 2591483.129, 110
Trd, 2591484.646, 97
Trd, 2591486.546, 98
Trd, 2591487.229, 100
Trd, 2591487.696, 101
Trd, 2591487.829, 108
Trd, 2591488.313, 102
Trd, 2591488.896, 106
Trd, 2591489.129, 102
Trd, 2591489.613, 116
Trd, 2591490.929, 106
Trd, 2591491.379, 107
Trd, 2591491.396, 105
Trd, 2591492.796, 101
Trd, 2591492.863, 104
Trd, 2591493.996, 101
Trd, 2591494.713, 102
Trd, 2591495.063, 108
Trd, 2591496.163, 104
Trd, 2591496.513, 100
Trd, 2591497.246, 98
Trd, 2591497.863, 98
Trd, 2591498.529, 99
Trd, 2591500.513, 99
Trd, 2591500.629, 100
Trd, 2591501.013, 98
Trd, 2591501.363, 100
Trd, 2591501.946, 100
Trd, 2591502.029, 94
Trd, 2591503.013, 101
Trd, 2591503.529, 108
Trd, 2591504.846, 109
Trd, 2591505.229, 96
Trd, 2591505.546, 97
Trd, 2591505.963, 114
Trd, 2591506.346, 99
Trd, 2591506.713, 110
Trd, 2591507.663, 96
Trd, 2591508.379, 108
Trd, 2591509.913, 95
Trd, 2591510.046, 101
Trd, 2591510.196, 108
Trd, 2591510.846, 94
Trd, 2591512.063, 95
Trd, 2591513.013, 106
Trd, 2591513.429, 98
Trd, 2591513.579, 106
Trd, 2591514.996, 103
Trd, 2591515.196, 103
Trd, 2591515.446, 101
Trd, 2591516.313, 103
Trd, 2591516.513, 103
Trd, 2591517.579, 102
Trd, 2591517.679, 94
Trd, 2591517.763, 104
Trd, 2591518.246, 105
Trd, 2591519.296, 100
Trd, 2591520.396, 111
Trd, 2591521.146, 101
Trd, 2591521.196, 114
Trd, 2591521.579, 115
Trd, 2591522.663, 109
Trd, 2591523.546, 107
Trd, 2591524.513, 106
Trd, 2591525.229, 108
Trd, 2591525.429, 110
Trd, 2591525.513, 111
Trd, 2591525.879, 100
Trd, 2591526.929, 112
Trd, 2591527.629, 98
Trd, 2591530.046, 112
Trd, 2591530.063, 105
Trd, 2591530.696, 97
Trd, 2591531.329, 95
Trd, 2591531.863, 110
Trd, 2591532.146, 109
Trd, 2591532.246, 108
Trd, 2591532.863, 108
Trd, 2591533.196, 108
Trd, 2591533.279, 110
Trd, 2591533.813, 105
Trd, 2591534.946, 108
Trd, 2591535.896, 107
Trd, 2591536.079, 112
Trd, 2591536.596, 115
Trd, 2591536.646, 101
Trd, 2591538.196, 95
Trd, 2591538.396, 94
Trd, 2591538.946, 107
Trd, 2591540.596, 104
Trd, 2591541.413, 102
Trd, 2591542.746, 104
Trd, 2591543.813, 105
Trd, 2591543.963, 104
Trd, 2591544.079, 105
Trd, 2591545.113, 101
Trd, 2591547.463, 108
Trd, 2591547.746, 113
Trd, 2591548.296, 98
Trd, 2591548.463, 112
Trd, 2591548.879, 111
Trd, 2591548.946, 96
Trd, 2591549.396, 109
Trd, 2591550.029, 96
Trd, 2591550.079, 109
Trd, 2591550.646, 97
Trd, 2591551.513, 101
Trd, 2591552.996, 105
Trd, 2591553.229, 103
Trd, 2591554.079, 100
Trd, 2591554.096, 104
Trd, 2591555.363, 102
Trd, 2591555.863, 101
Trd, 2591556.179, 98
Trd, 2591557.746, 103
Trd, 2591558.213, 101
Trd, 2591558.429, 102
Trd, 2591558.563, 107
Trd, 2591560.063, 97
Trd, 2591561.429, 107
Trd, 2591561.929, 104
Trd, 2591562.046, 107
Trd, 2591563.029, 104
Trd, 2591563.396, 102
Trd, 2591564.329, 101
Trd, 2591564.846, 107
Trd, 2591565.163, 106
Trd, 2591565.913, 95
Trd, 2591566.163, 105
Trd, 2591567.479, 97
Trd, 2591567.696, 107
Trd, 2591568.879, 95
Trd, 2591569.163, 107
Trd, 2591569.313, 111
Trd, 2591570.796, 111
Trd, 2591572.613, 112
Trd, 2591572.629, 112
Trd, 2591572.963, 100
Trd, 2591573.163, 100
Trd, 2591573.246, 99
Trd, 2591573.296, 100
Trd, 2591574.046, 94
Trd, 2591574.563, 99
Trd, 2591575.796, 105
Trd, 2591576.696, 107
Trd, 2591577.579, 99
Trd, 2591580.396, 100
Trd, 2591581.663, 102
Trd, 2591582.396, 101
Trd, 2591582.479, 102
Trd, 2591582.496, 98
Trd, 2591582.579, 104
Trd, 2591583.029, 107
Trd, 2591583.163, 97
Trd, 2591583.246, 108
Trd, 2591583.863, 107
Trd, 2591584.046, 91
Trd, 2591584.113, 87
Trd, 2591584.579, 117
Trd, 2591585.113, 84
Trd, 2591585.646, 81
Trd, 2591585.829, 114
Trd, 2591588.179, 112
Trd, 2591588.379, 112
Trd, 2591588.513, 112
Trd, 2591590.063, 110
Trd, 2591590.396, 111
Trd, 2591590.529, 111
Trd, 2591592.129, 109
Trd, 2591592.479, 111
Trd, 2591592.879, 107
Trd, 2591593.913, 108
Trd, 2591594.063, 113
Trd, 2591596.179, 114
Trd, 2591597.613, 109
Trd, 2591598.279, 106
Trd, 2591598.346, 108
Trd, 2591598.413, 104
Trd, 2591599.346, 103
Trd, 2591599.646, 105
Trd, 2591600.629, 102
Trd, 2591601.246, 106
Trd, 2591601.346, 112
Trd, 2591603.063, 113
Trd, 2591603.463, 106
Trd, 2591603.779, 107
Trd, 2591604.096, 108
Trd, 2591604.479, 107
Trd, 2591605.096, 105
Trd, 2591605.496, 101
Trd, 2591606.079, 98
Trd, 2591607.413, 99
Trd, 2591608.229, 100
Trd, 2591608.829, 101
Trd, 2591609.929, 102
Trd, 2591610.779, 104
Trd, 2591611.396, 104
Trd, 2591612.513, 107
Trd, 2591612.963, 105
Trd, 2591613.663, 114
Trd, 2591614.213, 109
Trd, 2591614.996, 105
Trd, 2591615.646, 108
Trd, 2591616.463, 103
Trd, 2591617.579, 102
Trd, 2591618.446, 106
Trd, 2591618.629, 106
Trd, 2591618.913, 102
Trd, 2591619.613, 101
Trd, 2591620.513, 103
Trd, 2591620.979, 104
Trd, 2591621.379, 102
Trd, 2591622.163, 102
Trd, 2591622.679, 98
Trd, 2591623.013, 103
Trd, 2591623.929, 108
Trd, 2591624.696, 100
Trd, 2591624.913, 94
Trd, 2591625.379, 102
Trd, 2591625.496, 105
Trd, 2591625.846, 91
Trd, 2591626.763, 104
Trd, 2591627.913, 91
Trd, 2591628.629, 102
Trd, 2591628.896, 92
Trd, 2591630.179, 94
Trd, 2591630.213, 109
Trd, 2591630.513, 115
Trd, 2591632.163, 112
Trd, 2591633.563, 112
Trd, 2591633.829, 112
Trd, 2591633.929, 112
Trd, 2591634.079, 113
Trd, 2591634.779, 113
Trd, 2591634.963, 108
Trd, 2591636.146, 104
Trd, 2591636.163, 114
Trd, 2591636.513, 101
Trd, 2591637.563, 116
Trd, 2591637.913, 115
Trd, 2591638.079, 98
Trd, 2591638.446, 116
Trd, 2591640.129, 113
Trd, 2591640.613, 111
Trd, 2591641.113, 108
Trd, 2591641.596, 100
Trd, 2591641.913, 108
Trd, 2591644.296, 99
Trd, 2591644.396, 100
Trd, 2591644.596, 101
Trd, 2591645.696, 100
Trd, 2591645.779, 98
Trd, 2591646.129, 95
Trd, 2591646.629, 98
Trd, 2591647.429, 98
Trd, 2591647.613, 107
Trd, 2591648.279, 115
Trd, 2591649.229, 113
Trd, 2591651.696, 105
Trd, 2591651.796, 101
Trd, 2591652.046, 98
Trd, 2591652.063, 91
Trd, 2591652.613, 103
Trd, 2591653.929, 90
Trd, 2591654.063, 101
Trd, 2591654.479, 103
Trd, 2591655.079, 106
Trd, 2591655.196, 112
Trd, 2591655.329, 91
Trd, 2591657.046, 113
Trd, 2591657.129, 109
Trd, 2591657.346, 114
Trd, 2591658.113, 113
Trd, 2591658.729, 109
Trd, 2591658.796, 107
Trd, 2591659.146, 112
Trd, 2591661.196, 100
Trd, 2591661.879, 111
Trd, 2591662.963, 104
Trd, 2591663.596, 105
Trd, 2591664.763, 106
Trd, 2591664.996, 105
Trd, 2591665.229, 105
Trd, 2591666.163, 104
Trd, 2591666.629, 97
Trd, 2591667.146, 104
Trd, 2591667.363, 94
Trd, 2591667.563, 91
Trd, 2591667.679, 105
Trd, 2591667.779, 106
Trd, 2591667.896, 87
Trd, 2591670.529, 90
Trd, 2591670.829, 92
Trd, 2591671.663, 102
Trd, 2591672.563, 98
Trd, 2591672.729, 98
Trd, 2591673.279, 100
Trd, 2591673.513, 101
Trd, 2591674.763, 116
Trd, 2591675.379, 116
Trd, 2591675.546, 115
Trd, 2591675.863, 112
Trd, 2591676.529, 108
Trd, 2591677.796, 110
Trd, 2591677.979, 111
Trd, 2591678.846, 105
Trd, 2591679.163, 106
Trd, 2591679.479, 107
Trd, 2591680.413, 105
Trd, 2591681.363, 101
Trd, 2591681.396, 94
Trd, 2591682.313, 99
Trd, 2591682.496, 96
Trd, 2591682.996, 106
Trd, 2591683.096, 96
Trd, 2591683.929, 100
Trd, 2591685.363, 105
Trd, 2591685.879, 107
Trd, 2591686.179, 106
Trd, 2591686.696, 108
Trd, 2591688.279, 109
Trd, 2591689.763, 107
Trd, 2591690.346, 105
Trd, 2591690.896, 94
Trd, 2591691.029, 108
Trd, 2591691.179, 110
Trd, 2591691.696, 110
Trd, 2591691.829, 99
Trd, 2591693.179, 100
Trd, 2591693.846, 106
Trd, 2591693.896, 107
Trd, 2591693.996, 96
Trd, 2591694.279, 111
Trd, 2591696.063, 114
Trd, 2591697.079, 95
Trd, 2591697.213, 114
Trd, 2591697.313, 94
Trd, 2591697.563, 91
Trd, 2591698.246, 114
Trd, 2591698.879, 111
Trd, 2591699.313, 114
Trd, 2591699.613, 106
Trd, 2591701.413, 107
Trd, 2591702.396, 112
Trd, 2591703.413, 108
Trd, 2591704.013, 105
Trd, 2591705.229, 103
Trd, 2591705.479, 104
Trd, 2591705.613, 105
Trd, 2591706.313, 104
Trd, 2591706.963, 103
Trd, 2591706.996, 101
Trd, 2591707.313, 98
Trd, 2591707.713, 91
Trd, 2591708.013, 112
Trd, 2591708.896, 115
Trd, 2591710.129, 119
Trd, 2591710.179, 117
Trd, 2591712.513, 114
Trd, 2591712.613, 112
Trd, 2591712.713, 108
Trd, 2591712.929, 102
Trd, 2591713.929, 104
Trd, 2591714.713, 108
Trd, 2591714.963, 108
Trd, 2591715.379, 106
Trd, 2591715.946, 106
Trd, 2591716.013, 105
Trd, 2591716.163, 101
Trd, 2591717.879, 100
Trd, 2591718.796, 101
Trd, 2591719.513, 101
Trd, 2591720.013, 101
Trd, 2591721.013, 97
Trd, 2591722.146, 105
Trd, 2591722.896, 97
Trd, 2591723.146, 95
Trd, 2591723.496, 96
Trd, 2591725.813, 109
Trd, 2591726.113, 110
Trd, 2591726.563, 111
Trd, 2591726.629, 112
Trd, 2591727.113, 111
Trd, 2591727.579, 110
Trd, 2591727.613, 105
Trd, 2591728.213, 117
Trd, 2591729.396, 111
Trd, 2591729.863, 109
Trd, 2591731.129, 112
Trd, 2591732.063, 109
Trd, 2591733.013, 109
Trd, 2591733.113, 108
Trd, 2591733.413, 109
Trd, 2591734.246, 112
Trd, 2591734.296, 98
Trd, 2591734.546, 94
Trd, 2591734.679, 91
Trd, 2591736.413, 110
Trd, 2591737.713, 108
Trd, 2591737.946, 106
Trd, 2591738.263, 105
Trd, 2591740.079, 106
Trd, 2591741.479, 105
Trd, 2591741.746, 104
Trd, 2591741.829, 101
Trd, 2591742.946, 103
Trd, 2591743.779, 102
Trd, 2591744.029, 106
Trd, 2591744.329, 107
Trd, 2591744.796, 105
Trd, 2591745.496, 115
Trd, 2591747.196, 100
Trd, 2591748.346, 104
Trd, 2591748.379, 107
Trd, 2591748.646, 107
Trd, 2591748.829, 106
Trd, 2591750.346, 107
Trd, 2591750.513, 105
Trd, 2591751.313, 107
Trd, 2591751.729, 106
Trd, 2591752.096, 105
Trd, 2591752.296, 107
Trd, 2591753.596, 108
Trd, 2591753.796, 101
Trd, 2591754.496, 111
Trd, 2591754.729, 106
Trd, 2591754.796, 105
Trd, 2591755.896, 98
Trd, 2591756.879, 94
Trd, 2591757.579, 103
Trd, 2591757.646, 104
Trd, 2591758.346, 112
Trd, 2591758.563, 103
Trd, 2591760.063, 108
Trd, 2591761.396, 109
Trd, 2591761.696, 110
Trd, 2591761.913, 109
Trd, 2591762.129, 113
Trd, 2591763.613, 108
Trd, 2591764.346, 106
Trd, 2591764.613, 106
Trd, 2591765.213, 107
Trd, 2591765.246, 117
Trd, 2591765.363, 101
Trd, 2591765.563, 115
Trd, 2591765.863, 99
Trd, 2591766.263, 123
Trd, 2591766.446, 98
Trd, 2591766.563, 113
Trd, 2591767.163, 94
Trd, 2591769.063, 94
Trd, 2591769.596, 92
Trd, 2591769.929, 92
Trd, 2591770.329, 91
Trd, 2591771.729, 89
Trd, 2591772.413, 89
Trd, 2591772.863, 91
Trd, 2591774.196, 87
Trd, 2591775.763, 98
Trd, 2591777.079, 108
Trd, 2591777.496, 102
Trd, 2591778.179, 106
Trd, 2591778.279, 104
Trd, 2591778.446, 110
Trd, 2591778.546, 103
Trd, 2591778.646, 98
Trd, 2591779.629, 106
Trd, 2591780.463, 104
Trd, 2591780.479, 97
Trd, 2591780.979, 104
Trd, 2591781.363, 105
Trd, 2591781.863, 113
Trd, 2591784.046, 111
Trd, 2591784.379, 111
Trd, 2591784.496, 105
Trd, 2591784.863, 94
Trd, 2591785.263, 112
Trd, 2591785.763, 94
Trd, 2591786.446, 112
Trd, 2591787.346, 106
Trd, 2591788.979, 105
Trd, 2591790.413, 98
Trd, 2591791.563, 96
Trd, 2591791.779, 96
Trd, 2591792.229, 97
Trd, 2591792.713, 98
Trd, 2591793.329, 101
Trd, 2591793.713, 98
Trd, 2591793.979, 104
Trd, 2591794.413, 104
Trd, 2591794.446, 106
Trd, 2591794.513, 99
Trd, 2591795.546, 103
Trd, 2591796.263, 104
Trd, 2591796.796, 103
Trd, 2591796.879, 105
Trd, 2591797.463, 106
Trd, 2591798.379, 106
Trd, 2591799.013, 112
Trd, 2591799.246, 106
Trd, 2591799.496, 113
Trd, 2591799.696, 104
Trd, 2591800.563, 95
Trd, 2591802.046, 99
Trd, 2591803.113, 111
Trd, 2591804.213, 114
Trd, 2591804.396, 101
Trd, 2591804.963, 114
Trd, 2591804.979, 98
Trd, 2591805.029, 115
Trd, 2591805.696, 94
Trd, 2591806.946, 88
Trd, 2591808.279, 107
Trd, 2591809.246, 99
Trd, 2591809.529, 98
Trd, 2591809.779, 102
Trd, 2591810.013, 90
Trd, 2591811.296, 98
Trd, 2591811.563, 98
Trd, 2591813.179, 98
Trd, 2591813.579, 101
Trd, 2591813.879, 99
Trd, 2591814.596, 101
Trd, 2591814.713, 103
Trd, 2591815.129, 105
Trd, 2591815.279, 103
Trd, 2591817.013, 105
Trd, 2591817.479, 107
Trd, 2591818.079, 102
Trd, 2591819.413, 107
Trd, 2591819.463, 99
Trd, 2591820.596, 98
Trd, 2591821.129, 108
Trd, 2591821.446, 111
Trd, 2591821.829, 113
Trd, 2591822.396, 113
Trd, 2591823.679, 115
Trd, 2591824.029, 116
Trd, 2591824.179, 118
Trd, 2591824.463, 116
Trd, 2591825.263, 116
Trd, 2591825.979, 117
Trd, 2591826.213, 116
Trd, 2591826.479, 114
Trd, 2591826.646, 105
Trd, 2591827.996, 108
Trd, 2591828.129, 114
Trd, 2591830.029, 112
Trd, 2591831.796, 97
Trd, 2591832.663, 98
Trd, 2591832.679, 104
Trd, 2591833.413, 102
Trd, 2591833.596, 103
Trd, 2591834.079, 104
Trd, 2591834.163, 99
Trd, 2591834.296, 98
Trd, 2591836.413, 106
Trd, 2591837.246, 94
Trd, 2591837.579, 106
Trd, 2591837.946, 91
Trd, 2591838.629, 107
Trd, 2591838.813, 108
Trd, 2591838.979, 87
Trd, 2591839.496, 82
Trd, 2591840.196, 106
Trd, 2591840.313, 118
Trd, 2591840.446, 84
Trd, 2591841.563, 115
Trd, 2591842.713, 97
Trd, 2591844.963, 104
Trd, 2591845.096, 104
Trd, 2591845.479, 103
Trd, 2591845.746, 105
Trd, 2591845.929, 102
Trd, 2591846.596, 102
Trd, 2591847.946, 108
Trd, 2591848.246, 105
Trd, 2591848.296, 104
Trd, 2591849.846, 101
Trd, 2591850.213, 102
Trd, 2591850.396, 103
Trd, 2591850.663, 97
Trd, 2591851.029, 106
Trd, 2591853.146, 107
Trd, 2591853.596, 108
Trd, 2591853.929, 108
Trd, 2591854.096, 108
Trd, 2591854.396, 109
Trd, 2591854.679, 114
Trd, 2591856.213, 113
Trd, 2591856.596, 115
Trd, 2591857.329, 116
Trd, 2591857.496, 115
Trd, 2591857.529, 101
Trd, 2591858.146, 98
Trd, 2591859.296, 91
Trd, 2591860.246, 105
Trd, 2591861.796, 96
Trd, 2591862.096, 104
Trd, 2591862.913, 108
Trd, 2591863.396, 108
Trd, 2591863.663, 110
Trd, 2591864.346, 108
Trd, 2591865.046, 103
Trd, 2591865.796, 101
Trd, 2591866.279, 101
Trd, 2591867.113, 96
Trd, 2591867.779, 94
Trd, 2591867.929, 98
Trd, 2591868.213, 100
Trd, 2591868.379, 84
Trd, 2591868.579, 105
Trd, 2591869.596, 100
Trd, 2591869.813, 106
Trd, 2591870.796, 101
Trd, 2591870.863, 98
Trd, 2591871.096, 108
Trd, 2591873.079, 113
Trd, 2591873.529, 113
Trd, 2591874.129, 94
Trd, 2591875.013, 93
Trd, 2591875.363, 112
Trd, 2591875.779, 113
Trd, 2591875.913, 125
Trd, 2591876.563, 97
Trd, 2591876.879, 95
Trd, 2591877.446, 108
Trd, 2591878.963, 109
Trd, 2591878.996, 95
Trd, 2591880.779, 103
Trd, 2591881.446, 96
Trd, 2591883.129, 99
Trd, 2591883.379, 99
Trd, 2591883.946, 101
Trd, 2591884.279, 98
Trd, 2591884.779, 104
Trd, 2591886.463, 104
Trd, 2591887.563, 104
Trd, 2591888.763, 104
Trd, 2591889.296, 102
Trd, 2591889.629, 101
Trd, 2591890.213, 104
Trd, 2591890.579, 105
Trd, 2591891.413, 102
Trd, 2591891.896, 100
Trd, 2591892.129, 98
Trd, 2591892.413, 103
Trd, 2591893.413, 108
Trd, 2591893.463, 110
Trd, 2591894.713, 106
Trd, 2591896.346, 105
Trd, 2591896.579, 106
Trd, 2591896.613, 107
Trd, 2591896.763, 108
Trd, 2591897.446, 106
Trd, 2591897.479, 101
Trd, 2591898.713, 100
Trd, 2591898.829, 106
Trd, 2591899.229, 113
Trd, 2591901.129, 102
Trd, 2591901.863, 111
Trd, 2591901.879, 101
Trd, 2591902.096, 100
Trd, 2591902.213, 112
Trd, 2591903.196, 115
Trd, 2591903.363, 101
Trd, 2591907.763, 106
Trd, 2591908.079, 105
Trd, 2591909.296, 103
Trd, 2591909.413, 101
Trd, 2591910.346, 104
Trd, 2591910.413, 106
Trd, 2591910.896, 97
Trd, 2591910.996, 109
Trd, 2591911.979, 101
Trd, 2591912.179, 99
Trd, 2591912.379, 105
Trd, 2591912.463, 106
Trd, 2591913.313, 98
Trd, 2591913.963, 105
Trd, 2591914.013, 106
Trd, 2591915.046, 107
Trd, 2591915.129, 106
Trd, 2591915.196, 94
Trd, 2591915.479, 107
Trd, 2591916.313, 111
Trd, 2591916.996, 92
Trd, 2591917.596, 91
Trd, 2591918.363, 107
Trd, 2591918.796, 105
Trd, 2591919.129, 107
Trd, 2591919.463, 113
Trd, 2591921.396, 97
Trd, 2591922.113, 99
Trd, 2591923.163, 114
Trd, 2591923.679, 102
Trd, 2591923.963, 114
Trd, 2591924.763, 103
Trd, 2591925.663, 107
Trd, 2591926.596, 104
Trd, 2591926.979, 107
Trd, 2591926.996, 102
Trd, 2591927.129, 108
Trd, 2591928.513, 105
Trd, 2591929.846, 112
Trd, 2591930.196, 105
Trd, 2591930.879, 112
Trd, 2591931.646, 107
Trd, 2591932.763, 110
Trd, 2591932.846, 105
Trd, 2591934.146, 102
Trd, 2591934.329, 110
Trd, 2591935.946, 101
Trd, 2591935.996, 103
Trd, 2591936.129, 98
Trd, 2591937.563, 103
Trd, 2591937.979, 99
Trd, 2591938.446, 98
Trd, 2591938.996, 97
Trd, 2591940.263, 95
Trd, 2591941.113, 108
Trd, 2591941.363, 111
Trd, 2591942.013, 95
Trd, 2591942.363, 111
Trd, 2591942.696, 107
Trd, 2591942.829, 96
Trd, 2591942.963, 96
Trd, 2591943.079, 111
Trd, 2591943.146, 94
Trd, 2591944.646, 109
Trd, 2591945.413, 111
Trd, 2591946.363, 110
Trd, 2591947.896, 110
Trd, 2591948.196, 108
Trd, 2591949.246, 105
Trd, 2591949.479, 104
Trd, 2591949.646, 103
Trd, 2591950.263, 104
Trd, 2591950.679, 101
Trd, 2591951.079, 103
Trd, 2591951.479, 110
Trd, 2591953.163, 111
Trd, 2591953.213, 98
Trd, 2591953.813, 98
Trd, 2591954.079, 94
Trd, 2591954.579, 108
Trd, 2591954.629, 110
Trd, 2591955.313, 112
Trd, 2591956.279, 96
Trd, 2591957.879, 109
Trd, 2591958.163, 109
Trd, 2591958.779, 109
Trd, 2591958.996, 108
Trd, 2591959.379, 119
Trd, 2591959.413, 108
Trd, 2591960.279, 115
Trd, 2591960.529, 120
Trd, 2591961.579, 110
Trd, 2591961.763, 105
Trd, 2591963.046, 101
Trd, 2591964.363, 101
Trd, 2591964.679, 107
Trd, 2591965.113, 108
Trd, 2591965.313, 97
Trd, 2591965.813, 94
Trd, 2591969.329, 99
Trd, 2591969.829, 99
Trd, 2591970.046, 99
Trd, 2591970.113, 98
Trd, 2591970.546, 100
Trd, 2591971.213, 101
Trd, 2591971.263, 108
Trd, 2591972.263, 107
Trd, 2591972.629, 101
Trd, 2591973.313, 102
Trd, 2591973.779, 104
Trd, 2591973.946, 110
Trd, 2591973.963, 110
Trd, 2591973.996, 101
Trd, 2591974.746, 95
Trd, 2591976.113, 101
Trd, 2591976.146, 103
Trd, 2591976.246, 104
Trd, 2591977.813, 96
Trd, 2591978.763, 110
Trd, 2591979.163, 108
Trd, 2591979.546, 102
Trd, 2591981.646, 106
Trd, 2591983.563, 105
Trd, 2591983.863, 106
Trd, 2591983.963, 106
Trd, 2591984.229, 107
Trd, 2591985.046, 106
Trd, 2591985.113, 107
Trd, 2591985.229, 107
Trd, 2591986.929, 105
Trd, 2591987.729, 108
Trd, 2591987.946, 101
Trd, 2591988.046, 98
Trd, 2591988.713, 113
Trd, 2591988.879, 94
Trd, 2591991.046, 109
Trd, 2591991.346, 109
Trd, 2591991.579, 112
Trd, 2591992.229, 109
Trd, 2591992.646, 107
Trd, 2591993.563, 113
Trd, 2591993.996, 111
Trd, 2591994.313, 112
Trd, 2591994.679, 115
Trd, 2591995.379, 114
Trd, 2591996.063, 97
Trd, 2591996.296, 94
Trd, 2591996.329, 114
Trd, 2591996.813, 105
Trd, 2591996.863, 91
Trd, 2591998.213, 108
Trd, 2591998.729, 108
Trd, 2591999.179, 109
Trd, 2591999.213, 109
Trd, 2591999.879, 108
