Trd, 2590700.029, 99
Trd, 2590700.729, 99
Trd, 2590700.779, 100
Trd, 2590700.946, 97
Trd, 2590701.063, 103
Trd, 2590701.163, 109
Trd, 2590701.829, 110
Trd, 2590701.946, 94
Trd, 2590702.329, 113
Trd, 2590703.113, 118
Trd, 2590703.513, 118
Trd, 2590703.679, 124
Trd, 2590704.296, 95
Trd, 2590704.379, 129
Trd, 2590704.446, 90
Trd, 2590705.046, 87
Trd, 2590705.313, 124
Trd, 2590706.229, 83
Trd, 2590707.646, 107
Trd, 2590709.429, 94
Trd, 2590710.329, 98
Trd, 2590710.696, 99
Trd, 2590711.179, 98
Trd, 2590711.513, 97
Trd, 2590711.879, 96
Trd, 2590712.563, 96
Trd, 2590713.679, 99
Trd, 2590714.296, 91
Trd, 2590714.313, 90
Trd, 2590715.129, 84
Trd, 2590716.413, 114
Trd, 2590717.396, 113
Trd, 2590717.613, 113
Trd, 2590718.346, 106
Trd, 2590718.596, 110
Trd, 2590718.779, 111
Trd, 2590719.546, 105
Trd, 2590719.713, 102
Trd, 2590720.346, 87
Trd, 2590720.896, 106
Trd, 2590721.579, 98
Trd, 2590722.179, 105
Trd, 2590722.779, 113
Trd, 2590722.879, 112
Trd, 2590723.429, 101
Trd, 2590723.646, 113
Trd, 2590724.296, 111
Trd, 2590726.079, 104
Trd, 2590726.713, 108
Trd, 2590727.979, 101
Trd, 2590729.746, 100
Trd, 2590729.813, 101
Trd, 2590729.863, 101
Trd, 2590729.913, 98
Trd, 2590730.513, 92
Trd, 2590731.529, 102
Trd, 2590731.879, 95
Trd, 2590732.563, 101
Trd, 2590733.529, 95
Trd, 2590733.863, 104
Trd, 2590733.963, 105
Trd, 2590734.313, 112
Trd, 2590734.779, 113
Trd, 2590735.063, 102
Trd, 2590736.046, 102
Trd, 2590736.296, 109
Trd, 2590736.696, 110
Trd, 2590736.729, 101
Trd, 2590737.963, 94
Trd, 2590739.213, 92
Trd, 2590739.296, 90
Trd, 2590739.313, 105
Trd, 2590740.579, 104
Trd, 2590740.696, 105
Trd, 2590741.246, 95
Trd, 2590742.096, 106
Trd, 2590743.696, 107
Trd, 2590743.813, 93
Trd, 2590743.896, 92
Trd, 2590745.229, 90
Trd, 2590745.529, 101
Trd, 2590745.929, 100
Trd, 2590746.129, 101
Trd, 2590746.713, 87
Trd, 2590747.263, 101
Trd, 2590748.396, 93
Trd, 2590748.663, 99
Trd, 2590749.379, 92
Trd, 2590749.813, 99
Trd, 2590750.063, 98
Trd, 2590750.363, 101
Trd, 2590750.546, 112
Trd, 2590752.313, 95
Trd, 2590752.413, 94
Trd, 2590753.229, 107
Trd, 2590753.313, 109
Trd, 2590753.513, 113
Trd, 2590754.579, 114
Trd, 2590755.696, 94
Trd, 2590757.146, 96
Trd, 2590758.079, 102
Trd, 2590758.346, 99
Trd, 2590758.446, 94
Trd, 2590758.796, 102
Trd, 2590758.979, 90
Trd, 2590759.213, 86
Trd, 2590759.896, 85
Trd, 2590761.846, 103
Trd, 2590762.396, 105
Trd, 2590764.229, 100
Trd, 2590764.513, 111
Trd, 2590764.563, 112
Trd, 2590765.379, 106
Trd, 2590765.996, 105
Trd, 2590766.013, 101
Trd, 2590766.746, 114
Trd, 2590766.963, 99
Trd, 2590767.113, 98
Trd, 2590767.129, 115
Trd, 2590767.729, 114
Trd, 2590767.863, 115
Trd, 2590767.946, 119
Trd, 2590768.396, 94
Trd, 2590768.763, 91
Trd, 2590771.163, 113
Trd, 2590771.296, 114
Trd, 2590771.646, 115
Trd, 2590772.779, 119
Trd, 2590773.463, 107
Trd, 2590775.029, 104
Trd, 2590775.113, 105
Trd, 2590775.396, 105
Trd, 2590775.529, 102
Trd, 2590776.446, 114
Trd, 2590776.713, 102
Trd, 2590777.363, 110
Trd, 2590779.296, 106
Trd, 2590779.696, 105
Trd, 2590779.746, 101
Trd, 2590779.846, 98
Trd, 2590780.229, 107
Trd, 2590780.613, 110
Trd, 2590780.646, 97
Trd, 2590780.896, 93
Trd, 2590780.996, 111
Trd, 2590782.446, 110
Trd, 2590782.479, 91
Trd, 2590782.563, 112
Trd, 2590783.563, 85
Trd, 2590784.479, 84
Trd, 2590784.746, 103
Trd, 2590785.163, 81
Trd, 2590785.513, 90
Trd, 2590785.979, 99
Trd, 2590786.313, 77
Trd, 2590786.779, 103
Trd, 2590787.796, 105
Trd, 2590788.896, 103
Trd, 2590791.163, 111
Trd, 2590791.263, 114
Trd, 2590792.746, 112
Trd, 2590792.829, 106
Trd, 2590793.563, 105
Trd, 2590793.696, 99
Trd, 2590794.229, 98
Trd, 2590794.363, 107
Trd, 2590795.329, 90
Trd, 2590795.429, 103
Trd, 2590795.546, 104
Trd, 2590796.563, 98
Trd, 2590797.313, 96
Trd, 2590797.913, 104
Trd, 2590798.613, 94
Trd, 2590800.646, 102
Trd, 2590800.929, 102
Trd, 2590800.996, 91
Trd, 2590801.679, 93
Trd, 2590801.846, 100
Trd, 2590802.446, 101
Trd, 2590804.829, 114
Trd, 2590804.863, 115
Trd, 2590804.979, 115
Trd, 2590806.063, 108
Trd, 2590806.346, 106
Trd, 2590806.796, 101
Trd, 2590806.996, 103
Trd, 2590807.179, 98
Trd, 2590807.396, 103
Trd, 2590808.379, 94
Trd, 2590808.396, 103
Trd, 2590808.746, 103
Trd, 2590810.413, 104
Trd, 2590810.613, 105
Trd, 2590811.029, 98
Trd, 2590811.279, 112
Trd, 2590811.563, 99
Trd, 2590812.346, 111
Trd, 2590812.629, 121
Trd, 2590813.846, 104
Trd, 2590814.179, 98
Trd, 2590815.279, 104
Trd, 2590815.863, 92
Trd, 2590816.213, 109
Trd, 2590817.463, 117
Trd, 2590817.729, 92
Trd, 2590818.346, 91
Trd, 2590818.596, 92
Trd, 2590819.813, 94
Trd, 2590820.346, 95
Trd, 2590821.779, 93
Trd, 2590822.396, 93
Trd, 2590823.029, 96
Trd, 2590823.796, 96
Trd, 2590823.896, 101
Trd, 2590824.546, 101
Trd, 2590824.596, 92
Trd, 2590827.529, 100
Trd, 2590827.663, 95
Trd, 2590828.296, 107
Trd, 2590828.479, 108
Trd, 2590829.629, 100
Trd, 2590829.729, 111
Trd, 2590830.446, 94
Trd, 2590830.496, 108
Trd, 2590830.529, 94
Trd, 2590830.946, 111
Trd, 2590831.029, 112
Trd, 2590831.496, 90
Trd, 2590831.679, 89
Trd, 2590832.829, 95
Trd, 2590834.063, 90
Trd, 2590834.496, 99
Trd, 2590835.296, 97
Trd, 2590835.313, 98
Trd, 2590836.596, 102
Trd, 2590837.396, 103
Trd, 2590838.163, 101
Trd, 2590839.196, 98
Trd, 2590839.663, 100
Trd, 2590840.213, 96
Trd, 2590840.246, 94
Trd, 2590840.279, 87
Trd, 2590840.646, 105
Trd, 2590841.413, 89
Trd, 2590841.913, 111
Trd, 2590842.129, 112
Trd, 2590842.679, 118
Trd, 2590844.463, 109
Trd, 2590845.279, 110
Trd, 2590845.313, 115
Trd, 2590845.429, 95
Trd, 2590845.479, 114
Trd, 2590845.963, 95
Trd, 2590846.196, 99
Trd, 2590846.779, 94
Trd, 2590848.063, 105
Trd, 2590848.429, 88
Trd, 2590848.763, 87
Trd, 2590849.146, 84
Trd, 2590849.529, 115
Trd, 2590850.496, 113
Trd, 2590850.979, 113
Trd, 2590851.563, 115
Trd, 2590852.746, 113
Trd, 2590853.696, 102
Trd, 2590854.546, 114
Trd, 2590854.813, 115
Trd, 2590855.263, 101
Trd, 2590855.296, 120
Trd, 2590855.963, 95
Trd, 2590856.213, 95
Trd, 2590856.229, 94
Trd, 2590857.596, 93
Trd, 2590857.729, 102
Trd, 2590857.896, 91
Trd, 2590859.729, 95
Trd, 2590860.413, 94
Trd, 2590860.863, 94
Trd, 2590861.096, 97
Trd, 2590862.513, 98
Trd, 2590863.013, 99
Trd, 2590863.029, 97
Trd, 2590863.963, 101
Trd, 2590864.763, 104
Trd, 2590865.163, 103
Trd, 2590865.179, 102
Trd, 2590865.463, 105
Trd, 2590866.329, 109
Trd, 2590867.163, 111
Trd, 2590867.329, 112
Trd, 2590867.646, 105
Trd, 2590867.813, 111
Trd, 2590869.596, 101
Trd, 2590869.996, 112
Trd, 2590870.779, 111
Trd, 2590871.013, 110
Trd, 2590871.229, 112
Trd, 2590873.113, 98
Trd, 2590873.613, 91
Trd, 2590874.413, 103
Trd, 2590876.796, 95
Trd, 2590876.963, 99
Trd, 2590877.113, 100
Trd, 2590877.563, 101
Trd, 2590877.646, 94
Trd, 2590878.679, 105
Trd, 2590878.796, 108
Trd, 2590879.379, 96
Trd, 2590879.396, 93
Trd, 2590881.463, 107
Trd, 2590882.629, 107
Trd, 2590882.846, 108
Trd, 2590882.879, 105
Trd, 2590883.396, 109
Trd, 2590884.363, 94
Trd, 2590884.546, 86
Trd, 2590885.113, 100
Trd, 2590885.329, 101
Trd, 2590885.729, 90
Trd, 2590886.563, 111
Trd, 2590886.846, 85
Trd, 2590889.196, 85
Trd, 2590889.696, 86
Trd, 2590890.229, 86
Trd, 2590890.529, 88
Trd, 2590891.263, 94
Trd, 2590892.513, 92
Trd, 2590893.279, 91
Trd, 2590893.529, 91
Trd, 2590894.629, 102
Trd, 2590894.729, 101
Trd, 2590895.446, 100
Trd, 2590896.179, 98
Trd, 2590896.279, 101
Trd, 2590896.463, 105
Trd, 2590897.429, 95
Trd, 2590897.696, 96
Trd, 2590897.996, 104
Trd, 2590898.396, 94
Trd, 2590898.646, 87
Trd, 2590899.529, 104
Trd, 2590900.179, 103
Trd, 2590901.529, 105
Trd, 2590901.846, 112
Trd, 2590901.896, 115
Trd, 2590903.613, 118
Trd, 2590904.063, 119
Trd, 2590904.196, 117
Trd, 2590904.246, 108
Trd, 2590904.629, 107
Trd, 2590904.996, 119
Trd, 2590905.746, 120
Trd, 2590906.613, 94
Trd, 2590906.829, 94
Trd, 2590907.579, 112
Trd, 2590908.263, 99
Trd, 2590908.579, 96
Trd, 2590909.413, 116
Trd, 2590909.629, 95
Trd, 2590909.946, 112
Trd, 2590911.463, 102
Trd, 2590911.863, 104
Trd, 2590911.979, 107
Trd, 2590912.263, 100
Trd, 2590913.513, 100
Trd, 2590913.863, 95
Trd, 2590914.813, 95
Trd, 2590916.246, 102
Trd, 2590916.646, 99
Trd, 2590916.763, 101
Trd, 2590917.279, 101
Trd, 2590917.946, 103
Trd, 2590917.979, 109
Trd, 2590919.163, 110
Trd, 2590920.196, 98
Trd, 2590920.746, 95
Trd, 2590921.279, 91
Trd, 2590921.446, 108
Trd, 2590921.829, 91
Trd, 2590921.863, 108
Trd, 2590922.896, 106
Trd, 2590924.796, 99
Trd, 2590925.296, 98
Trd, 2590925.363, 99
Trd, 2590926.146, 98
Trd, 2590926.263, 100
Trd, 2590926.363, 101
Trd, 2590927.129, 110
Trd, 2590927.413, 95
Trd, 2590927.963, 112
Trd, 2590928.813, 87
Trd, 2590929.313, 111
Trd, 2590929.429, 112
Trd, 2590929.563, 115
Trd, 2590929.663, 94
Trd, 2590929.929, 90
Trd, 2590930.379, 125
Trd, 2590931.446, 84
Trd, 2590931.546, 115
Trd, 2590932.013, 116
Trd, 2590933.896, 95
Trd, 2590934.146, 95
Trd, 2590934.263, 112
Trd, 2590935.529, 105
Trd, 2590935.846, 106
Trd, 2590936.296, 107
Trd, 2590936.446, 105
Trd, 2590937.163, 112
Trd, 2590937.546, 101
Trd, 2590937.913, 98
Trd, 2590938.846, 99
Trd, 2590939.079, 114
Trd, 2590939.746, 99
Trd, 2590940.429, 112
Trd, 2590941.246, 92
Trd, 2590944.346, 97
Trd, 2590944.563, 98
Trd, 2590945.229, 101
Trd, 2590945.346, 115
Trd, 2590945.829, 98
Trd, 2590946.363, 113
Trd, 2590946.929, 119
Trd, 2590947.279, 112
Trd, 2590947.996, 107
Trd, 2590948.279, 117
Trd, 2590949.113, 105
Trd, 2590950.596, 101
Trd, 2590950.779, 109
Trd, 2590950.963, 110
Trd, 2590950.979, 99
Trd, 2590951.013, 111
Trd, 2590951.729, 100
Trd, 2590951.979, 99
Trd, 2590953.263, 112
Trd, 2590954.429, 98
Trd, 2590954.563, 109
Trd, 2590956.496, 94
Trd, 2590957.196, 90
Trd, 2590957.529, 87
Trd, 2590958.979, 86
Trd, 2590959.263, 100
Trd, 2590959.413, 81
Trd, 2590959.463, 99
Trd, 2590960.163, 84
Trd, 2590960.463, 98
Trd, 2590960.596, 100
Trd, 2590961.813, 96
Trd, 2590961.896, 97
Trd, 2590963.279, 97
Trd, 2590964.396, 99
Trd, 2590964.513, 101
Trd, 2590964.579, 105
Trd, 2590965.329, 112
Trd, 2590965.396, 101
Trd, 2590968.346, 103
Trd, 2590968.746, 101
Trd, 2590968.879, 108
Trd, 2590968.913, 110
Trd, 2590969.413, 106
Trd, 2590969.646, 107
Trd, 2590969.913, 100
Trd, 2590969.963, 99
Trd, 2590970.063, 98
Trd, 2590970.513, 94
Trd, 2590972.096, 100
Trd, 2590972.129, 99
Trd, 2590972.246, 102
Trd, 2590973.063, 98
Trd, 2590973.663, 100
Trd, 2590974.263, 100
Trd, 2590974.546, 98
Trd, 2590974.713, 90
Trd, 2590975.379, 99
Trd, 2590976.563, 99
Trd, 2590976.679, 100
Trd, 2590977.329, 101
Trd, 2590978.163, 105
Trd, 2590978.229, 115
Trd, 2590978.963, 93
Trd, 2590979.129, 85
Trd, 2590980.746, 98
Trd, 2590981.363, 94
Trd, 2590982.313, 115
Trd, 2590983.163, 112
Trd, 2590985.646, 99
Trd, 2590986.029, 91
Trd, 2590987.313, 91
Trd, 2590988.413, 97
Trd, 2590988.579, 101
Trd, 2590989.513, 98
Trd, 2590989.729, 104
Trd, 2590989.963, 105
Trd, 2590990.363, 102
Trd, 2590990.479, 112
Trd, 2590990.746, 113
Trd, 2590991.713, 107
Trd, 2590992.046, 107
Trd, 2590992.363, 105
Trd, 2590992.413, 106
Trd, 2590993.029, 94
Trd, 2590993.263, 106
Trd, 2590994.513, 107
Trd, 2590994.779, 103
Trd, 2590995.213, 108
Trd, 2590996.046, 110
Trd, 2590996.213, 111
Trd, 2590996.396, 115
Trd, 2590996.746, 103
Trd, 2590998.729, 101
Trd, 2590999.229, 114
Trd, 2590999.363, 115
Trd, 2590999.629, 99
Trd, 2590999.646, 98
Trd, 2590999.963, 120
Trd, 2591001.029, 94
Trd, 2591001.079, 120
Trd, 2591002.129, 120
Trd, 2591002.246, 118
Trd, 2591002.713, 92
Trd, 2591003.379, 92
Trd, 2591004.213, 93
Trd, 2591004.896, 116
Trd, 2591004.979, 91
Trd, 2591005.713, 110
Trd, 2591006.063, 94
Trd, 2591008.029, 90
Trd, 2591008.046, 104
Trd, 2591008.179, 107
Trd, 2591008.746, 87
Trd, 2591010.813, 100
Trd, 2591010.946, 100
Trd, 2591010.979, 101
Trd, 2591011.429, 100
Trd, 2591013.563, 97
Trd, 2591013.713, 97
Trd, 2591013.763, 102
Trd, 2591013.879, 105
Trd, 2591014.879, 111
Trd, 2591017.413, 101
Trd, 2591018.229, 101
Trd, 2591018.963, 98
Trd, 2591019.063, 100
Trd, 2591019.196, 101
Trd, 2591019.546, 101
Trd, 2591020.013, 97
Trd, 2591020.196, 97
Trd, 2591020.696, 94
Trd, 2591021.146, 95
Trd, 2591021.246, 96
Trd, 2591022.246, 95
Trd, 2591023.096, 92
Trd, 2591023.729, 95
Trd, 2591023.813, 96
Trd, 2591024.179, 98
Trd, 2591024.579, 89
Trd, 2591024.596, 86
Trd, 2591026.646, 92
Trd, 2591026.813, 86
Trd, 2591026.913, 96
Trd, 2591028.046, 84
Trd, 2591028.513, 91
Trd, 2591028.613, 95
Trd, 2591029.079, 96
Trd, 2591029.329, 95
Trd, 2591029.513, 101
Trd, 2591029.963, 105
Trd, 2591030.113, 92
Trd, 2591031.396, 99
Trd, 2591032.179, 113
Trd, 2591032.229, 113
Trd, 2591033.279, 79
Trd, 2591033.379, 77
Trd, 2591034.263, 86
Trd, 2591034.913, 87
Trd, 2591034.996, 87
Trd, 2591035.996, 85
Trd, 2591036.779, 94
Trd, 2591037.629, 88
Trd, 2591038.513, 89
Trd, 2591038.863, 103
Trd, 2591039.296, 100
Trd, 2591039.729, 101
Trd, 2591039.896, 105
Trd, 2591040.029, 98
Trd, 2591041.296, 111
Trd, 2591041.579, 106
Trd, 2591042.646, 112
Trd, 2591043.063, 114
Trd, 2591043.096, 102
Trd, 2591043.196, 101
Trd, 2591045.379, 107
Trd, 2591045.863, 101
Trd, 2591046.796, 107
Trd, 2591046.963, 100
Trd, 2591048.779, 100
Trd, 2591048.846, 101
Trd, 2591048.863, 103
Trd, 2591049.196, 93
Trd, 2591049.896, 106
Trd, 2591050.046, 91
Trd, 2591050.379, 108
Trd, 2591050.496, 87
Trd, 2591052.129, 99
Trd, 2591053.279, 103
Trd, 2591053.963, 102
Trd, 2591054.129, 101
Trd, 2591055.246, 101
Trd, 2591055.563, 101
Trd, 2591055.729, 100
Trd, 2591056.146, 105
Trd, 2591056.346, 112
Trd, 2591057.279, 98
Trd, 2591058.879, 99
Trd, 2591059.413, 98
Trd, 2591059.613, 105
Trd, 2591060.613, 99
Trd, 2591061.013, 108
Trd, 2591061.379, 107
Trd, 2591061.579, 109
Trd, 2591063.213, 110
Trd, 2591063.246, 111
Trd, 2591063.696, 94
Trd, 2591064.729, 91
Trd, 2591065.429, 86
Trd, 2591065.563, 103
Trd, 2591066.479, 84
Trd, 2591067.779, 87
Trd, 2591067.813, 101
Trd, 2591068.763, 103
Trd, 2591069.079, 105
Trd, 2591069.329, 102
Trd, 2591069.863, 108
Trd, 2591070.046, 110
Trd, 2591070.379, 111
Trd, 2591070.646, 103
Trd, 2591070.763, 115
Trd, 2591071.813, 102
Trd, 2591072.596, 111
Trd, 2591073.013, 112
Trd, 2591073.329, 115
Trd, 2591073.663, 113
Trd, 2591075.246, 108
Trd, 2591075.463, 108
Trd, 2591075.846, 114
Trd, 2591076.463, 113
Trd, 2591076.546, 105
Trd, 2591077.913, 101
Trd, 2591078.063, 115
Trd, 2591078.296, 112
Trd, 2591078.479, 98
Trd, 2591080.746, 111
Trd, 2591081.879, 96
Trd, 2591082.229, 96
Trd, 2591082.829, 97
Trd, 2591083.013, 95
Trd, 2591083.563, 96
Trd, 2591083.646, 100
Trd, 2591084.246, 118
Trd, 2591084.829, 112
Trd, 2591085.046, 98
Trd, 2591085.296, 122
Trd, 2591085.329, 97
Trd, 2591085.763, 94
Trd, 2591087.129, 91
Trd, 2591087.396, 100
Trd, 2591087.846, 101
Trd, 2591090.146, 98
Trd, 2591090.696, 96
Trd, 2591090.946, 95
Trd, 2591091.063, 97
Trd, 2591091.613, 94
Trd, 2591092.496, 94
Trd, 2591092.746, 95
Trd, 2591092.796, 99
Trd, 2591094.079, 92
Trd, 2591094.429, 92
Trd, 2591094.763, 90
Trd, 2591094.863, 104
Trd, 2591096.463, 101
Trd, 2591097.246, 102
Trd, 2591098.846, 100
Trd, 2591099.863, 105
Trd, 2591100.763, 101
Trd, 2591100.813, 99
Trd, 2591101.613, 106
Trd, 2591101.696, 99
Trd, 2591103.363, 104
Trd, 2591103.629, 99
Trd, 2591103.913, 98
Trd, 2591104.079, 101
Trd, 2591105.629, 101
Trd, 2591105.963, 102
Trd, 2591106.463, 105
Trd, 2591106.513, 95
Trd, 2591106.613, 113
Trd, 2591107.863, 94
Trd, 2591107.946, 113
Trd, 2591108.279, 115
Trd, 2591108.946, 117
Trd, 2591108.963, 93
Trd, 2591109.913, 117
Trd, 2591110.863, 97
Trd, 2591111.346, 97
Trd, 2591111.946, 94
Trd, 2591112.113, 107
Trd, 2591112.179, 91
Trd, 2591113.746, 103
Trd, 2591114.246, 87
Trd, 2591114.446, 100
Trd, 2591115.179, 100
Trd, 2591115.629, 103
Trd, 2591116.279, 102
Trd, 2591117.329, 103
Trd, 2591117.779, 98
Trd, 2591118.529, 103
Trd, 2591118.596, 98
Trd, 2591119.796, 101
Trd, 2591120.613, 101
Trd, 2591120.913, 101
Trd, 2591121.963, 99
Trd, 2591123.113, 103
Trd, 2591124.696, 99
Trd, 2591125.029, 99
Trd, 2591125.563, 99
Trd, 2591125.579, 102
Trd, 2591125.846, 105
Trd, 2591125.929, 100
Trd, 2591125.963, 98
Trd, 2591125.996, 109
Trd, 2591126.529, 94
Trd, 2591127.063, 113
Trd, 2591127.129, 84
Trd, 2591128.496, 114
Trd, 2591128.513, 108
Trd, 2591129.646, 101
Trd, 2591130.263, 112
Trd, 2591130.379, 113
Trd, 2591131.913, 112
Trd, 2591132.029, 97
Trd, 2591132.096, 113
Trd, 2591132.713, 115
Trd, 2591133.346, 122
Trd, 2591134.129, 124
Trd, 2591135.879, 116
Trd, 2591135.996, 112
Trd, 2591136.329, 119
Trd, 2591136.613, 108
Trd, 2591137.629, 105
Trd, 2591138.329, 101
Trd, 2591138.596, 94
Trd, 2591138.946, 99
Trd, 2591140.563, 99
Trd, 2591140.946, 96
Trd, 2591140.996, 97
Trd, 2591142.146, 95
Trd, 2591144.346, 93
Trd, 2591144.479, 92
Trd, 2591144.746, 95
Trd, 2591145.679, 98
Trd, 2591146.046, 96
Trd, 2591146.263, 94
Trd, 2591146.329, 101
Trd, 2591147.246, 94
Trd, 2591148.113, 94
Trd, 2591148.596, 93
Trd, 2591149.046, 93
Trd, 2591149.196, 98
Trd, 2591149.513, 90
Trd, 2591149.946, 100
Trd, 2591150.279, 100
Trd, 2591150.729, 101
Trd, 2591151.579, 104
Trd, 2591151.613, 84
Trd, 2591151.663, 105
Trd, 2591151.779, 112
Trd, 2591151.863, 85
Trd, 2591152.863, 99
Trd, 2591153.646, 84
Trd, 2591154.496, 82
Trd, 2591154.929, 107
Trd, 2591155.513, 80
Trd, 2591156.929, 112
Trd, 2591157.046, 112
Trd, 2591157.613, 81
Trd, 2591158.213, 94
Trd, 2591158.413, 112
Trd, 2591158.663, 115
Trd, 2591158.913, 116
Trd, 2591159.629, 87
Trd, 2591160.913, 91
Trd, 2591161.196, 91
Trd, 2591162.629, 94
Trd, 2591163.446, 97
Trd, 2591163.646, 96
Trd, 2591163.863, 96
Trd, 2591164.446, 95
Trd, 2591164.963, 91
Trd, 2591165.446, 96
Trd, 2591165.529, 101
Trd, 2591165.546, 105
Trd, 2591166.763, 110
Trd, 2591167.163, 115
Trd, 2591167.546, 97
Trd, 2591168.846, 94
Trd, 2591169.479, 94
Trd, 2591169.763, 97
Trd, 2591170.513, 101
Trd, 2591171.396, 95
Trd, 2591171.596, 92
Trd, 2591171.913, 109
Trd, 2591172.346, 110
Trd, 2591172.929, 96
Trd, 2591173.529, 98
Trd, 2591174.063, 111
Trd, 2591174.896, 98
Trd, 2591175.496, 99
Trd, 2591176.563, 102
Trd, 2591177.163, 104
Trd, 2591177.529, 103
Trd, 2591178.496, 105
Trd, 2591178.746, 110
Trd, 2591179.213, 112
Trd, 2591180.113, 114
Trd, 2591180.713, 107
Trd, 2591181.163, 107
Trd, 2591181.813, 106
Trd, 2591182.313, 108
Trd, 2591182.329, 94
Trd, 2591182.729, 115
Trd, 2591182.746, 91
Trd, 2591184.429, 80
Trd, 2591184.813, 114
Trd, 2591185.179, 112
Trd, 2591185.496, 113
Trd, 2591186.596, 83
Trd, 2591186.929, 107
Trd, 2591189.429, 94
Trd, 2591189.729, 95
Trd, 2591190.429, 106
Trd, 2591191.129, 105
Trd, 2591191.413, 96
Trd, 2591191.646, 106
Trd, 2591192.346, 107
Trd, 2591193.563, 108
Trd, 2591194.396, 98
Trd, 2591194.829, 102
Trd, 2591195.346, 102
Trd, 2591195.646, 104
Trd, 2591195.713, 100
Trd, 2591196.079, 100
Trd, 2591196.229, 98
Trd, 2591196.463, 95
Trd, 2591196.546, 94
Trd, 2591197.929, 99
Trd, 2591198.313, 97
Trd, 2591198.979, 91
Trd, 2591200.029, 94
Trd, 2591200.713, 105
Trd, 2591201.179, 116
Trd, 2591201.746, 95
Trd, 2591201.779, 108
Trd, 2591202.513, 112
Trd, 2591202.663, 112
Trd, 2591203.429, 99
Trd, 2591205.063, 118
Trd, 2591205.896, 101
Trd, 2591205.963, 98
Trd, 2591207.163, 112
Trd, 2591207.246, 112
Trd, 2591207.963, 108
Trd, 2591208.063, 109
Trd, 2591208.246, 112
Trd, 2591208.679, 122
Trd, 2591208.813, 122
Trd, 2591210.329, 117
Trd, 2591210.379, 113
Trd, 2591211.763, 108
Trd, 2591212.163, 108
Trd, 2591213.046, 98
Trd, 2591213.113, 109
Trd, 2591213.446, 100
Trd, 2591213.663, 94
Trd, 2591213.679, 110
Trd, 2591214.329, 94
Trd, 2591216.329, 103
Trd, 2591216.346, 97
Trd, 2591218.179, 101
Trd, 2591219.179, 96
Trd, 2591219.529, 97
Trd, 2591219.979, 89
Trd, 2591220.096, 98
Trd, 2591220.313, 101
Trd, 2591220.563, 112
Trd, 2591221.196, 94
Trd, 2591221.213, 87
Trd, 2591221.846, 109
Trd, 2591221.996, 114
Trd, 2591224.463, 108
Trd, 2591224.546, 97
Trd, 2591224.829, 99
Trd, 2591225.546, 99
Trd, 2591226.063, 101
Trd, 2591226.396, 100
Trd, 2591226.663, 102
Trd, 2591226.779, 103
Trd, 2591226.863, 99
Trd, 2591227.846, 102
Trd, 2591228.763, 103
Trd, 2591228.979, 114
Trd, 2591230.479, 94
Trd, 2591230.563, 97
Trd, 2591231.629, 98
Trd, 2591232.263, 104
Trd, 2591232.446, 105
Trd, 2591232.463, 93
Trd, 2591233.929, 112
Trd, 2591235.713, 96
Trd, 2591236.179, 107
Trd, 2591237.196, 97
Trd, 2591237.279, 106
Trd, 2591237.379, 94
Trd, 2591238.196, 105
Trd, 2591238.563, 91
Trd, 2591238.696, 86
Trd, 2591238.763, 100
Trd, 2591238.879, 84
Trd, 2591241.629, 94
Trd, 2591242.129, 94
Trd, 2591242.579, 94
Trd, 2591242.646, 101
Trd, 2591242.846, 103
Trd, 2591243.129, 92
Trd, 2591243.246, 105
Trd, 2591244.646, 115
Trd, 2591245.329, 112
Trd, 2591246.246, 108
Trd, 2591246.396, 98
Trd, 2591247.379, 110
Trd, 2591248.813, 105
Trd, 2591249.329, 95
Trd, 2591250.879, 100
Trd, 2591250.913, 102
Trd, 2591251.146, 103
Trd, 2591251.596, 100
Trd, 2591252.563, 90
Trd, 2591254.363, 95
Trd, 2591254.396, 99
Trd, 2591254.479, 100
Trd, 2591254.713, 105
Trd, 2591255.063, 112
Trd, 2591255.313, 95
Trd, 2591256.263, 101
Trd, 2591256.763, 93
Trd, 2591257.013, 109
Trd, 2591257.446, 114
Trd, 2591257.696, 115
Trd, 2591258.596, 92
Trd, 2591260.813, 91
Trd, 2591261.229, 105
Trd, 2591262.363, 92
Trd, 2591262.979, 91
Trd, 2591264.313, 87
Trd, 2591265.746, 90
Trd, 2591266.329, 89
Trd, 2591266.679, 87
Trd, 2591267.096, 91
Trd, 2591267.846, 94
Trd, 2591268.079, 99
Trd, 2591268.663, 100
Trd, 2591270.196, 93
Trd, 2591270.479, 98
Trd, 2591270.746, 92
Trd, 2591271.463, 93
Trd, 2591271.613, 101
Trd, 2591271.979, 115
Trd, 2591272.213, 115
Trd, 2591272.229, 112
Trd, 2591272.913, 93
Trd, 2591273.246, 117
Trd, 2591273.613, 119
Trd, 2591274.896, 94
Trd, 2591275.279, 119
Trd, 2591275.996, 94
Trd, 2591276.863, 94
Trd, 2591277.113, 95
Trd, 2591277.363, 97
Trd, 2591277.763, 98
Trd, 2591278.196, 116
Trd, 2591278.596, 122
Trd, 2591278.729, 93
Trd, 2591279.163, 92
Trd, 2591279.729, 118
Trd, 2591281.429, 98
Trd, 2591281.613, 119
Trd, 2591282.113, 96
Trd, 2591282.363, 114
Trd, 2591283.563, 95
Trd, 2591283.713, 94
Trd, 2591284.463, 89
Trd, 2591285.413, 101
Trd, 2591285.979, 91
Trd, 2591286.996, 94
Trd, 2591287.163, 100
Trd, 2591287.496, 101
Trd, 2591288.613, 111
Trd, 2591288.979, 98
Trd, 2591289.013, 99
Trd, 2591289.346, 99
Trd, 2591289.563, 112
Trd, 2591290.396, 100
Trd, 2591291.946, 110
Trd, 2591292.196, 103
Trd, 2591292.979, 111
Trd, 2591293.113, 98
Trd, 2591293.179, 112
Trd, 2591293.496, 115
Trd, 2591294.996, 100
Trd, 2591295.663, 101
Trd, 2591295.829, 98
Trd, 2591297.546, 102
Trd, 2591297.729, 98
Trd, 2591297.979, 98
Trd, 2591298.879, 95
Trd, 2591299.246, 94
Trd, 2591300.579, 93
Trd, 2591301.446, 95
Trd, 2591301.629, 101
Trd, 2591301.729, 92
Trd, 2591302.096, 105
Trd, 2591302.446, 115
Trd, 2591302.796, 94
Trd, 2591303.529, 87
Trd, 2591303.979, 112
Trd, 2591304.396, 114
Trd, 2591306.646, 88
Trd, 2591307.029, 87
Trd, 2591307.679, 88
Trd, 2591307.763, 84
Trd, 2591307.796, 79
Trd, 2591309.729, 86
Trd, 2591310.513, 94
Trd, 2591311.163, 97
Trd, 2591311.279, 98
Trd, 2591311.446, 101
Trd, 2591311.863, 110
Trd, 2591312.679, 112
Trd, 2591313.646, 115
Trd, 2591314.229, 113
Trd, 2591314.279, 112
Trd, 2591314.529, 108
Trd, 2591315.046, 117
Trd, 2591315.079, 105
Trd, 2591315.113, 118
Trd, 2591316.563, 101
Trd, 2591317.513, 109
Trd, 2591318.079, 107
Trd, 2591318.696, 108
Trd, 2591318.929, 109
Trd, 2591319.446, 112
Trd, 2591320.246, 98
Trd, 2591320.346, 98
Trd, 2591320.846, 108
Trd, 2591321.546, 98
Trd, 2591322.196, 97
Trd, 2591323.563, 106
Trd, 2591323.813, 98
Trd, 2591323.863, 108
Trd, 2591324.196, 94
Trd, 2591324.346, 110
Trd, 2591324.513, 91
Trd, 2591325.329, 115
Trd, 2591326.813, 118
Trd, 2591327.479, 99
Trd, 2591327.796, 98
Trd, 2591328.696, 93
Trd, 2591329.096, 113
Trd, 2591329.396, 114
Trd, 2591330.429, 114
Trd, 2591332.829, 108
Trd, 2591333.263, 106
Trd, 2591333.313, 107
Trd, 2591333.663, 107
Trd, 2591334.379, 105
Trd, 2591334.779, 107
Trd, 2591335.163, 106
Trd, 2591335.179, 108
Trd, 2591336.063, 104
Trd, 2591336.446, 103
Trd, 2591336.579, 101
Trd, 2591337.096, 113
Trd, 2591338.629, 110
Trd, 2591339.246, 96
Trd, 2591339.379, 112
Trd, 2591339.963, 95
Trd, 2591340.929, 98
Trd, 2591341.213, 110
Trd, 2591342.429, 109
Trd, 2591342.746, 100
Trd, 2591344.096, 95
Trd, 2591344.846, 98
Trd, 2591344.979, 99
Trd, 2591345.913, 93
Trd, 2591345.946, 102
Trd, 2591346.246, 90
Trd, 2591346.629, 89
Trd, 2591347.246, 101
Trd, 2591347.429, 104
Trd, 2591347.713, 105
Trd, 2591347.779, 114
Trd, 2591348.279, 91
Trd, 2591349.379, 106
Trd, 2591352.096, 112
Trd, 2591354.046, 109
Trd, 2591354.546, 109
Trd, 2591355.279, 112
Trd, 2591355.879, 112
Trd, 2591355.896, 108
Trd, 2591356.529, 101
Trd, 2591356.963, 91
Trd, 2591359.296, 98
Trd, 2591360.163, 100
Trd, 2591360.279, 100
Trd, 2591360.429, 101
Trd, 2591360.763, 101
Trd, 2591360.813, 102
Trd, 2591361.329, 102
Trd, 2591361.513, 101
Trd, 2591361.613, 102
Trd, 2591361.896, 103
Trd, 2591362.129, 94
Trd, 2591363.163, 90
Trd, 2591363.729, 88
Trd, 2591364.213, 87
Trd, 2591364.613, 84
Trd, 2591365.096, 86
Trd, 2591365.679, 87
Trd, 2591367.446, 98
Trd, 2591367.796, 103
Trd, 2591368.579, 103
Trd, 2591368.879, 98
Trd, 2591369.013, 108
Trd, 2591369.096, 115
Trd, 2591370.229, 95
Trd, 2591370.879, 118
Trd, 2591371.196, 95
Trd, 2591371.329, 108
Trd, 2591372.429, 111
Trd, 2591373.029, 112
Trd, 2591373.263, 110
Trd, 2591375.163, 108
Trd, 2591375.213, 109
Trd, 2591375.263, 110
Trd, 2591375.713, 98
Trd, 2591377.879, 106
Trd, 2591378.996, 106
Trd, 2591379.879, 106
Trd, 2591379.979, 107
Trd, 2591380.629, 100
Trd, 2591380.679, 99
Trd, 2591381.029, 94
Trd, 2591381.079, 102
Trd, 2591381.296, 106
Trd, 2591381.896, 91
Trd, 2591382.096, 84
Trd, 2591382.613, 110
Trd, 2591382.629, 112
Trd, 2591385.263, 87
Trd, 2591385.579, 87
Trd, 2591387.146, 91
Trd, 2591387.296, 95
Trd, 2591387.546, 98
Trd, 2591387.629, 101
Trd, 2591388.263, 88
Trd, 2591388.996, 89
Trd, 2591389.679, 112
Trd, 2591390.229, 112
Trd, 2591390.363, 109
Trd, 2591390.579, 112
Trd, 2591391.296, 113
Trd, 2591392.279, 110
Trd, 2591392.396, 100
Trd, 2591392.446, 113
Trd, 2591392.463, 99
Trd, 2591393.296, 113
Trd, 2591393.446, 94
Trd, 2591394.029, 87
Trd, 2591394.196, 82
Trd, 2591394.263, 114
Trd, 2591395.296, 115
Trd, 2591396.379, 99
Trd, 2591396.696, 100
Trd, 2591397.096, 100
Trd, 2591397.496, 102
Trd, 2591399.329, 111
Trd, 2591400.396, 111
Trd, 2591401.596, 105
Trd, 2591401.746, 103
Trd, 2591402.013, 111
Trd, 2591402.463, 111
Trd, 2591403.046, 101
Trd, 2591403.096, 112
Trd, 2591403.379, 112
Trd, 2591403.463, 115
Trd, 2591403.679, 99
Trd, 2591404.446, 99
Trd, 2591404.629, 98
Trd, 2591405.513, 108
Trd, 2591405.829, 94
Trd, 2591406.779, 91
Trd, 2591406.996, 108
Trd, 2591409.246, 101
Trd, 2591409.829, 101
Trd, 2591410.146, 90
Trd, 2591410.229, 102
Trd, 2591410.896, 102
Trd, 2591411.629, 103
Trd, 2591412.379, 91
Trd, 2591412.613, 89
Trd, 2591413.713, 108
Trd, 2591414.029, 101
Trd, 2591414.829, 105
Trd, 2591417.263, 101
Trd, 2591417.379, 100
Trd, 2591417.979, 99
Trd, 2591418.196, 99
Trd, 2591418.379, 97
Trd, 2591418.863, 98
Trd, 2591419.146, 99
Trd, 2591419.529, 102
Trd, 2591420.263, 93
Trd, 2591420.779, 92
Trd, 2591421.879, 115
Trd, 2591421.913, 91
Trd, 2591422.129, 115
Trd, 2591422.696, 90
Trd, 2591422.746, 87
Trd, 2591424.896, 90
Trd, 2591425.329, 114
Trd, 2591426.579, 110
Trd, 2591426.796, 111
Trd, 2591427.013, 108
Trd, 2591427.179, 113
Trd, 2591427.746, 91
Trd, 2591428.979, 110
Trd, 2591429.613, 95
Trd, 2591429.879, 100
Trd, 2591430.063, 98
Trd, 2591430.196, 105
Trd, 2591430.463, 93
Trd, 2591430.596, 105
Trd, 2591430.896, 106
Trd, 2591431.546, 106
Trd, 2591431.979, 107
Trd, 2591432.946, 97
Trd, 2591433.763, 86
Trd, 2591434.996, 97
Trd, 2591435.546, 94
Trd, 2591435.846, 95
Trd, 2591435.879, 100
Trd, 2591437.363, 98
Trd, 2591437.663, 101
Trd, 2591438.063, 105
Trd, 2591438.796, 109
Trd, 2591439.729, 117
Trd, 2591439.996, 118
Trd, 2591440.046, 100
Trd, 2591440.429, 94
Trd, 2591440.913, 91
Trd, 2591442.096, 88
Trd, 2591442.129, 112
Trd, 2591442.646, 88
Trd, 2591443.379, 111
Trd, 2591444.529, 90
Trd, 2591446.613, 100
Trd, 2591447.346, 106
Trd, 2591447.829, 107
Trd, 2591448.246, 103
Trd, 2591448.313, 103
Trd, 2591448.546, 120
Trd, 2591449.579, 120
Trd, 2591450.313, 112
Trd, 2591450.913, 109
Trd, 2591451.096, 111
Trd, 2591451.129, 104
Trd, 2591451.896, 107
Trd, 2591452.796, 107
Trd, 2591452.946, 101
Trd, 2591453.029, 98
Trd, 2591453.579, 105
Trd, 2591454.313, 99
Trd, 2591455.613, 97
Trd, 2591455.763, 101
Trd, 2591456.113, 113
Trd, 2591457.196, 102
Trd, 2591457.229, 111
Trd, 2591458.763, 104
Trd, 2591459.379, 102
Trd, 2591459.629, 103
Trd, 2591460.263, 104
Trd, 2591461.046, 98
Trd, 2591461.613, 105
Trd, 2591461.846, 96
Trd, 2591462.063, 93
Trd, 2591462.529, 91
Trd, 2591462.929, 110
Trd, 2591463.329, 87
Trd, 2591463.546, 112
Trd, 2591463.746, 87
Trd, 2591464.929, 83
Trd, 2591466.096, 85
Trd, 2591466.829, 98
Trd, 2591466.846, 102
Trd, 2591468.996, 98
Trd, 2591469.246, 108
Trd, 2591470.513, 105
Trd, 2591470.629, 105
Trd, 2591471.063, 105
Trd, 2591471.263, 104
Trd, 2591471.713, 109
Trd, 2591472.396, 115
Trd, 2591472.913, 114
Trd, 2591473.413, 109
Trd, 2591473.429, 115
Trd, 2591473.629, 95
Trd, 2591474.863, 113
Trd, 2591475.079, 115
Trd, 2591475.979, 110
Trd, 2591476.546, 108
Trd, 2591476.696, 105
Trd, 2591477.279, 113
Trd, 2591478.179, 92
Trd, 2591478.729, 114
Trd, 2591479.346, 99
Trd, 2591481.679, 100
Trd, 2591482.663, 99
Trd, 2591482.696, 98
Trd, 2591483.396, 98
Trd, 2591483.779, 99
Trd, 2591484.329, 96
Trd, 2591484.763, 96
Trd, 2591485.113, 97
Trd, 2591485.163, 100
Trd, 2591485.229, 101
Trd, 2591487.479, 96
Trd, 2591488.429, 96
Trd, 2591489.629, 96
Trd, 2591489.696, 104
Trd, 2591489.979, 105
Trd, 2591490.829, 114
Trd, 2591491.763, 107
Trd, 2591492.096, 103
Trd, 2591492.613, 103
Trd, 2591492.863, 112
Trd, 2591492.963, 91
Trd, 2591493.663, 111
Trd, 2591493.763, 94
Trd, 2591494.013, 113
Trd, 2591494.729, 94
Trd, 2591495.913, 111
Trd, 2591495.929, 89
Trd, 2591496.163, 103
Trd, 2591496.596, 112
Trd, 2591497.529, 115
Trd, 2591500.079, 96
Trd, 2591500.146, 95
Trd, 2591500.363, 96
Trd, 2591500.913, 97
Trd, 2591501.746, 96
Trd, 2591502.396, 91
Trd, 2591502.796, 101
Trd, 2591503.096, 100
Trd, 2591503.629, 99
Trd, 2591503.946, 101
Trd, 2591506.096, 87
Trd, 2591506.329, 112
Trd, 2591506.379, 116
Trd, 2591506.679, 108
Trd, 2591507.379, 106
Trd, 2591507.463, 87
Trd, 2591507.496, 121
Trd, 2591508.246, 86
Trd, 2591508.413, 86
Trd, 2591509.246, 118
Trd, 2591509.746, 91
Trd, 2591510.829, 121
Trd, 2591510.929, 114
Trd, 2591511.229, 114
Trd, 2591512.629, 112
Trd, 2591513.046, 91
Trd, 2591514.296, 109
Trd, 2591514.646, 99
Trd, 2591515.063, 101
Trd, 2591515.079, 94
Trd, 2591517.463, 96
Trd, 2591517.563, 102
Trd, 2591518.163, 103
Trd, 2591519.213, 99
Trd, 2591519.413, 98
Trd, 2591519.829, 97
Trd, 2591520.863, 112
Trd, 2591521.213, 102
Trd, 2591521.546, 100
Trd, 2591521.879, 108
Trd, 2591522.179, 110
Trd, 2591523.046, 114
Trd, 2591523.246, 98
Trd, 2591523.363, 113
Trd, 2591523.546, 93
Trd, 2591525.646, 91
Trd, 2591526.846, 104
Trd, 2591527.429, 105
Trd, 2591529.113, 97
Trd, 2591529.496, 99
Trd, 2591529.946, 98
Trd, 2591530.146, 94
Trd, 2591530.529, 101
Trd, 2591530.829, 105
Trd, 2591530.879, 88
Trd, 2591531.846, 90
Trd, 2591532.096, 87
Trd, 2591532.246, 88
Trd, 2591532.396, 107
Trd, 2591532.579, 112
Trd, 2591532.763, 124
Trd, 2591533.446, 85
Trd, 2591534.963, 110
Trd, 2591537.329, 94
Trd, 2591537.479, 93
Trd, 2591538.346, 99
Trd, 2591538.429, 99
Trd, 2591538.579, 100
Trd, 2591538.896, 96
Trd, 2591538.979, 99
Trd, 2591539.496, 95
Trd, 2591540.063, 101
Trd, 2591541.113, 99
Trd, 2591541.313, 98
Trd, 2591541.596, 102
Trd, 2591541.746, 97
Trd, 2591541.913, 105
Trd, 2591542.029, 94
Trd, 2591543.246, 112
Trd, 2591544.963, 110
Trd, 2591545.013, 112
Trd, 2591546.313, 112
Trd, 2591546.396, 92
Trd, 2591546.529, 111
Trd, 2591547.279, 111
Trd, 2591547.929, 113
Trd, 2591547.946, 107
Trd, 2591548.146, 101
Trd, 2591548.929, 115
Trd, 2591550.646, 95
Trd, 2591550.829, 95
Trd, 2591550.913, 96
Trd, 2591551.296, 95
Trd, 2591551.429, 94
Trd, 2591553.146, 98
Trd, 2591553.263, 92
Trd, 2591553.296, 99
Trd, 2591553.779, 90
Trd, 2591553.879, 92
Trd, 2591555.946, 95
Trd, 2591555.979, 96
Trd, 2591556.763, 94
Trd, 2591556.779, 91
Trd, 2591556.913, 95
Trd, 2591557.629, 99
Trd, 2591557.879, 100
Trd, 2591558.446, 92
Trd, 2591561.479, 101
Trd, 2591561.579, 99
Trd, 2591561.863, 99
Trd, 2591562.496, 105
Trd, 2591562.763, 98
Trd, 2591563.546, 112
Trd, 2591563.979, 95
Trd, 2591564.196, 111
Trd, 2591564.429, 89
Trd, 2591566.996, 91
Trd, 2591567.029, 104
Trd, 2591567.796, 105
Trd, 2591568.029, 106
Trd, 2591568.313, 114
Trd, 2591568.813, 96
Trd, 2591569.613, 100
Trd, 2591570.479, 111
Trd, 2591570.613, 98
Trd, 2591570.746, 96
Trd, 2591571.063, 97
Trd, 2591572.146, 111
Trd, 2591572.463, 97
Trd, 2591573.379, 109
Trd, 2591573.396, 94
Trd, 2591573.429, 110
Trd, 2591573.696, 114
Trd, 2591573.879, 95
Trd, 2591574.329, 94
Trd, 2591574.729, 101
Trd, 2591575.746, 102
Trd, 2591575.846, 87
Trd, 2591577.829, 95
Trd, 2591578.596, 94
Trd, 2591579.013, 95
Trd, 2591579.263, 84
Trd, 2591580.579, 106
Trd, 2591580.613, 107
Trd, 2591581.146, 86
Trd, 2591581.279, 109
Trd, 2591582.729, 113
Trd, 2591583.763, 95
Trd, 2591584.279, 106
Trd, 2591584.679, 104
Trd, 2591585.429, 105
Trd, 2591585.796, 100
Trd, 2591587.146, 100
Trd, 2591587.313, 100
Trd, 2591587.679, 101
Trd, 2591587.829, 100
Trd, 2591588.163, 105
Trd, 2591588.613, 99
Trd, 2591589.063, 111
Trd, 2591589.529, 98
Trd, 2591589.613, 100
Trd, 2591589.729, 93
Trd, 2591590.013, 115
Trd, 2591590.063, 91
Trd, 2591590.446, 86
Trd, 2591591.363, 112
Trd, 2591593.929, 93
Trd, 2591594.946, 100
Trd, 2591596.913, 115
Trd, 2591597.096, 115
Trd, 2591598.329, 101
Trd, 2591598.496, 101
Trd, 2591598.613, 100
Trd, 2591599.096, 106
Trd, 2591599.263, 107
Trd, 2591600.396, 95
Trd, 2591600.746, 113
Trd, 2591600.946, 95
Trd, 2591601.596, 112
Trd, 2591601.929, 95
Trd, 2591602.196, 110
Trd, 2591604.479, 105
Trd, 2591604.529, 105
Trd, 2591604.729, 106
Trd, 2591604.813, 107
Trd, 2591605.196, 115
Trd, 2591607.713, 102
Trd, 2591607.829, 102
Trd, 2591607.896, 113
Trd, 2591608.046, 114
Trd, 2591608.096, 103
Trd, 2591608.113, 115
Trd, 2591608.846, 101
Trd, 2591610.063, 111
Trd, 2591610.279, 94
Trd, 2591610.913, 91
Trd, 2591612.246, 91
Trd, 2591612.513, 88
Trd, 2591612.746, 102
Trd, 2591613.629, 88
Trd, 2591614.113, 100
Trd, 2591614.613, 100
Trd, 2591614.746, 92
Trd, 2591617.113, 106
Trd, 2591617.296, 90
Trd, 2591617.863, 114
Trd, 2591618.346, 89
Trd, 2591619.846, 107
Trd, 2591620.063, 107
Trd, 2591620.529, 107
Trd, 2591621.013, 107
Trd, 2591621.779, 98
Trd, 2591622.679, 109
Trd, 2591622.829, 101
Trd, 2591623.213, 100
Trd, 2591624.346, 104
Trd, 2591624.396, 97
Trd, 2591625.663, 93
Trd, 2591625.813, 101
Trd, 2591626.679, 99
Trd, 2591628.096, 100
Trd, 2591628.513, 91
Trd, 2591629.879, 101
Trd, 2591630.979, 98
Trd, 2591631.146, 100
Trd, 2591631.513, 101
Trd, 2591632.296, 100
Trd, 2591632.346, 99
Trd, 2591632.529, 103
Trd, 2591632.813, 98
Trd, 2591633.463, 101
Trd, 2591633.546, 105
Trd, 2591633.946, 99
Trd, 2591634.163, 96
Trd, 2591635.129, 112
Trd, 2591635.246, 115
Trd, 2591635.429, 116
Trd, 2591636.113, 85
Trd, 2591636.413, 94
Trd, 2591636.579, 110
Trd, 2591638.446, 89
Trd, 2591639.446, 102
Trd, 2591640.879, 101
Trd, 2591641.213, 100
Trd, 2591641.963, 98
Trd, 2591642.129, 98
Trd, 2591642.246, 99
Trd, 2591642.663, 105
Trd, 2591643.096, 108
Trd, 2591643.313, 96
Trd, 2591643.446, 114
Trd, 2591643.596, 91
Trd, 2591644.763, 112
Trd, 2591645.146, 115
Trd, 2591645.513, 88
Trd, 2591646.396, 89
Trd, 2591646.663, 94
Trd, 2591646.929, 90
Trd, 2591647.396, 112
Trd, 2591648.279, 110
Trd, 2591648.696, 89
Trd, 2591650.729, 93
Trd, 2591651.496, 90
Trd, 2591651.763, 89
Trd, 2591652.379, 92
Trd, 2591654.196, 86
Trd, 2591654.329, 90
Trd, 2591654.463, 92
Trd, 2591654.479, 101
Trd, 2591654.779, 103
Trd, 2591655.496, 103
Trd, 2591655.879, 87
Trd, 2591657.213, 94
Trd, 2591657.596, 101
Trd, 2591657.946, 102
Trd, 2591658.613, 97
Trd, 2591659.346, 96
Trd, 2591659.746, 98
Trd, 2591659.763, 96
Trd, 2591660.496, 99
Trd, 2591660.829, 105
Trd, 2591660.963, 96
Trd, 2591662.263, 113
Trd, 2591663.013, 90
Trd, 2591663.129, 112
Trd, 2591664.529, 115
Trd, 2591665.246, 88
Trd, 2591666.313, 84
Trd, 2591666.479, 85
Trd, 2591666.796, 81
Trd, 2591666.929, 110
Trd, 2591668.529, 98
Trd, 2591668.979, 106
Trd, 2591669.229, 106
Trd, 2591669.563, 107
Trd, 2591669.963, 94
Trd, 2591670.896, 104
Trd, 2591672.596, 97
Trd, 2591673.463, 101
Trd, 2591674.029, 99
Trd, 2591674.263, 99
Trd, 2591674.663, 92
Trd, 2591675.046, 100
Trd, 2591675.763, 105
Trd, 2591676.696, 115
Trd, 2591676.796, 115
Trd, 2591677.346, 116
Trd, 2591678.396, 109
Trd, 2591678.646, 114
Trd, 2591678.879, 97
Trd, 2591679.579, 95
Trd, 2591680.296, 97
Trd, 2591680.496, 98
Trd, 2591681.496, 107
Trd, 2591681.913, 95
Trd, 2591682.546, 92
Trd, 2591683.179, 91
Trd, 2591683.563, 89
Trd, 2591683.829, 86
Trd, 2591683.946, 81
Trd, 2591684.763, 97
Trd, 2591685.429, 97
Trd, 2591685.763, 87
Trd, 2591686.246, 96
Trd, 2591686.296, 101
Trd, 2591686.596, 105
Trd, 2591687.129, 112
Trd, 2591688.896, 108
Trd, 2591689.063, 100
Trd, 2591690.746, 108
Trd, 2591690.929, 104
Trd, 2591691.396, 105
Trd, 2591691.946, 108
Trd, 2591692.213, 101
Trd, 2591694.413, 105
Trd, 2591694.546, 105
Trd, 2591694.629, 104
Trd, 2591695.063, 93
Trd, 2591696.763, 95
Trd, 2591697.229, 94
Trd, 2591697.463, 93
Trd, 2591697.813, 112
Trd, 2591698.313, 113
Trd, 2591698.429, 114
Trd, 2591700.229, 106
Trd, 2591700.313, 108
Trd, 2591700.563, 109
Trd, 2591701.529, 94
Trd, 2591701.829, 94
Trd, 2591702.413, 103
Trd, 2591702.713, 109
Trd, 2591702.729, 91
Trd, 2591703.129, 109
Trd, 2591703.863, 112
Trd, 2591705.379, 102
Trd, 2591705.629, 111
Trd, 2591705.946, 99
Trd, 2591706.163, 98
Trd, 2591706.229, 113
Trd, 2591707.196, 100
Trd, 2591709.296, 101
Trd, 2591709.679, 100
Trd, 2591710.329, 94
Trd, 2591711.546, 91
Trd, 2591711.896, 94
Trd, 2591711.929, 95
Trd, 2591712.096, 97
Trd, 2591712.129, 98
Trd, 2591712.163, 92
Trd, 2591712.829, 113
Trd, 2591714.013, 115
Trd, 2591714.096, 119
Trd, 2591714.179, 125
Trd, 2591714.263, 92
Trd, 2591714.879, 122
Trd, 2591715.046, 101
Trd, 2591715.863, 114
Trd, 2591716.646, 102
Trd, 2591717.229, 119
Trd, 2591717.346, 94
Trd, 2591717.963, 118
Trd, 2591717.996, 93
Trd, 2591719.213, 112
Trd, 2591720.029, 96
Trd, 2591720.446, 108
Trd, 2591722.013, 96
Trd, 2591724.346, 95
Trd, 2591724.396, 96
Trd, 2591724.479, 94
Trd, 2591724.546, 99
Trd, 2591725.179, 101
Trd, 2591725.613, 93
Trd, 2591726.296, 105
Trd, 2591726.979, 91
Trd, 2591727.279, 103
Trd, 2591728.029, 89
Trd, 2591728.996, 86
Trd, 2591729.029, 87
Trd, 2591731.246, 95
Trd, 2591731.429, 94
Trd, 2591731.446, 94
Trd, 2591731.663, 94
Trd, 2591732.013, 94
Trd, 2591733.313, 94
Trd, 2591733.479, 93
Trd, 2591734.129, 101
Trd, 2591734.379, 113
Trd, 2591735.546, 91
Trd, 2591735.946, 106
Trd, 2591736.629, 91
Trd, 2591737.046, 101
Trd, 2591738.996, 98
Trd, 2591739.329, 90
Trd, 2591739.713, 89
Trd, 2591739.729, 99
Trd, 2591739.779, 102
Trd, 2591741.029, 105
Trd, 2591741.763, 112
Trd, 2591743.229, 109
Trd, 2591743.329, 108
Trd, 2591743.513, 113
Trd, 2591743.629, 98
Trd, 2591743.896, 114
Trd, 2591744.429, 115
Trd, 2591745.546, 95
Trd, 2591745.763, 94
Trd, 2591746.513, 90
Trd, 2591746.746, 111
Trd, 2591748.463, 88
Trd, 2591748.696, 89
Trd, 2591748.779, 87
Trd, 2591749.129, 87
Trd, 2591749.546, 101
Trd, 2591750.879, 102
Trd, 2591751.313, 107
Trd, 2591752.046, 108
Trd, 2591752.146, 113
Trd, 2591752.479, 115
Trd, 2591753.779, 91
Trd, 2591753.929, 92
Trd, 2591755.213, 111
Trd, 2591756.813, 108
Trd, 2591756.846, 112
Trd, 2591756.929, 101
Trd, 2591757.113, 90
Trd, 2591757.263, 113
Trd, 2591757.363, 114
Trd, 2591757.496, 123
Trd, 2591757.929, 125
Trd, 2591759.163, 117
Trd, 2591759.913, 88
Trd, 2591760.329, 87
Trd, 2591760.429, 125
Trd, 2591761.679, 84
Trd, 2591761.713, 94
Trd, 2591761.796, 96
Trd, 2591762.213, 95
Trd, 2591762.896, 97
Trd, 2591763.679, 86
Trd, 2591764.579, 91
Trd, 2591764.613, 99
Trd, 2591765.429, 101
Trd, 2591765.963, 90
Trd, 2591766.413, 112
Trd, 2591766.863, 113
Trd, 2591767.379, 91
Trd, 2591767.729, 88
Trd, 2591768.063, 84
Trd, 2591768.763, 93
Trd, 2591768.846, 94
Trd, 2591769.263, 96
Trd, 2591769.663, 100
Trd, 2591771.063, 102
Trd, 2591771.729, 97
Trd, 2591771.846, 95
Trd, 2591772.746, 101
Trd, 2591772.963, 105
Trd, 2591774.963, 108
Trd, 2591776.713, 98
Trd, 2591776.763, 99
Trd, 2591776.896, 99
Trd, 2591777.946, 99
Trd, 2591778.296, 100
Trd, 2591778.646, 112
Trd, 2591780.263, 114
Trd, 2591780.596, 115
Trd, 2591781.179, 104
Trd, 2591781.413, 103
Trd, 2591781.629, 101
Trd, 2591781.763, 98
Trd, 2591782.996, 93
Trd, 2591783.113, 107
Trd, 2591783.496, 107
Trd, 2591783.913, 109
Trd, 2591784.463, 113
Trd, 2591784.646, 114
Trd, 2591785.029, 110
Trd, 2591785.479, 105
Trd, 2591786.246, 112
Trd, 2591786.313, 115
Trd, 2591786.446, 95
Trd, 2591788.879, 101
Trd, 2591789.113, 95
Trd, 2591790.329, 97
Trd, 2591790.763, 97
Trd, 2591791.646, 96
Trd, 2591791.996, 91
Trd, 2591792.696, 94
Trd, 2591793.046, 87
Trd, 2591794.046, 89
Trd, 2591794.479, 90
Trd, 2591795.029, 94
Trd, 2591795.179, 90
Trd, 2591795.329, 99
Trd, 2591795.713, 101
Trd, 2591796.996, 114
Trd, 2591797.363, 115
Trd, 2591798.063, 97
Trd, 2591798.629, 107
Trd, 2591799.929, 97
Trd, 2591800.046, 99
Trd, 2591800.279, 96
Trd, 2591800.563, 102
Trd, 2591800.896, 91
Trd, 2591800.929, 105
Trd, 2591800.946, 108
Trd, 2591801.463, 84
Trd, 2591802.346, 94
Trd, 2591802.529, 111
Trd, 2591805.129, 106
Trd, 2591805.813, 107
Trd, 2591806.563, 105
Trd, 2591807.063, 105
Trd, 2591807.563, 100
Trd, 2591808.063, 99
Trd, 2591808.429, 112
Trd, 2591808.979, 113
Trd, 2591810.496, 101
Trd, 2591811.613, 99
Trd, 2591812.363, 111
Trd, 2591812.529, 98
Trd, 2591812.696, 110
Trd, 2591813.163, 93
Trd, 2591813.446, 94
Trd, 2591814.163, 100
Trd, 2591814.529, 100
Trd, 2591815.963, 94
Trd, 2591816.663, 96
Trd, 2591817.213, 95
Trd, 2591817.546, 94
Trd, 2591817.613, 95
Trd, 2591818.446, 96
Trd, 2591818.496, 93
Trd, 2591819.329, 91
Trd, 2591819.579, 92
Trd, 2591819.763, 102
Trd, 2591819.963, 85
Trd, 2591820.413, 84
Trd, 2591821.096, 101
Trd, 2591821.163, 105
Trd, 2591821.996, 109
Trd, 2591823.113, 118
Trd, 2591824.829, 95
Trd, 2591825.329, 94
Trd, 2591825.563, 111
Trd, 2591826.446, 107
Trd, 2591826.796, 108
Trd, 2591827.379, 91
Trd, 2591827.679, 117
Trd, 2591828.046, 116
Trd, 2591828.346, 117
Trd, 2591828.463, 87
Trd, 2591828.813, 118
Trd, 2591829.946, 93
Trd, 2591832.779, 96
Trd, 2591832.946, 95
Trd, 2591833.996, 97
Trd, 2591834.296, 96
Trd, 2591834.996, 98
Trd, 2591835.246, 96
Trd, 2591835.929, 100
Trd, 2591836.796, 102
Trd, 2591837.363, 102
Trd, 2591837.763, 97
Trd, 2591838.229, 102
Trd, 2591839.529, 95
Trd, 2591840.113, 95
Trd, 2591840.213, 96
Trd, 2591840.363, 101
Trd, 2591840.979, 94
Trd, 2591841.196, 105
Trd, 2591841.213, 115
Trd, 2591841.379, 115
Trd, 2591842.263, 116
Trd, 2591843.696, 95
Trd, 2591843.963, 92
Trd, 2591844.379, 112
Trd, 2591844.496, 113
Trd, 2591845.979, 95
Trd, 2591847.646, 98
Trd, 2591847.779, 89
Trd, 2591848.446, 94
Trd, 2591848.613, 88
Trd, 2591848.646, 105
Trd, 2591849.029, 105
Trd, 2591849.829, 112
Trd, 2591850.263, 112
Trd, 2591851.863, 102
Trd, 2591851.979, 92
Trd, 2591852.979, 102
Trd, 2591853.963, 98
Trd, 2591854.096, 103
Trd, 2591854.146, 98
Trd, 2591855.213, 113
Trd, 2591857.129, 110
Trd, 2591857.163, 105
Trd, 2591857.446, 111
Trd, 2591857.863, 111
Trd, 2591858.063, 108
Trd, 2591858.496, 105
Trd, 2591858.796, 105
Trd, 2591860.013, 111
Trd, 2591860.129, 113
Trd, 2591860.196, 115
Trd, 2591862.029, 110
Trd, 2591862.596, 111
Trd, 2591863.346, 105
Trd, 2591863.546, 101
Trd, 2591863.779, 99
Trd, 2591863.863, 98
Trd, 2591863.946, 95
Trd, 2591864.513, 109
Trd, 2591864.629, 96
Trd, 2591865.696, 106
Trd, 2591866.379, 105
Trd, 2591866.979, 106
Trd, 2591867.646, 101
Trd, 2591868.429, 107
Trd, 2591868.846, 110
Trd, 2591869.146, 102
Trd, 2591870.579, 99
Trd, 2591871.096, 110
Trd, 2591871.163, 113
Trd, 2591871.579, 101
Trd, 2591871.729, 114
Trd, 2591872.146, 98
Trd, 2591874.429, 109
Trd, 2591876.829, 102
Trd, 2591876.946, 104
Trd, 2591877.529, 103
Trd, 2591878.129, 104
Trd, 2591878.413, 103
Trd, 2591878.779, 115
Trd, 2591879.179, 112
Trd, 2591880.313, 121
Trd, 2591880.613, 114
Trd, 2591881.146, 101
Trd, 2591881.213, 98
Trd, 2591881.346, 115
Trd, 2591881.363, 116
Trd, 2591881.513, 94
Trd, 2591882.279, 90
Trd, 2591883.296, 109
Trd, 2591883.379, 88
Trd, 2591883.879, 110
Trd, 2591884.413, 113
Trd, 2591884.946, 112
Trd, 2591885.463, 110
Trd, 2591885.629, 113
Trd, 2591885.846, 89
Trd, 2591886.396, 87
Trd, 2591887.879, 81
Trd, 2591888.496, 82
Trd, 2591889.129, 91
Trd, 2591890.446, 95
Trd, 2591890.646, 95
Trd, 2591890.996, 87
Trd, 2591891.979, 94
Trd, 2591892.479, 93
Trd, 2591892.546, 94
Trd, 2591892.846, 95
Trd, 2591892.946, 93
Trd, 2591894.413, 94
Trd, 2591895.279, 100
Trd, 2591896.263, 101
Trd, 2591896.896, 98
Trd, 2591897.679, 97
Trd, 2591898.396, 100
Trd, 2591898.413, 101
Trd, 2591899.246, 98
Trd, 2591899.496, 101
Trd, 2591900.129, 91
Trd, 2591900.413, 100
Trd, 2591900.863, 105
Trd, 2591901.063, 115
Trd, 2591901.346, 115
Trd, 2591903.246, 94
Trd, 2591904.113, 114
Trd, 2591904.379, 115
Trd, 2591905.413, 87
Trd, 2591905.446, 113
Trd, 2591905.729, 114
Trd, 2591906.579, 94
Trd, 2591907.446, 118
Trd, 2591907.996, 108
Trd, 2591908.463, 99
Trd, 2591910.246, 108
Trd, 2591910.329, 101
Trd, 2591910.346, 98
Trd, 2591910.813, 89
Trd, 2591911.146, 107
Trd, 2591911.813, 93
Trd, 2591912.463, 102
Trd, 2591912.713, 92
Trd, 2591913.646, 97
Trd, 2591913.879, 98
Trd, 2591914.279, 92
Trd, 2591916.829, 94
Trd, 2591916.963, 91
Trd, 2591917.063, 102
Trd, 2591917.246, 104
Trd, 2591918.213, 87
Trd, 2591918.396, 105
Trd, 2591918.696, 115
Trd, 2591919.096, 84
Trd, 2591920.013, 116
Trd, 2591921.279, 98
Trd, 2591922.279, 109
Trd, 2591922.563, 100
Trd, 2591923.729, 107
Trd, 2591923.763, 101
Trd, 2591924.613, 103
Trd, 2591924.863, 104
Trd, 2591925.163, 103
Trd, 2591925.813, 101
Trd, 2591925.929, 94
Trd, 2591926.263, 106
Trd, 2591926.279, 91
Trd, 2591927.213, 105
Trd, 2591927.696, 95
Trd, 2591928.313, 110
Trd, 2591928.829, 97
Trd, 2591929.613, 111
Trd, 2591930.629, 99
Trd, 2591931.963, 104
Trd, 2591933.129, 108
Trd, 2591933.513, 109
Trd, 2591934.479, 107
Trd, 2591934.863, 108
Trd, 2591935.413, 107
Trd, 2591935.629, 106
Trd, 2591935.813, 107
Trd, 2591936.129, 105
Trd, 2591937.046, 95
Trd, 2591937.746, 106
Trd, 2591937.779, 111
Trd, 2591938.813, 96
Trd, 2591939.529, 97
Trd, 2591940.046, 107
Trd, 2591941.013, 109
Trd, 2591941.346, 115
Trd, 2591941.696, 102
Trd, 2591942.346, 101
Trd, 2591942.529, 114
Trd, 2591943.296, 94
Trd, 2591944.779, 106
Trd, 2591944.929, 86
Trd, 2591945.396, 108
Trd, 2591945.746, 116
Trd, 2591945.863, 119
Trd, 2591946.013, 118
Trd, 2591946.563, 117
Trd, 2591947.763, 106
Trd, 2591947.829, 114
Trd, 2591948.096, 105
Trd, 2591948.496, 114
Trd, 2591949.679, 113
Trd, 2591949.913, 113
Trd, 2591950.029, 112
Trd, 2591952.296, 101
Trd, 2591953.446, 105
Trd, 2591954.196, 101
Trd, 2591954.246, 98
Trd, 2591955.363, 96
Trd, 2591955.929, 94
Trd, 2591956.813, 94
Trd, 2591956.846, 93
Trd, 2591957.013, 90
Trd, 2591957.346, 95
Trd, 2591957.429, 101
Trd, 2591958.263, 87
Trd, 2591959.379, 95
Trd, 2591959.896, 87
Trd, 2591960.446, 91
Trd, 2591960.779, 92
Trd, 2591962.546, 90
Trd, 2591962.596, 94
Trd, 2591963.646, 98
Trd, 2591964.313, 101
Trd, 2591964.429, 105
Trd, 2591964.896, 94
Trd, 2591965.679, 109
Trd, 2591965.779, 112
Trd, 2591965.946, 90
Trd, 2591966.246, 87
Trd, 2591967.429, 113
Trd, 2591969.546, 102
Trd, 2591970.213, 101
Trd, 2591970.379, 102
Trd, 2591970.613, 104
Trd, 2591970.646, 93
Trd, 2591970.846, 92
Trd, 2591971.279, 115
Trd, 2591972.779, 112
Trd, 2591972.796, 115
Trd, 2591973.163, 123
Trd, 2591973.629, 122
Trd, 2591973.679, 100
Trd, 2591973.729, 99
Trd, 2591974.563, 98
Trd, 2591975.246, 94
Trd, 2591975.496, 91
Trd, 2591975.796, 95
Trd, 2591976.913, 107
Trd, 2591976.979, 108
Trd, 2591977.346, 87
Trd, 2591977.763, 113
Trd, 2591980.046, 110
Trd, 2591980.896, 99
Trd, 2591981.279, 106
Trd, 2591982.146, 105
Trd, 2591982.829, 101
Trd, 2591983.513, 102
Trd, 2591984.446, 102
Trd, 2591984.763, 103
Trd, 2591984.913, 94
Trd, 2591985.079, 105
Trd, 2591986.613, 112
Trd, 2591987.063, 98
Trd, 2591987.079, 97
Trd, 2591987.263, 100
Trd, 2591988.396, 108
Trd, 2591988.463, 111
Trd, 2591988.613, 105
Trd, 2591988.629, 112
Trd, 2591988.979, 115
Trd, 2591990.513, 100
Trd, 2591992.696, 105
Trd, 2591992.896, 100
Trd, 2591993.146, 98
Trd, 2591993.163, 94
Trd, 2591993.246, 101
Trd, 2591994.413, 99
Trd, 2591996.079, 91
Trd, 2591996.496, 90
Trd, 2591996.646, 85
Trd, 2591997.346, 82
Trd, 2591999.129, 90
Trd, 2591999.579, 91
Trd, 2591999.679, 88
