Trd, 2590676.779, 111
Trd, 2590677.013, 101
Trd, 2590677.279, 100
Trd, 2590677.629, 95
Trd, 2590678.463, 94
Trd, 2590679.513, 85
Trd, 2590680.013, 103
Trd, 2590681.146, 100
Trd, 2590681.729, 90
Trd, 2590683.113, 98
Trd, 2590683.263, 98
Trd, 2590683.296, 99
Trd, 2590684.046, 100
Trd, 2590684.929, 99
Trd, 2590685.379, 98
Trd, 2590685.613, 95
Trd, 2590686.096, 95
Trd, 2590686.313, 94
Trd, 2590686.496, 87
Trd, 2590687.779, 85
Trd, 2590688.863, 84
Trd, 2590689.079, 94
Trd, 2590691.713, 89
Trd, 2590692.046, 87
Trd, 2590692.413, 89
Trd, 2590692.629, 89
Trd, 2590692.646, 88
Trd, 2590694.363, 90
Trd, 2590694.579, 98
Trd, 2590696.129, 101
Trd, 2590697.163, 100
Trd, 2590697.379, 100
Trd, 2590697.896, 100
Trd, 2590699.163, 100
Trd, 2590699.863, 100
Trd, 2590700.363, 100
Trd, 2590700.446, 101
Trd, 2590701.013, 99
Trd, 2590701.213, 104
Trd, 2590702.346, 98
Trd, 2590702.413, 94
Trd, 2590703.646, 84
Trd, 2590704.879, 86
Trd, 2590705.213, 87
Trd, 2590706.796, 90
Trd, 2590707.296, 89
Trd, 2590707.513, 90
Trd, 2590708.563, 93
Trd, 2590708.679, 93
Trd, 2590709.346, 94
Trd, 2590709.579, 93
Trd, 2590710.313, 93
Trd, 2590710.663, 98
Trd, 2590711.063, 94
Trd, 2590711.379, 93
Trd, 2590712.029, 98
Trd, 2590712.429, 94
Trd, 2590713.329, 95
Trd, 2590713.379, 94
Trd, 2590714.079, 97
Trd, 2590715.413, 98
Trd, 2590715.496, 88
Trd, 2590716.196, 89
Trd, 2590717.063, 93
Trd, 2590718.129, 99
Trd, 2590718.346, 98
Trd, 2590719.513, 100
Trd, 2590719.563, 99
Trd, 2590721.329, 105
Trd, 2590721.763, 108
Trd, 2590721.946, 108
Trd, 2590722.346, 107
Trd, 2590724.713, 107
Trd, 2590725.696, 90
Trd, 2590725.913, 105
Trd, 2590726.379, 107
Trd, 2590728.146, 100
Trd, 2590728.179, 103
Trd, 2590728.979, 101
Trd, 2590729.213, 99
Trd, 2590729.246, 98
Trd, 2590729.646, 102
Trd, 2590729.913, 94
Trd, 2590730.279, 96
Trd, 2590731.946, 104
Trd, 2590732.146, 102
Trd, 2590732.563, 107
Trd, 2590733.296, 104
Trd, 2590733.429, 103
Trd, 2590733.829, 103
Trd, 2590733.946, 98
Trd, 2590733.963, 87
Trd, 2590735.113, 88
Trd, 2590736.196, 92
Trd, 2590736.313, 93
Trd, 2590736.379, 98
Trd, 2590737.146, 97
Trd, 2590737.863, 98
Trd, 2590738.679, 101
Trd, 2590738.996, 98
Trd, 2590739.729, 108
Trd, 2590740.263, 100
Trd, 2590741.196, 99
Trd, 2590742.246, 102
Trd, 2590743.879, 95
Trd, 2590744.496, 95
Trd, 2590744.613, 94
Trd, 2590745.513, 87
Trd, 2590746.379, 84
Trd, 2590746.796, 88
Trd, 2590747.479, 94
Trd, 2590747.563, 94
Trd, 2590747.579, 92
Trd, 2590748.296, 98
Trd, 2590748.663, 99
Trd, 2590748.746, 101
Trd, 2590748.779, 98
Trd, 2590749.463, 98
Trd, 2590750.179, 108
Trd, 2590750.579, 108
Trd, 2590752.429, 109
Trd, 2590752.796, 110
Trd, 2590754.579, 111
Trd, 2590755.063, 115
Trd, 2590755.263, 105
Trd, 2590755.663, 105
Trd, 2590756.029, 99
Trd, 2590756.379, 98
Trd, 2590757.613, 96
Trd, 2590757.763, 95
Trd, 2590758.763, 94
Trd, 2590759.829, 89
Trd, 2590760.863, 91
Trd, 2590761.163, 92
Trd, 2590761.446, 93
Trd, 2590762.379, 95
Trd, 2590762.896, 96
Trd, 2590763.263, 98
Trd, 2590764.013, 99
Trd, 2590764.346, 99
Trd, 2590764.679, 99
Trd, 2590765.096, 98
Trd, 2590765.429, 94
Trd, 2590765.829, 89
Trd, 2590766.446, 93
Trd, 2590766.529, 98
Trd, 2590766.746, 86
Trd, 2590767.046, 86
Trd, 2590767.913, 88
Trd, 2590768.096, 87
Trd, 2590768.163, 101
Trd, 2590769.963, 86
Trd, 2590771.446, 107
Trd, 2590772.513, 106
Trd, 2590773.063, 105
Trd, 2590774.779, 100
Trd, 2590776.013, 96
Trd, 2590776.296, 95
Trd, 2590776.363, 95
Trd, 2590777.729, 99
Trd, 2590778.129, 98
Trd, 2590778.146, 97
Trd, 2590778.829, 90
Trd, 2590779.163, 97
Trd, 2590780.029, 89
Trd, 2590780.429, 88
Trd, 2590780.713, 97
Trd, 2590781.613, 98
Trd, 2590782.096, 99
Trd, 2590782.579, 90
Trd, 2590783.779, 95
Trd, 2590784.029, 94
Trd, 2590784.496, 98
Trd, 2590784.846, 97
Trd, 2590785.413, 95
Trd, 2590785.479, 98
Trd, 2590786.213, 101
Trd, 2590787.979, 103
Trd, 2590788.146, 101
Trd, 2590788.396, 94
Trd, 2590788.713, 91
Trd, 2590789.563, 104
Trd, 2590789.646, 108
Trd, 2590790.129, 111
Trd, 2590792.046, 93
Trd, 2590793.013, 92
Trd, 2590793.413, 106
Trd, 2590793.763, 92
Trd, 2590794.429, 105
Trd, 2590796.896, 92
Trd, 2590797.196, 94
Trd, 2590797.296, 97
Trd, 2590797.463, 93
Trd, 2590798.613, 93
Trd, 2590799.063, 95
Trd, 2590799.829, 96
Trd, 2590800.429, 98
Trd, 2590800.863, 96
Trd, 2590801.063, 90
Trd, 2590801.463, 87
Trd, 2590803.479, 99
Trd, 2590803.546, 101
Trd, 2590803.746, 98
Trd, 2590804.213, 99
Trd, 2590804.329, 98
Trd, 2590805.113, 98
Trd, 2590805.513, 81
Trd, 2590806.479, 95
Trd, 2590806.896, 94
Trd, 2590807.496, 96
Trd, 2590810.046, 99
Trd, 2590810.279, 96
Trd, 2590811.179, 96
Trd, 2590811.329, 96
Trd, 2590811.946, 97
Trd, 2590812.329, 96
Trd, 2590812.546, 94
Trd, 2590812.813, 97
Trd, 2590813.063, 88
Trd, 2590813.163, 85
Trd, 2590813.679, 84
Trd, 2590813.796, 88
Trd, 2590818.246, 90
Trd, 2590818.346, 91
Trd, 2590818.513, 89
Trd, 2590818.529, 92
Trd, 2590819.763, 97
Trd, 2590819.863, 98
Trd, 2590820.029, 98
Trd, 2590821.063, 101
Trd, 2590821.779, 100
Trd, 2590821.929, 105
Trd, 2590821.979, 99
Trd, 2590824.046, 106
Trd, 2590824.379, 109
Trd, 2590825.146, 110
Trd, 2590825.329, 110
Trd, 2590825.663, 116
Trd, 2590826.046, 109
Trd, 2590826.196, 108
Trd, 2590827.229, 102
Trd, 2590827.296, 101
Trd, 2590828.079, 99
Trd, 2590828.613, 109
Trd, 2590829.763, 104
Trd, 2590830.163, 98
Trd, 2590831.346, 103
Trd, 2590833.963, 104
Trd, 2590834.096, 105
Trd, 2590834.213, 104
Trd, 2590834.246, 103
Trd, 2590834.529, 94
Trd, 2590834.663, 87
Trd, 2590835.163, 86
Trd, 2590835.496, 84
Trd, 2590838.129, 90
Trd, 2590838.396, 91
Trd, 2590838.496, 89
Trd, 2590839.113, 91
Trd, 2590840.446, 94
Trd, 2590840.629, 93
Trd, 2590843.196, 98
Trd, 2590843.229, 95
Trd, 2590843.346, 101
Trd, 2590843.746, 94
Trd, 2590844.663, 94
Trd, 2590845.513, 87
Trd, 2590845.596, 86
Trd, 2590845.963, 87
Trd, 2590846.229, 84
Trd, 2590846.246, 96
Trd, 2590847.629, 88
Trd, 2590848.146, 96
Trd, 2590848.629, 97
Trd, 2590849.729, 95
Trd, 2590849.896, 98
Trd, 2590850.329, 100
Trd, 2590850.796, 100
Trd, 2590851.046, 101
Trd, 2590852.546, 105
Trd, 2590853.879, 105
Trd, 2590854.546, 106
Trd, 2590855.213, 107
Trd, 2590855.613, 107
Trd, 2590855.846, 108
Trd, 2590856.129, 107
Trd, 2590856.146, 106
Trd, 2590856.229, 105
Trd, 2590856.863, 101
Trd, 2590856.913, 112
Trd, 2590859.063, 106
Trd, 2590859.346, 105
Trd, 2590859.579, 111
Trd, 2590859.846, 100
Trd, 2590860.179, 98
Trd, 2590861.129, 97
Trd, 2590861.479, 95
Trd, 2590861.613, 94
Trd, 2590862.713, 112
Trd, 2590862.763, 94
Trd, 2590863.529, 88
Trd, 2590863.746, 87
Trd, 2590865.396, 101
Trd, 2590866.146, 101
Trd, 2590867.229, 99
Trd, 2590867.513, 101
Trd, 2590868.263, 100
Trd, 2590869.246, 106
Trd, 2590869.596, 107
Trd, 2590869.696, 106
Trd, 2590871.246, 105
Trd, 2590871.329, 104
Trd, 2590871.579, 98
Trd, 2590872.429, 95
Trd, 2590872.479, 94
Trd, 2590873.613, 95
Trd, 2590874.596, 98
Trd, 2590874.929, 97
Trd, 2590875.529, 98
Trd, 2590875.613, 94
Trd, 2590875.929, 101
Trd, 2590876.629, 86
Trd, 2590876.963, 108
Trd, 2590878.079, 87
Trd, 2590880.213, 96
Trd, 2590880.563, 101
Trd, 2590881.263, 98
Trd, 2590881.429, 97
Trd, 2590881.546, 96
Trd, 2590882.463, 96
Trd, 2590883.296, 88
Trd, 2590884.846, 98
Trd, 2590886.396, 100
Trd, 2590888.013, 97
Trd, 2590888.446, 96
Trd, 2590888.779, 97
Trd, 2590888.863, 94
Trd, 2590889.813, 95
Trd, 2590889.913, 89
Trd, 2590890.679, 88
Trd, 2590890.796, 87
Trd, 2590890.863, 92
Trd, 2590892.213, 92
Trd, 2590892.646, 94
Trd, 2590893.246, 98
Trd, 2590893.913, 99
Trd, 2590895.646, 105
Trd, 2590896.063, 105
Trd, 2590896.179, 105
Trd, 2590896.579, 101
Trd, 2590896.896, 99
Trd, 2590897.163, 98
Trd, 2590898.096, 101
Trd, 2590898.213, 101
Trd, 2590898.446, 87
Trd, 2590900.796, 87
Trd, 2590901.113, 93
Trd, 2590901.413, 89
Trd, 2590901.463, 88
Trd, 2590902.846, 90
Trd, 2590902.929, 89
Trd, 2590903.946, 87
Trd, 2590905.396, 89
Trd, 2590905.579, 98
Trd, 2590906.746, 94
Trd, 2590906.796, 92
Trd, 2590908.263, 98
Trd, 2590908.846, 98
Trd, 2590909.146, 101
Trd, 2590909.213, 108
Trd, 2590909.246, 95
Trd, 2590910.813, 96
Trd, 2590911.563, 96
Trd, 2590913.063, 96
Trd, 2590913.113, 102
Trd, 2590913.763, 108
Trd, 2590913.929, 110
Trd, 2590914.479, 106
Trd, 2590915.063, 103
Trd, 2590915.146, 94
Trd, 2590915.596, 90
Trd, 2590917.129, 98
Trd, 2590917.846, 91
Trd, 2590917.913, 90
Trd, 2590918.096, 88
Trd, 2590918.963, 88
Trd, 2590920.196, 92
Trd, 2590920.729, 90
Trd, 2590921.013, 94
Trd, 2590921.529, 90
Trd, 2590922.896, 90
Trd, 2590923.596, 87
Trd, 2590923.646, 85
Trd, 2590925.363, 86
Trd, 2590925.546, 87
Trd, 2590926.079, 87
Trd, 2590927.896, 95
Trd, 2590928.163, 97
Trd, 2590928.263, 96
Trd, 2590928.429, 95
Trd, 2590928.963, 98
Trd, 2590929.929, 94
Trd, 2590930.363, 93
Trd, 2590931.396, 98
Trd, 2590932.329, 99
Trd, 2590932.713, 101
Trd, 2590932.846, 100
Trd, 2590933.363, 99
Trd, 2590935.813, 108
Trd, 2590936.096, 107
Trd, 2590936.446, 104
Trd, 2590937.363, 112
Trd, 2590937.596, 99
Trd, 2590939.496, 105
Trd, 2590939.946, 109
Trd, 2590940.463, 100
Trd, 2590940.546, 99
Trd, 2590940.879, 98
Trd, 2590941.246, 94
Trd, 2590941.779, 87
Trd, 2590941.913, 81
Trd, 2590943.179, 90
Trd, 2590943.579, 89
Trd, 2590944.863, 88
Trd, 2590945.746, 86
Trd, 2590946.296, 92
Trd, 2590946.496, 93
Trd, 2590947.079, 85
Trd, 2590947.113, 84
Trd, 2590949.213, 91
Trd, 2590949.846, 89
Trd, 2590950.079, 94
Trd, 2590950.363, 91
Trd, 2590950.463, 98
Trd, 2590950.479, 88
Trd, 2590951.029, 86
Trd, 2590951.413, 88
Trd, 2590951.579, 86
Trd, 2590953.346, 101
Trd, 2590953.413, 88
Trd, 2590955.263, 88
Trd, 2590956.229, 100
Trd, 2590956.829, 101
Trd, 2590956.963, 92
Trd, 2590957.563, 103
Trd, 2590958.446, 102
Trd, 2590958.746, 103
Trd, 2590959.596, 107
Trd, 2590960.179, 105
Trd, 2590960.296, 104
Trd, 2590960.529, 105
Trd, 2590960.696, 104
Trd, 2590962.913, 103
Trd, 2590963.263, 101
Trd, 2590964.579, 102
Trd, 2590964.979, 105
Trd, 2590965.479, 102
Trd, 2590965.646, 105
Trd, 2590967.379, 104
Trd, 2590968.096, 101
Trd, 2590969.029, 102
Trd, 2590969.796, 103
Trd, 2590970.246, 102
Trd, 2590970.863, 103
Trd, 2590971.913, 97
Trd, 2590971.946, 96
Trd, 2590972.196, 95
Trd, 2590972.396, 94
Trd, 2590972.863, 97
Trd, 2590973.279, 98
Trd, 2590973.446, 87
Trd, 2590975.996, 87
Trd, 2590976.446, 86
Trd, 2590976.696, 84
Trd, 2590976.963, 93
Trd, 2590977.046, 82
Trd, 2590978.696, 100
Trd, 2590979.379, 92
Trd, 2590980.463, 96
Trd, 2590980.763, 95
Trd, 2590981.029, 97
Trd, 2590981.513, 96
Trd, 2590982.313, 94
Trd, 2590982.446, 94
Trd, 2590983.046, 86
Trd, 2590984.296, 84
Trd, 2590984.796, 88
Trd, 2590985.113, 97
Trd, 2590985.329, 85
Trd, 2590986.796, 84
Trd, 2590988.379, 90
Trd, 2590988.996, 92
Trd, 2590989.379, 93
Trd, 2590990.013, 94
Trd, 2590990.096, 98
Trd, 2590990.446, 108
Trd, 2590991.913, 104
Trd, 2590992.413, 104
Trd, 2590993.363, 106
Trd, 2590993.429, 105
Trd, 2590994.146, 105
Trd, 2590994.296, 106
Trd, 2590994.846, 105
Trd, 2590994.979, 87
Trd, 2590996.146, 90
Trd, 2590996.846, 103
Trd, 2590998.079, 94
Trd, 2590998.229, 93
Trd, 2590998.846, 90
Trd, 2590999.429, 90
Trd, 2591001.429, 99
Trd, 2591001.679, 101
Trd, 2591002.029, 104
Trd, 2591002.329, 104
Trd, 2591003.279, 104
Trd, 2591003.513, 107
Trd, 2591003.646, 104
Trd, 2591004.063, 107
Trd, 2591004.146, 99
Trd, 2591004.779, 98
Trd, 2591006.779, 104
Trd, 2591007.629, 102
Trd, 2591007.929, 100
Trd, 2591009.646, 100
Trd, 2591009.929, 99
Trd, 2591010.246, 100
Trd, 2591010.763, 102
Trd, 2591010.813, 108
Trd, 2591011.046, 97
Trd, 2591011.229, 95
Trd, 2591013.279, 96
Trd, 2591013.879, 96
Trd, 2591014.129, 95
Trd, 2591014.229, 106
Trd, 2591014.663, 94
Trd, 2591016.563, 98
Trd, 2591017.213, 92
Trd, 2591018.963, 94
Trd, 2591019.396, 93
Trd, 2591019.479, 96
Trd, 2591020.346, 96
Trd, 2591020.763, 96
Trd, 2591022.096, 96
Trd, 2591022.729, 98
Trd, 2591022.846, 100
Trd, 2591023.096, 101
Trd, 2591023.829, 102
Trd, 2591025.163, 102
Trd, 2591025.413, 94
Trd, 2591025.596, 92
Trd, 2591027.396, 94
Trd, 2591028.163, 95
Trd, 2591028.246, 92
Trd, 2591030.113, 95
Trd, 2591030.513, 98
Trd, 2591030.546, 94
Trd, 2591031.563, 97
Trd, 2591031.679, 96
Trd, 2591031.846, 104
Trd, 2591032.429, 99
Trd, 2591033.196, 100
Trd, 2591033.413, 99
Trd, 2591034.996, 90
Trd, 2591035.746, 91
Trd, 2591036.063, 91
Trd, 2591036.079, 90
Trd, 2591036.146, 92
Trd, 2591038.346, 91
Trd, 2591038.546, 93
Trd, 2591038.796, 91
Trd, 2591039.246, 98
Trd, 2591039.446, 84
Trd, 2591039.613, 81
Trd, 2591041.179, 97
Trd, 2591042.329, 85
Trd, 2591043.263, 88
Trd, 2591044.079, 86
Trd, 2591044.779, 86
Trd, 2591045.329, 94
Trd, 2591046.396, 92
Trd, 2591046.713, 92
Trd, 2591046.879, 93
Trd, 2591047.529, 92
Trd, 2591047.713, 88
Trd, 2591047.963, 87
Trd, 2591049.913, 92
Trd, 2591051.413, 94
Trd, 2591051.429, 91
Trd, 2591051.663, 98
Trd, 2591052.046, 91
Trd, 2591053.696, 94
Trd, 2591054.163, 94
Trd, 2591055.096, 101
Trd, 2591055.129, 103
Trd, 2591055.646, 100
Trd, 2591055.779, 99
Trd, 2591055.879, 98
Trd, 2591056.179, 99
Trd, 2591056.613, 100
Trd, 2591057.663, 105
Trd, 2591057.779, 104
Trd, 2591059.329, 107
Trd, 2591059.513, 113
Trd, 2591061.063, 110
Trd, 2591061.779, 94
Trd, 2591062.313, 94
Trd, 2591062.479, 107
Trd, 2591063.463, 96
Trd, 2591064.296, 100
Trd, 2591064.696, 99
Trd, 2591064.896, 100
Trd, 2591065.063, 97
Trd, 2591065.246, 96
Trd, 2591065.746, 91
Trd, 2591068.029, 98
Trd, 2591068.429, 96
Trd, 2591068.963, 96
Trd, 2591069.496, 97
Trd, 2591069.679, 96
Trd, 2591069.696, 95
Trd, 2591071.179, 99
Trd, 2591072.779, 90
Trd, 2591072.979, 89
Trd, 2591073.813, 105
Trd, 2591074.413, 94
Trd, 2591074.879, 107
Trd, 2591075.646, 93
Trd, 2591076.113, 94
Trd, 2591076.379, 94
Trd, 2591076.546, 84
Trd, 2591077.563, 102
Trd, 2591078.413, 97
Trd, 2591078.579, 91
Trd, 2591078.763, 96
Trd, 2591079.429, 91
Trd, 2591080.746, 93
Trd, 2591081.546, 93
Trd, 2591083.213, 94
Trd, 2591083.313, 93
Trd, 2591083.446, 93
Trd, 2591084.629, 85
Trd, 2591085.196, 95
Trd, 2591085.346, 86
Trd, 2591085.529, 88
Trd, 2591086.813, 98
Trd, 2591086.846, 86
Trd, 2591088.413, 87
Trd, 2591089.379, 89
Trd, 2591089.879, 89
Trd, 2591091.279, 90
Trd, 2591091.479, 91
Trd, 2591091.646, 94
Trd, 2591092.046, 100
Trd, 2591092.163, 91
Trd, 2591093.163, 96
Trd, 2591093.379, 99
Trd, 2591094.196, 100
Trd, 2591094.713, 101
Trd, 2591096.129, 106
Trd, 2591096.296, 105
Trd, 2591096.646, 108
Trd, 2591097.013, 107
Trd, 2591097.046, 106
Trd, 2591097.096, 112
Trd, 2591098.829, 109
Trd, 2591099.329, 109
Trd, 2591099.496, 108
Trd, 2591099.846, 104
Trd, 2591100.646, 108
Trd, 2591101.113, 99
Trd, 2591101.213, 108
Trd, 2591101.579, 98
Trd, 2591102.746, 103
Trd, 2591103.146, 92
Trd, 2591104.113, 104
Trd, 2591104.696, 94
Trd, 2591106.779, 98
Trd, 2591106.813, 97
Trd, 2591107.679, 98
Trd, 2591108.263, 97
Trd, 2591108.579, 96
Trd, 2591108.613, 94
Trd, 2591109.779, 97
Trd, 2591110.396, 91
Trd, 2591110.913, 96
Trd, 2591111.729, 108
Trd, 2591111.963, 114
Trd, 2591112.629, 96
Trd, 2591112.996, 84
Trd, 2591113.213, 82
Trd, 2591114.929, 95
Trd, 2591115.163, 94
Trd, 2591115.813, 95
Trd, 2591116.496, 94
Trd, 2591116.913, 93
Trd, 2591117.113, 91
Trd, 2591117.429, 92
Trd, 2591117.979, 87
Trd, 2591118.446, 92
Trd, 2591120.263, 95
Trd, 2591121.046, 95
Trd, 2591121.296, 96
Trd, 2591121.696, 97
Trd, 2591121.846, 98
Trd, 2591122.813, 95
Trd, 2591123.796, 99
Trd, 2591124.296, 101
Trd, 2591124.879, 100
Trd, 2591125.413, 99
Trd, 2591126.079, 94
Trd, 2591126.563, 91
Trd, 2591129.646, 88
Trd, 2591129.829, 88
Trd, 2591129.996, 88
Trd, 2591130.096, 89
Trd, 2591130.729, 87
Trd, 2591131.996, 88
Trd, 2591133.679, 90
Trd, 2591133.796, 89
Trd, 2591133.946, 88
Trd, 2591134.713, 91
Trd, 2591134.879, 94
Trd, 2591135.596, 90
Trd, 2591137.046, 90
Trd, 2591137.913, 97
Trd, 2591138.096, 98
Trd, 2591138.279, 92
Trd, 2591138.846, 86
Trd, 2591140.313, 86
Trd, 2591141.046, 87
Trd, 2591141.763, 88
Trd, 2591141.863, 94
Trd, 2591142.429, 96
Trd, 2591142.746, 88
Trd, 2591142.813, 87
Trd, 2591143.129, 98
Trd, 2591144.046, 108
Trd, 2591144.146, 108
Trd, 2591145.896, 89
Trd, 2591146.713, 93
Trd, 2591147.579, 92
Trd, 2591148.796, 99
Trd, 2591148.879, 95
Trd, 2591149.346, 97
Trd, 2591149.913, 98
Trd, 2591149.979, 99
Trd, 2591150.946, 100
Trd, 2591151.279, 97
Trd, 2591152.346, 95
Trd, 2591152.896, 90
Trd, 2591152.963, 89
Trd, 2591153.963, 92
Trd, 2591155.763, 93
Trd, 2591156.096, 94
Trd, 2591156.213, 93
Trd, 2591157.163, 95
Trd, 2591157.779, 98
Trd, 2591157.929, 97
Trd, 2591158.679, 96
Trd, 2591159.563, 88
Trd, 2591160.913, 99
Trd, 2591161.046, 100
Trd, 2591161.179, 101
Trd, 2591162.563, 97
Trd, 2591164.029, 105
Trd, 2591164.063, 105
Trd, 2591164.196, 105
Trd, 2591164.346, 104
Trd, 2591164.863, 103
Trd, 2591165.663, 105
Trd, 2591165.763, 103
Trd, 2591166.163, 86
Trd, 2591166.196, 84
Trd, 2591168.113, 104
Trd, 2591168.563, 93
Trd, 2591168.679, 105
Trd, 2591169.846, 93
Trd, 2591170.763, 107
Trd, 2591171.596, 105
Trd, 2591172.213, 98
Trd, 2591172.913, 104
Trd, 2591173.629, 105
Trd, 2591173.963, 106
Trd, 2591175.763, 107
Trd, 2591175.996, 109
Trd, 2591176.629, 107
Trd, 2591177.779, 107
Trd, 2591178.096, 106
Trd, 2591178.396, 105
Trd, 2591179.146, 94
Trd, 2591179.979, 97
Trd, 2591180.813, 88
Trd, 2591180.829, 94
Trd, 2591181.096, 91
Trd, 2591181.779, 90
Trd, 2591181.796, 88
Trd, 2591184.179, 90
Trd, 2591184.346, 105
Trd, 2591184.413, 104
Trd, 2591184.729, 88
Trd, 2591187.496, 97
Trd, 2591187.963, 98
Trd, 2591188.279, 98
Trd, 2591188.296, 97
Trd, 2591188.346, 94
Trd, 2591188.379, 91
Trd, 2591188.813, 98
Trd, 2591190.579, 92
Trd, 2591190.896, 93
Trd, 2591191.529, 94
Trd, 2591191.613, 95
Trd, 2591192.763, 93
Trd, 2591193.013, 101
Trd, 2591193.429, 92
Trd, 2591194.396, 91
Trd, 2591194.629, 90
Trd, 2591194.663, 86
Trd, 2591196.413, 92
Trd, 2591196.729, 90
Trd, 2591197.929, 89
Trd, 2591199.096, 90
Trd, 2591199.329, 92
Trd, 2591199.846, 94
Trd, 2591200.713, 94
Trd, 2591201.313, 97
Trd, 2591201.863, 97
Trd, 2591201.929, 98
Trd, 2591202.029, 94
Trd, 2591202.979, 91
Trd, 2591203.313, 108
Trd, 2591203.863, 92
Trd, 2591204.363, 89
Trd, 2591204.946, 86
Trd, 2591205.079, 104
Trd, 2591205.913, 87
Trd, 2591207.913, 97
Trd, 2591208.129, 86
Trd, 2591208.163, 98
Trd, 2591210.563, 96
Trd, 2591210.796, 97
Trd, 2591211.213, 98
Trd, 2591211.496, 97
Trd, 2591212.546, 104
Trd, 2591213.246, 98
Trd, 2591213.263, 97
Trd, 2591213.429, 95
Trd, 2591213.596, 94
Trd, 2591213.713, 87
Trd, 2591213.963, 84
Trd, 2591214.213, 104
Trd, 2591215.096, 91
Trd, 2591215.579, 86
Trd, 2591215.796, 106
Trd, 2591216.013, 107
Trd, 2591219.146, 108
Trd, 2591219.429, 107
Trd, 2591219.696, 106
Trd, 2591220.763, 104
Trd, 2591221.913, 101
Trd, 2591222.329, 103
Trd, 2591222.346, 106
Trd, 2591223.129, 100
Trd, 2591224.096, 100
Trd, 2591224.929, 107
Trd, 2591224.996, 97
Trd, 2591225.046, 94
Trd, 2591226.796, 94
Trd, 2591226.896, 96
Trd, 2591228.446, 108
Trd, 2591228.563, 106
Trd, 2591228.729, 106
Trd, 2591228.896, 106
Trd, 2591228.979, 105
Trd, 2591229.746, 108
Trd, 2591231.479, 94
Trd, 2591231.996, 88
Trd, 2591232.329, 105
Trd, 2591233.363, 90
Trd, 2591234.813, 93
Trd, 2591235.129, 99
Trd, 2591235.296, 99
Trd, 2591235.946, 95
Trd, 2591236.346, 96
Trd, 2591237.346, 95
Trd, 2591238.279, 98
Trd, 2591238.613, 95
Trd, 2591239.946, 95
Trd, 2591240.313, 95
Trd, 2591240.413, 94
Trd, 2591240.963, 98
Trd, 2591241.529, 89
Trd, 2591241.746, 100
Trd, 2591244.196, 95
Trd, 2591244.413, 94
Trd, 2591244.479, 93
Trd, 2591244.663, 90
Trd, 2591246.563, 89
Trd, 2591246.846, 88
Trd, 2591246.879, 91
Trd, 2591247.429, 92
Trd, 2591247.846, 91
Trd, 2591247.863, 89
Trd, 2591248.079, 89
Trd, 2591249.896, 98
Trd, 2591251.379, 97
Trd, 2591251.679, 96
Trd, 2591251.963, 98
Trd, 2591253.413, 89
Trd, 2591253.696, 89
Trd, 2591255.263, 88
Trd, 2591255.629, 90
Trd, 2591255.913, 90
Trd, 2591257.763, 95
Trd, 2591258.579, 87
Trd, 2591259.329, 90
Trd, 2591259.429, 91
Trd, 2591259.463, 87
Trd, 2591260.513, 86
Trd, 2591261.163, 88
Trd, 2591261.296, 102
Trd, 2591262.079, 101
Trd, 2591262.563, 102
Trd, 2591263.496, 102
Trd, 2591263.663, 101
Trd, 2591264.646, 101
Trd, 2591264.813, 98
Trd, 2591266.146, 88
Trd, 2591266.446, 84
Trd, 2591267.013, 84
Trd, 2591267.079, 105
Trd, 2591269.429, 90
Trd, 2591270.446, 106
Trd, 2591270.663, 95
Trd, 2591271.129, 107
Trd, 2591271.213, 107
Trd, 2591271.613, 107
Trd, 2591272.246, 107
Trd, 2591272.496, 106
Trd, 2591272.746, 108
Trd, 2591272.863, 112
Trd, 2591273.163, 95
Trd, 2591274.113, 94
Trd, 2591274.996, 81
Trd, 2591275.813, 78
Trd, 2591276.379, 110
Trd, 2591279.163, 105
Trd, 2591279.413, 104
Trd, 2591280.279, 107
Trd, 2591280.563, 107
Trd, 2591280.896, 107
Trd, 2591281.046, 106
Trd, 2591281.263, 106
Trd, 2591281.546, 105
Trd, 2591281.596, 107
Trd, 2591282.263, 99
Trd, 2591283.279, 99
Trd, 2591283.663, 98
Trd, 2591284.146, 87
Trd, 2591284.263, 84
Trd, 2591285.596, 85
Trd, 2591286.046, 86
Trd, 2591286.063, 89
Trd, 2591288.629, 95
Trd, 2591288.813, 95
Trd, 2591288.913, 93
Trd, 2591289.663, 95
Trd, 2591289.913, 96
Trd, 2591290.429, 98
Trd, 2591290.913, 101
Trd, 2591291.396, 101
Trd, 2591291.879, 96
Trd, 2591292.063, 94
Trd, 2591293.496, 91
Trd, 2591293.513, 107
Trd, 2591294.863, 96
Trd, 2591295.196, 105
Trd, 2591295.413, 101
Trd, 2591296.429, 102
Trd, 2591296.596, 103
Trd, 2591296.946, 102
Trd, 2591297.346, 102
Trd, 2591298.129, 89
Trd, 2591299.046, 101
Trd, 2591301.513, 91
Trd, 2591301.613, 89
Trd, 2591302.229, 88
Trd, 2591303.129, 95
Trd, 2591303.263, 88
Trd, 2591303.879, 87
Trd, 2591304.979, 96
Trd, 2591305.079, 97
Trd, 2591305.096, 98
Trd, 2591305.529, 93
Trd, 2591305.863, 86
Trd, 2591306.263, 86
Trd, 2591306.346, 84
Trd, 2591307.229, 88
Trd, 2591308.963, 86
Trd, 2591309.513, 92
Trd, 2591310.329, 89
Trd, 2591310.646, 92
Trd, 2591311.846, 100
Trd, 2591312.129, 100
Trd, 2591312.379, 98
Trd, 2591312.629, 98
Trd, 2591313.079, 98
Trd, 2591313.363, 101
Trd, 2591314.779, 88
Trd, 2591315.263, 91
Trd, 2591316.279, 90
Trd, 2591316.663, 90
Trd, 2591317.046, 90
Trd, 2591319.046, 93
Trd, 2591319.529, 94
Trd, 2591319.879, 112
Trd, 2591320.479, 93
Trd, 2591321.379, 89
Trd, 2591321.629, 103
Trd, 2591323.446, 100
Trd, 2591323.729, 96
Trd, 2591324.813, 97
Trd, 2591325.613, 98
Trd, 2591325.713, 99
Trd, 2591325.879, 97
Trd, 2591325.913, 96
Trd, 2591326.296, 101
Trd, 2591326.313, 108
Trd, 2591326.913, 94
Trd, 2591327.046, 93
Trd, 2591327.229, 93
Trd, 2591329.129, 97
Trd, 2591330.096, 97
Trd, 2591331.596, 91
Trd, 2591331.996, 91
Trd, 2591332.963, 94
Trd, 2591334.313, 96
Trd, 2591335.746, 92
Trd, 2591336.713, 95
Trd, 2591336.979, 97
Trd, 2591337.663, 96
Trd, 2591337.679, 98
Trd, 2591339.946, 101
Trd, 2591340.213, 100
Trd, 2591340.979, 102
Trd, 2591341.379, 102
Trd, 2591341.646, 100
Trd, 2591343.729, 100
Trd, 2591343.863, 101
Trd, 2591343.979, 97
Trd, 2591344.163, 94
Trd, 2591344.396, 87
Trd, 2591345.479, 99
Trd, 2591345.579, 85
Trd, 2591346.263, 101
Trd, 2591346.829, 90
Trd, 2591347.763, 87
Trd, 2591349.863, 101
Trd, 2591349.963, 100
Trd, 2591349.996, 101
Trd, 2591350.229, 99
Trd, 2591350.713, 100
Trd, 2591350.929, 101
Trd, 2591350.979, 103
Trd, 2591351.479, 102
Trd, 2591352.996, 106
Trd, 2591353.096, 105
Trd, 2591353.896, 105
Trd, 2591354.546, 99
Trd, 2591355.096, 101
Trd, 2591355.463, 102
Trd, 2591356.863, 99
Trd, 2591357.363, 98
Trd, 2591357.479, 102
Trd, 2591359.713, 97
Trd, 2591360.129, 96
Trd, 2591360.579, 96
Trd, 2591360.863, 95
Trd, 2591361.379, 95
Trd, 2591361.963, 94
Trd, 2591362.996, 94
Trd, 2591364.096, 89
Trd, 2591365.896, 95
Trd, 2591366.229, 96
Trd, 2591366.863, 95
Trd, 2591366.979, 97
Trd, 2591367.713, 96
Trd, 2591368.029, 97
Trd, 2591368.879, 98
Trd, 2591368.896, 97
Trd, 2591369.413, 98
Trd, 2591369.729, 97
Trd, 2591370.013, 98
Trd, 2591370.229, 94
Trd, 2591370.613, 98
Trd, 2591372.113, 101
Trd, 2591372.179, 86
Trd, 2591372.196, 84
Trd, 2591372.679, 81
Trd, 2591376.029, 90
Trd, 2591376.163, 89
Trd, 2591377.029, 92
Trd, 2591377.613, 91
Trd, 2591378.713, 90
Trd, 2591379.463, 91
Trd, 2591380.046, 92
Trd, 2591380.146, 94
Trd, 2591380.279, 91
Trd, 2591381.079, 93
Trd, 2591382.196, 95
Trd, 2591382.563, 95
Trd, 2591383.163, 98
Trd, 2591383.563, 96
Trd, 2591383.613, 87
Trd, 2591385.029, 88
Trd, 2591385.546, 101
Trd, 2591386.046, 107
Trd, 2591386.413, 91
Trd, 2591387.746, 102
Trd, 2591388.163, 102
Trd, 2591388.196, 105
Trd, 2591389.229, 104
Trd, 2591390.029, 106
Trd, 2591390.513, 108
Trd, 2591390.646, 107
Trd, 2591391.513, 108
Trd, 2591391.696, 106
Trd, 2591391.929, 105
Trd, 2591391.979, 98
Trd, 2591392.196, 94
Trd, 2591392.946, 89
Trd, 2591393.729, 108
Trd, 2591394.496, 112
Trd, 2591395.196, 93
Trd, 2591395.246, 92
Trd, 2591395.296, 87
Trd, 2591396.596, 91
Trd, 2591397.163, 91
Trd, 2591397.529, 89
Trd, 2591398.613, 90
Trd, 2591398.796, 91
Trd, 2591399.513, 91
Trd, 2591399.913, 90
Trd, 2591400.613, 91
Trd, 2591402.496, 93
Trd, 2591402.913, 97
Trd, 2591402.963, 101
Trd, 2591403.079, 88
Trd, 2591405.213, 95
Trd, 2591405.796, 92
Trd, 2591406.546, 93
Trd, 2591407.629, 94
Trd, 2591408.696, 101
Trd, 2591409.079, 103
Trd, 2591409.296, 102
Trd, 2591409.829, 101
Trd, 2591410.913, 100
Trd, 2591411.313, 105
Trd, 2591413.113, 100
Trd, 2591413.146, 105
Trd, 2591413.879, 96
Trd, 2591414.246, 96
Trd, 2591414.663, 96
Trd, 2591414.979, 96
Trd, 2591415.446, 94
Trd, 2591417.346, 92
Trd, 2591418.296, 92
Trd, 2591418.679, 93
Trd, 2591418.796, 91
Trd, 2591419.079, 90
Trd, 2591419.713, 90
Trd, 2591420.129, 88
Trd, 2591420.579, 92
Trd, 2591421.913, 86
Trd, 2591422.063, 89
Trd, 2591423.729, 89
Trd, 2591423.763, 88
Trd, 2591424.496, 87
Trd, 2591424.829, 87
Trd, 2591425.546, 98
Trd, 2591427.079, 88
Trd, 2591428.396, 88
Trd, 2591428.679, 96
Trd, 2591428.846, 99
Trd, 2591429.779, 90
Trd, 2591430.213, 90
Trd, 2591430.396, 100
Trd, 2591430.629, 92
Trd, 2591430.913, 92
Trd, 2591430.979, 91
Trd, 2591433.096, 94
Trd, 2591433.163, 93
Trd, 2591433.296, 91
Trd, 2591433.763, 87
Trd, 2591434.429, 85
Trd, 2591436.779, 90
Trd, 2591437.379, 92
Trd, 2591437.396, 91
Trd, 2591437.646, 92
Trd, 2591437.663, 91
Trd, 2591439.213, 92
Trd, 2591439.779, 92
Trd, 2591440.013, 94
Trd, 2591441.413, 98
Trd, 2591441.979, 101
Trd, 2591442.229, 99
Trd, 2591442.363, 106
Trd, 2591442.946, 99
Trd, 2591443.363, 95
Trd, 2591444.513, 108
Trd, 2591444.679, 99
Trd, 2591446.113, 102
Trd, 2591447.246, 104
Trd, 2591447.479, 106
Trd, 2591447.913, 106
Trd, 2591448.496, 104
Trd, 2591449.979, 107
Trd, 2591450.646, 108
Trd, 2591450.813, 107
Trd, 2591450.979, 106
Trd, 2591451.163, 99
Trd, 2591452.379, 97
Trd, 2591452.446, 94
Trd, 2591452.563, 109
Trd, 2591452.829, 87
Trd, 2591453.596, 85
Trd, 2591454.779, 86
Trd, 2591456.463, 89
Trd, 2591456.979, 86
Trd, 2591457.279, 87
Trd, 2591457.346, 84
Trd, 2591457.879, 84
Trd, 2591457.913, 94
Trd, 2591460.196, 91
Trd, 2591460.713, 91
Trd, 2591460.979, 94
Trd, 2591462.296, 98
Trd, 2591462.763, 105
Trd, 2591463.279, 104
Trd, 2591463.679, 99
Trd, 2591464.046, 99
Trd, 2591464.463, 98
Trd, 2591465.146, 95
Trd, 2591465.446, 94
Trd, 2591466.479, 101
Trd, 2591468.046, 88
Trd, 2591468.896, 89
Trd, 2591469.029, 90
Trd, 2591469.279, 90
Trd, 2591469.979, 90
Trd, 2591470.129, 91
Trd, 2591470.763, 92
Trd, 2591471.646, 94
Trd, 2591471.846, 98
Trd, 2591472.746, 106
Trd, 2591472.896, 106
Trd, 2591473.096, 106
Trd, 2591473.146, 107
Trd, 2591473.746, 107
Trd, 2591474.696, 107
Trd, 2591474.913, 105
Trd, 2591475.479, 104
Trd, 2591475.846, 98
Trd, 2591476.046, 94
Trd, 2591477.263, 100
Trd, 2591479.296, 96
Trd, 2591479.713, 98
Trd, 2591480.313, 91
Trd, 2591480.996, 94
Trd, 2591481.496, 94
Trd, 2591481.546, 93
Trd, 2591483.029, 95
Trd, 2591483.729, 94
Trd, 2591484.363, 93
Trd, 2591485.296, 86
Trd, 2591485.496, 87
Trd, 2591485.896, 100
Trd, 2591486.829, 90
Trd, 2591488.179, 96
Trd, 2591489.296, 99
Trd, 2591489.879, 99
Trd, 2591489.979, 102
Trd, 2591490.046, 103
Trd, 2591490.579, 105
Trd, 2591490.613, 105
Trd, 2591490.846, 108
Trd, 2591490.996, 105
Trd, 2591491.196, 105
Trd, 2591492.363, 105
Trd, 2591493.796, 99
Trd, 2591495.179, 105
Trd, 2591495.696, 107
Trd, 2591497.013, 107
Trd, 2591497.046, 106
Trd, 2591497.913, 105
Trd, 2591498.979, 107
Trd, 2591499.229, 106
Trd, 2591500.179, 105
Trd, 2591500.496, 105
Trd, 2591500.579, 98
Trd, 2591502.179, 100
Trd, 2591502.213, 101
Trd, 2591503.179, 99
Trd, 2591503.279, 96
Trd, 2591503.796, 95
Trd, 2591504.629, 96
Trd, 2591504.963, 97
Trd, 2591505.163, 95
Trd, 2591506.329, 96
Trd, 2591506.996, 97
Trd, 2591507.446, 97
Trd, 2591507.913, 95
Trd, 2591509.196, 101
Trd, 2591510.196, 117
Trd, 2591510.996, 90
Trd, 2591511.529, 91
Trd, 2591511.813, 90
Trd, 2591512.163, 86
Trd, 2591514.363, 94
Trd, 2591514.429, 93
Trd, 2591515.646, 96
Trd, 2591515.846, 97
Trd, 2591517.013, 97
Trd, 2591517.846, 97
Trd, 2591518.713, 96
Trd, 2591518.846, 94
Trd, 2591518.913, 98
Trd, 2591519.529, 96
Trd, 2591519.746, 108
Trd, 2591520.413, 96
Trd, 2591520.513, 97
Trd, 2591520.679, 96
Trd, 2591521.813, 86
Trd, 2591522.563, 107
Trd, 2591522.629, 87
Trd, 2591523.413, 88
Trd, 2591523.579, 84
Trd, 2591523.779, 100
Trd, 2591525.013, 99
Trd, 2591525.413, 99
Trd, 2591526.096, 99
Trd, 2591527.796, 103
Trd, 2591528.463, 98
Trd, 2591528.963, 101
Trd, 2591530.179, 103
Trd, 2591530.396, 102
Trd, 2591530.513, 99
Trd, 2591531.396, 104
Trd, 2591531.679, 94
Trd, 2591531.729, 83
Trd, 2591533.513, 103
Trd, 2591534.463, 105
Trd, 2591534.696, 104
Trd, 2591534.913, 103
Trd, 2591536.146, 103
Trd, 2591536.579, 97
Trd, 2591536.713, 96
Trd, 2591536.813, 91
Trd, 2591538.196, 90
Trd, 2591539.246, 94
Trd, 2591539.296, 96
Trd, 2591540.429, 96
Trd, 2591540.696, 95
Trd, 2591540.963, 91
Trd, 2591541.563, 93
Trd, 2591543.129, 91
Trd, 2591543.863, 92
Trd, 2591544.046, 98
Trd, 2591544.163, 90
Trd, 2591545.713, 90
Trd, 2591547.096, 99
Trd, 2591547.346, 99
Trd, 2591547.779, 98
Trd, 2591547.946, 99
Trd, 2591548.196, 98
Trd, 2591548.346, 100
Trd, 2591549.629, 105
Trd, 2591549.679, 97
Trd, 2591550.413, 93
Trd, 2591552.629, 95
Trd, 2591554.329, 100
Trd, 2591554.363, 100
Trd, 2591554.496, 98
Trd, 2591554.996, 100
Trd, 2591555.379, 96
Trd, 2591555.663, 101
Trd, 2591556.696, 92
Trd, 2591556.863, 92
Trd, 2591557.079, 91
Trd, 2591557.179, 103
Trd, 2591557.579, 106
Trd, 2591559.596, 92
Trd, 2591560.279, 93
Trd, 2591560.946, 94
Trd, 2591561.096, 93
Trd, 2591561.229, 86
Trd, 2591561.679, 107
Trd, 2591562.279, 84
Trd, 2591562.296, 81
Trd, 2591565.963, 97
Trd, 2591566.946, 96
Trd, 2591567.113, 94
Trd, 2591567.513, 97
Trd, 2591568.113, 95
Trd, 2591568.379, 85
Trd, 2591568.729, 101
Trd, 2591569.263, 94
Trd, 2591569.496, 106
Trd, 2591569.929, 87
Trd, 2591570.963, 87
Trd, 2591572.813, 95
Trd, 2591573.229, 94
Trd, 2591573.513, 95
Trd, 2591573.879, 94
Trd, 2591573.946, 93
Trd, 2591574.279, 90
Trd, 2591575.213, 93
Trd, 2591577.579, 100
Trd, 2591578.013, 100
Trd, 2591578.096, 100
Trd, 2591578.379, 99
Trd, 2591579.513, 101
Trd, 2591580.079, 99
Trd, 2591580.479, 98
Trd, 2591581.163, 99
Trd, 2591581.763, 99
Trd, 2591582.763, 99
Trd, 2591582.979, 98
Trd, 2591583.413, 96
Trd, 2591586.146, 99
Trd, 2591586.463, 101
Trd, 2591586.546, 99
Trd, 2591586.946, 97
Trd, 2591588.979, 101
Trd, 2591589.013, 101
Trd, 2591589.446, 102
Trd, 2591590.013, 104
Trd, 2591590.063, 107
Trd, 2591590.513, 105
Trd, 2591590.813, 103
Trd, 2591591.146, 98
Trd, 2591591.729, 94
Trd, 2591592.929, 89
Trd, 2591593.063, 84
Trd, 2591593.196, 81
Trd, 2591594.879, 87
Trd, 2591595.929, 87
Trd, 2591596.163, 89
Trd, 2591596.296, 90
Trd, 2591596.346, 87
Trd, 2591596.863, 87
Trd, 2591598.246, 94
Trd, 2591598.429, 87
Trd, 2591598.496, 86
Trd, 2591599.129, 86
Trd, 2591599.596, 86
Trd, 2591599.846, 101
Trd, 2591600.313, 85
Trd, 2591600.713, 84
Trd, 2591600.963, 105
Trd, 2591604.246, 91
Trd, 2591604.996, 93
Trd, 2591605.546, 96
Trd, 2591605.563, 95
Trd, 2591607.029, 98
Trd, 2591607.663, 99
Trd, 2591608.496, 102
Trd, 2591609.029, 101
Trd, 2591609.179, 105
Trd, 2591611.363, 103
Trd, 2591611.546, 100
Trd, 2591611.729, 103
Trd, 2591612.296, 103
Trd, 2591612.313, 98
Trd, 2591612.529, 104
Trd, 2591613.046, 105
Trd, 2591613.263, 95
Trd, 2591613.996, 96
Trd, 2591614.246, 96
Trd, 2591615.229, 99
Trd, 2591615.513, 101
Trd, 2591616.096, 99
Trd, 2591616.329, 98
Trd, 2591616.913, 99
Trd, 2591617.213, 99
Trd, 2591617.879, 108
Trd, 2591618.546, 107
Trd, 2591619.163, 112
Trd, 2591619.879, 101
Trd, 2591620.979, 94
Trd, 2591622.179, 87
Trd, 2591623.613, 85
Trd, 2591625.546, 100
Trd, 2591626.096, 92
Trd, 2591626.896, 94
Trd, 2591627.163, 93
Trd, 2591627.846, 87
Trd, 2591628.879, 88
Trd, 2591629.713, 87
Trd, 2591630.996, 97
Trd, 2591631.163, 88
Trd, 2591631.396, 94
Trd, 2591632.229, 96
Trd, 2591632.246, 98
Trd, 2591633.329, 96
Trd, 2591633.413, 95
Trd, 2591634.479, 98
Trd, 2591634.629, 99
Trd, 2591635.196, 98
Trd, 2591635.363, 98
Trd, 2591635.779, 99
Trd, 2591637.763, 99
Trd, 2591638.079, 97
Trd, 2591638.846, 101
Trd, 2591639.146, 106
Trd, 2591639.179, 102
Trd, 2591639.396, 105
Trd, 2591639.896, 102
Trd, 2591640.646, 105
Trd, 2591641.063, 102
Trd, 2591641.413, 105
Trd, 2591643.013, 99
Trd, 2591644.096, 98
Trd, 2591644.129, 87
Trd, 2591644.163, 99
Trd, 2591646.129, 98
Trd, 2591646.579, 94
Trd, 2591647.079, 101
Trd, 2591648.929, 100
Trd, 2591649.146, 101
Trd, 2591649.463, 102
Trd, 2591649.529, 101
Trd, 2591649.846, 103
Trd, 2591650.296, 99
Trd, 2591650.379, 98
Trd, 2591651.679, 95
Trd, 2591651.713, 94
Trd, 2591652.013, 104
Trd, 2591652.379, 90
Trd, 2591653.463, 102
Trd, 2591653.729, 101
Trd, 2591655.329, 103
Trd, 2591655.963, 106
Trd, 2591656.429, 108
Trd, 2591657.679, 108
Trd, 2591657.796, 107
Trd, 2591657.829, 105
Trd, 2591658.996, 104
Trd, 2591659.513, 98
Trd, 2591660.713, 94
Trd, 2591660.796, 85
Trd, 2591661.829, 92
Trd, 2591662.629, 96
Trd, 2591662.796, 95
Trd, 2591663.396, 94
Trd, 2591664.396, 100
Trd, 2591664.629, 94
Trd, 2591664.863, 93
Trd, 2591665.696, 96
Trd, 2591666.379, 89
Trd, 2591666.429, 97
Trd, 2591668.796, 93
Trd, 2591668.979, 92
Trd, 2591669.129, 91
Trd, 2591670.263, 92
Trd, 2591670.779, 93
Trd, 2591671.379, 93
Trd, 2591672.196, 94
Trd, 2591672.346, 95
Trd, 2591672.379, 98
Trd, 2591672.479, 101
Trd, 2591674.213, 97
Trd, 2591674.563, 97
Trd, 2591674.763, 95
Trd, 2591675.779, 105
Trd, 2591676.446, 95
Trd, 2591677.413, 107
Trd, 2591679.746, 100
Trd, 2591680.029, 101
Trd, 2591680.313, 100
Trd, 2591680.479, 101
Trd, 2591681.796, 107
Trd, 2591682.096, 103
Trd, 2591682.413, 101
Trd, 2591682.546, 98
Trd, 2591682.763, 94
Trd, 2591682.879, 114
Trd, 2591684.413, 95
Trd, 2591685.313, 96
Trd, 2591685.996, 96
Trd, 2591686.513, 94
Trd, 2591686.963, 88
Trd, 2591687.029, 87
Trd, 2591688.646, 106
Trd, 2591689.613, 92
Trd, 2591689.779, 92
Trd, 2591689.963, 92
Trd, 2591690.463, 106
Trd, 2591691.379, 107
Trd, 2591691.546, 107
Trd, 2591691.813, 108
Trd, 2591692.379, 111
Trd, 2591692.496, 108
Trd, 2591692.829, 107
Trd, 2591693.946, 108
Trd, 2591694.213, 105
Trd, 2591695.429, 92
Trd, 2591695.596, 88
Trd, 2591695.996, 87
Trd, 2591696.279, 84
Trd, 2591698.279, 86
Trd, 2591698.829, 87
Trd, 2591698.946, 87
Trd, 2591699.596, 89
Trd, 2591700.313, 93
Trd, 2591700.729, 94
Trd, 2591700.879, 91
Trd, 2591701.029, 90
Trd, 2591701.313, 85
Trd, 2591702.679, 90
Trd, 2591702.796, 98
Trd, 2591703.179, 101
Trd, 2591704.813, 89
Trd, 2591707.313, 90
Trd, 2591707.946, 91
Trd, 2591708.446, 92
Trd, 2591708.729, 91
Trd, 2591709.279, 94
Trd, 2591710.029, 93
Trd, 2591710.213, 96
Trd, 2591710.229, 91
Trd, 2591710.563, 98
Trd, 2591710.713, 87
Trd, 2591711.796, 99
Trd, 2591712.263, 87
Trd, 2591712.779, 86
Trd, 2591714.129, 93
Trd, 2591715.713, 90
Trd, 2591716.146, 91
Trd, 2591716.463, 94
Trd, 2591716.529, 94
Trd, 2591716.763, 101
Trd, 2591718.046, 88
Trd, 2591718.596, 87
Trd, 2591720.313, 90
Trd, 2591720.446, 105
Trd, 2591721.296, 91
Trd, 2591722.029, 92
Trd, 2591722.579, 98
Trd, 2591722.929, 100
Trd, 2591723.546, 98
Trd, 2591723.563, 97
Trd, 2591723.579, 95
Trd, 2591723.679, 94
Trd, 2591725.463, 94
Trd, 2591725.896, 88
Trd, 2591726.246, 88
Trd, 2591726.596, 93
Trd, 2591728.479, 94
Trd, 2591729.763, 96
Trd, 2591730.263, 96
Trd, 2591730.346, 104
Trd, 2591731.196, 103
Trd, 2591731.346, 100
Trd, 2591731.813, 103
Trd, 2591731.929, 99
Trd, 2591733.429, 101
Trd, 2591733.963, 100
Trd, 2591736.179, 102
Trd, 2591736.646, 102
Trd, 2591737.096, 103
Trd, 2591739.146, 104
Trd, 2591739.279, 101
Trd, 2591739.396, 98
Trd, 2591739.413, 94
Trd, 2591740.213, 88
Trd, 2591740.329, 100
Trd, 2591740.613, 93
Trd, 2591741.979, 93
Trd, 2591742.796, 95
Trd, 2591742.863, 94
Trd, 2591743.113, 98
Trd, 2591743.646, 96
Trd, 2591743.796, 93
Trd, 2591744.213, 101
Trd, 2591744.429, 104
Trd, 2591744.629, 93
Trd, 2591745.163, 93
Trd, 2591746.496, 87
Trd, 2591747.996, 108
Trd, 2591749.379, 97
Trd, 2591749.496, 101
Trd, 2591750.129, 99
Trd, 2591751.496, 102
Trd, 2591751.713, 102
Trd, 2591751.796, 102
Trd, 2591752.229, 98
Trd, 2591753.363, 97
Trd, 2591753.846, 98
Trd, 2591754.279, 97
Trd, 2591754.713, 96
Trd, 2591755.413, 86
Trd, 2591756.363, 86
Trd, 2591756.813, 86
Trd, 2591757.663, 86
Trd, 2591757.813, 84
Trd, 2591758.296, 90
Trd, 2591758.629, 87
Trd, 2591759.179, 86
Trd, 2591759.346, 84
Trd, 2591760.679, 88
Trd, 2591761.246, 88
Trd, 2591761.646, 94
Trd, 2591763.346, 101
Trd, 2591764.363, 98
Trd, 2591764.796, 98
Trd, 2591764.963, 97
Trd, 2591765.846, 100
Trd, 2591766.296, 99
Trd, 2591766.546, 101
Trd, 2591766.996, 100
Trd, 2591767.446, 107
Trd, 2591769.013, 106
Trd, 2591769.813, 106
Trd, 2591770.229, 106
Trd, 2591771.113, 106
Trd, 2591771.213, 107
Trd, 2591771.946, 105
Trd, 2591772.413, 95
Trd, 2591772.429, 94
Trd, 2591772.479, 86
Trd, 2591773.413, 107
Trd, 2591773.979, 85
Trd, 2591777.513, 98
Trd, 2591778.096, 86
Trd, 2591779.079, 85
Trd, 2591780.413, 89
Trd, 2591780.779, 86
Trd, 2591781.279, 85
Trd, 2591781.496, 84
Trd, 2591781.763, 84
Trd, 2591782.379, 86
Trd, 2591782.396, 84
Trd, 2591782.563, 86
Trd, 2591783.613, 93
Trd, 2591783.779, 92
Trd, 2591784.296, 94
Trd, 2591784.546, 92
Trd, 2591784.796, 97
Trd, 2591785.296, 96
Trd, 2591785.729, 95
Trd, 2591785.863, 98
Trd, 2591786.363, 101
Trd, 2591787.213, 102
Trd, 2591788.613, 102
Trd, 2591788.963, 99
Trd, 2591790.379, 96
Trd, 2591791.029, 96
Trd, 2591791.363, 97
Trd, 2591792.246, 96
Trd, 2591792.679, 96
Trd, 2591792.913, 94
Trd, 2591793.379, 89
Trd, 2591793.879, 86
Trd, 2591793.946, 84
Trd, 2591794.496, 90
Trd, 2591794.696, 91
Trd, 2591796.163, 96
Trd, 2591796.329, 95
Trd, 2591797.329, 92
Trd, 2591798.896, 93
Trd, 2591799.696, 94
Trd, 2591799.713, 96
Trd, 2591800.029, 98
Trd, 2591800.829, 105
Trd, 2591801.046, 97
Trd, 2591801.179, 96
Trd, 2591801.629, 106
Trd, 2591803.713, 102
Trd, 2591804.579, 100
Trd, 2591804.946, 104
Trd, 2591805.129, 104
Trd, 2591805.463, 103
Trd, 2591805.913, 104
Trd, 2591807.979, 110
Trd, 2591808.046, 95
Trd, 2591808.813, 108
Trd, 2591808.879, 104
Trd, 2591809.946, 103
Trd, 2591810.229, 95
Trd, 2591811.379, 97
Trd, 2591811.946, 98
Trd, 2591812.213, 99
Trd, 2591812.279, 96
Trd, 2591812.779, 95
Trd, 2591814.346, 103
Trd, 2591814.979, 94
Trd, 2591815.463, 84
Trd, 2591815.563, 81
Trd, 2591817.279, 95
Trd, 2591817.363, 98
Trd, 2591817.579, 94
Trd, 2591819.146, 93
Trd, 2591819.429, 91
Trd, 2591819.913, 91
Trd, 2591820.579, 89
Trd, 2591820.746, 105
Trd, 2591821.463, 87
Trd, 2591823.663, 101
Trd, 2591823.829, 102
Trd, 2591823.963, 103
Trd, 2591825.113, 107
Trd, 2591825.479, 107
Trd, 2591825.713, 106
Trd, 2591825.929, 105
Trd, 2591826.913, 104
Trd, 2591827.163, 100
Trd, 2591829.129, 101
Trd, 2591830.613, 98
Trd, 2591831.279, 98
Trd, 2591831.446, 100
Trd, 2591832.079, 107
Trd, 2591832.396, 92
Trd, 2591833.013, 91
Trd, 2591833.146, 90
Trd, 2591833.813, 94
Trd, 2591833.979, 104
Trd, 2591834.296, 105
Trd, 2591835.029, 98
Trd, 2591835.279, 100
Trd, 2591835.429, 100
Trd, 2591835.913, 98
Trd, 2591836.413, 101
Trd, 2591836.996, 95
Trd, 2591837.763, 104
Trd, 2591838.046, 101
Trd, 2591838.113, 94
Trd, 2591840.129, 98
Trd, 2591841.246, 104
Trd, 2591841.396, 105
Trd, 2591842.229, 102
Trd, 2591842.846, 99
Trd, 2591844.479, 100
Trd, 2591845.013, 100
Trd, 2591845.029, 98
Trd, 2591845.179, 84
Trd, 2591845.513, 83
Trd, 2591846.363, 90
Trd, 2591848.379, 104
Trd, 2591850.229, 106
Trd, 2591850.646, 106
Trd, 2591850.746, 108
Trd, 2591851.579, 107
Trd, 2591851.996, 105
Trd, 2591852.046, 107
Trd, 2591853.313, 99
Trd, 2591853.663, 105
Trd, 2591855.763, 99
Trd, 2591855.963, 100
Trd, 2591855.979, 101
Trd, 2591856.863, 100
Trd, 2591857.146, 101
Trd, 2591857.329, 104
Trd, 2591858.779, 102
Trd, 2591858.796, 101
Trd, 2591859.463, 99
Trd, 2591860.713, 104
Trd, 2591861.346, 103
Trd, 2591861.829, 103
Trd, 2591861.913, 98
Trd, 2591864.096, 96
Trd, 2591864.213, 94
Trd, 2591864.746, 87
Trd, 2591865.446, 93
Trd, 2591866.396, 87
Trd, 2591866.479, 87
Trd, 2591866.713, 86
Trd, 2591867.596, 84
Trd, 2591867.713, 81
Trd, 2591868.429, 94
Trd, 2591870.263, 85
Trd, 2591870.646, 96
Trd, 2591870.796, 97
Trd, 2591872.746, 98
Trd, 2591873.396, 100
Trd, 2591873.446, 98
Trd, 2591873.663, 98
Trd, 2591874.329, 99
Trd, 2591874.529, 106
Trd, 2591875.329, 100
Trd, 2591876.079, 109
Trd, 2591876.879, 99
Trd, 2591877.979, 99
Trd, 2591878.196, 99
Trd, 2591878.929, 104
Trd, 2591879.029, 101
Trd, 2591880.196, 101
Trd, 2591881.146, 98
Trd, 2591882.613, 98
Trd, 2591882.646, 94
Trd, 2591883.379, 97
Trd, 2591883.946, 96
Trd, 2591885.346, 101
Trd, 2591885.479, 100
Trd, 2591885.963, 99
Trd, 2591886.746, 95
Trd, 2591887.063, 95
Trd, 2591887.096, 94
Trd, 2591887.796, 97
Trd, 2591888.529, 92
Trd, 2591889.479, 94
Trd, 2591889.696, 93
Trd, 2591890.163, 91
Trd, 2591891.079, 87
Trd, 2591892.546, 88
Trd, 2591893.279, 89
Trd, 2591893.479, 90
Trd, 2591894.579, 93
Trd, 2591894.829, 93
Trd, 2591895.263, 94
Trd, 2591896.729, 101
Trd, 2591897.029, 100
Trd, 2591897.279, 105
Trd, 2591899.613, 103
Trd, 2591900.296, 102
Trd, 2591900.663, 102
Trd, 2591901.079, 100
Trd, 2591901.263, 100
Trd, 2591901.546, 100
Trd, 2591902.196, 99
Trd, 2591902.263, 98
Trd, 2591903.763, 96
Trd, 2591903.796, 95
Trd, 2591904.013, 94
Trd, 2591904.479, 85
Trd, 2591906.146, 83
Trd, 2591906.729, 87
Trd, 2591906.813, 94
Trd, 2591908.079, 95
Trd, 2591908.279, 95
Trd, 2591908.329, 98
Trd, 2591909.129, 101
Trd, 2591910.263, 94
Trd, 2591911.096, 96
Trd, 2591911.329, 102
Trd, 2591911.496, 94
Trd, 2591912.413, 92
Trd, 2591912.879, 93
Trd, 2591913.079, 92
Trd, 2591914.929, 90
Trd, 2591916.096, 92
Trd, 2591917.013, 95
Trd, 2591917.296, 95
Trd, 2591918.146, 96
Trd, 2591918.279, 98
Trd, 2591918.296, 97
Trd, 2591919.063, 96
Trd, 2591919.929, 96
Trd, 2591920.529, 95
Trd, 2591921.963, 98
Trd, 2591923.563, 101
Trd, 2591923.813, 102
Trd, 2591924.196, 101
Trd, 2591924.896, 105
Trd, 2591925.029, 105
Trd, 2591925.329, 104
Trd, 2591925.363, 86
Trd, 2591925.679, 105
Trd, 2591926.246, 93
Trd, 2591927.679, 96
Trd, 2591928.279, 96
Trd, 2591930.229, 98
Trd, 2591930.463, 95
Trd, 2591930.613, 99
Trd, 2591931.313, 106
Trd, 2591932.246, 100
Trd, 2591932.479, 104
Trd, 2591932.579, 100
Trd, 2591933.146, 104
Trd, 2591934.079, 101
Trd, 2591934.796, 101
Trd, 2591935.363, 101
Trd, 2591936.113, 99
Trd, 2591936.796, 95
Trd, 2591937.879, 105
Trd, 2591938.846, 86
Trd, 2591938.963, 84
Trd, 2591941.179, 94
Trd, 2591941.613, 91
Trd, 2591941.996, 92
Trd, 2591942.029, 95
Trd, 2591942.346, 92
Trd, 2591942.863, 91
Trd, 2591942.896, 82
Trd, 2591942.913, 94
Trd, 2591945.346, 94
Trd, 2591945.629, 93
Trd, 2591946.063, 92
Trd, 2591946.113, 91
Trd, 2591946.413, 94
Trd, 2591946.946, 93
Trd, 2591947.913, 86
Trd, 2591948.079, 94
Trd, 2591949.713, 91
Trd, 2591950.413, 95
Trd, 2591950.696, 87
Trd, 2591950.863, 85
Trd, 2591951.796, 91
Trd, 2591952.546, 92
Trd, 2591952.829, 94
Trd, 2591953.396, 94
Trd, 2591954.029, 98
Trd, 2591954.646, 98
Trd, 2591954.996, 98
Trd, 2591956.146, 100
Trd, 2591956.246, 99
Trd, 2591956.896, 101
Trd, 2591957.279, 100
Trd, 2591957.963, 99
Trd, 2591958.613, 94
Trd, 2591958.663, 90
Trd, 2591959.213, 85
Trd, 2591960.563, 84
Trd, 2591961.079, 97
Trd, 2591961.679, 96
Trd, 2591963.613, 94
Trd, 2591963.946, 93
Trd, 2591964.396, 93
Trd, 2591965.429, 98
Trd, 2591966.429, 98
Trd, 2591966.796, 100
Trd, 2591967.096, 99
Trd, 2591967.146, 100
Trd, 2591967.213, 97
Trd, 2591968.046, 99
Trd, 2591968.179, 98
Trd, 2591970.046, 97
Trd, 2591971.863, 98
Trd, 2591972.329, 91
Trd, 2591972.463, 91
Trd, 2591973.429, 91
Trd, 2591973.746, 92
Trd, 2591973.763, 97
Trd, 2591974.663, 101
Trd, 2591976.229, 98
Trd, 2591977.696, 96
Trd, 2591978.263, 97
Trd, 2591978.579, 98
Trd, 2591979.313, 104
Trd, 2591979.546, 87
Trd, 2591982.463, 94
Trd, 2591982.596, 94
Trd, 2591982.846, 95
Trd, 2591983.596, 99
Trd, 2591984.029, 99
Trd, 2591984.129, 99
Trd, 2591984.313, 98
Trd, 2591984.629, 95
Trd, 2591984.729, 101
Trd, 2591985.363, 87
Trd, 2591985.463, 104
Trd, 2591985.646, 88
Trd, 2591986.346, 90
Trd, 2591986.596, 88
Trd, 2591988.713, 91
Trd, 2591989.679, 95
Trd, 2591989.696, 92
Trd, 2591990.646, 101
Trd, 2591991.246, 104
Trd, 2591992.096, 101
Trd, 2591992.763, 103
Trd, 2591992.996, 102
Trd, 2591993.079, 101
Trd, 2591994.629, 101
Trd, 2591994.779, 101
Trd, 2591994.863, 99
Trd, 2591995.179, 101
Trd, 2591995.296, 98
Trd, 2591995.596, 94
Trd, 2591996.579, 88
Trd, 2591997.513, 87
Trd, 2591998.063, 85
Trd, 2591998.713, 84
Trd, 2591998.846, 92
Trd, 2591999.529, 106
