Trd, 2590692.729, 96
Trd, 2590692.796, 97
Trd, 2590693.129, 98
Trd, 2590693.329, 98
Trd, 2590695.429, 101
Trd, 2590695.546, 109
Trd, 2590696.063, 107
Trd, 2590696.213, 102
Trd, 2590696.413, 107
Trd, 2590696.629, 101
Trd, 2590697.279, 102
Trd, 2590698.679, 99
Trd, 2590699.096, 98
Trd, 2590700.679, 94
Trd, 2590700.913, 95
Trd, 2590701.979, 95
Trd, 2590702.229, 101
Trd, 2590703.179, 107
Trd, 2590703.463, 104
Trd, 2590704.863, 103
Trd, 2590705.429, 102
Trd, 2590705.863, 103
Trd, 2590707.079, 104
Trd, 2590707.563, 94
Trd, 2590708.729, 94
Trd, 2590709.179, 92
Trd, 2590709.396, 93
Trd, 2590709.429, 92
Trd, 2590709.663, 92
Trd, 2590709.713, 91
Trd, 2590709.879, 92
Trd, 2590710.996, 93
Trd, 2590711.513, 94
Trd, 2590712.163, 102
Trd, 2590712.279, 101
Trd, 2590713.129, 88
Trd, 2590713.846, 101
Trd, 2590714.046, 100
Trd, 2590714.113, 108
Trd, 2590715.179, 96
Trd, 2590716.296, 106
Trd, 2590716.679, 99
Trd, 2590717.129, 99
Trd, 2590717.163, 105
Trd, 2590717.363, 94
Trd, 2590717.513, 108
Trd, 2590718.913, 86
Trd, 2590719.479, 106
Trd, 2590719.929, 108
Trd, 2590720.379, 109
Trd, 2590720.529, 115
Trd, 2590720.879, 100
Trd, 2590721.679, 95
Trd, 2590722.263, 95
Trd, 2590723.446, 98
Trd, 2590723.796, 112
Trd, 2590725.513, 109
Trd, 2590725.546, 108
Trd, 2590725.713, 105
Trd, 2590726.246, 91
Trd, 2590726.663, 102
Trd, 2590727.979, 98
Trd, 2590729.529, 96
Trd, 2590729.663, 97
Trd, 2590729.846, 98
Trd, 2590730.346, 98
Trd, 2590731.063, 103
Trd, 2590732.063, 99
Trd, 2590732.729, 96
Trd, 2590733.796, 96
Trd, 2590734.196, 96
Trd, 2590734.563, 97
Trd, 2590734.663, 94
Trd, 2590735.063, 98
Trd, 2590735.213, 87
Trd, 2590735.996, 104
Trd, 2590736.329, 100
Trd, 2590737.546, 105
Trd, 2590738.313, 105
Trd, 2590738.763, 105
Trd, 2590738.863, 104
Trd, 2590740.179, 103
Trd, 2590740.479, 106
Trd, 2590740.929, 106
Trd, 2590741.863, 105
Trd, 2590742.513, 108
Trd, 2590742.546, 115
Trd, 2590742.879, 106
Trd, 2590744.063, 98
Trd, 2590744.229, 94
Trd, 2590744.679, 91
Trd, 2590744.696, 87
Trd, 2590745.596, 84
Trd, 2590747.313, 95
Trd, 2590748.396, 91
Trd, 2590748.679, 86
Trd, 2590749.629, 89
Trd, 2590749.729, 90
Trd, 2590750.213, 91
Trd, 2590750.946, 100
Trd, 2590751.246, 101
Trd, 2590751.679, 108
Trd, 2590751.696, 99
Trd, 2590752.079, 99
Trd, 2590752.546, 98
Trd, 2590752.646, 98
Trd, 2590753.479, 106
Trd, 2590755.229, 97
Trd, 2590755.463, 98
Trd, 2590755.646, 99
Trd, 2590755.863, 99
Trd, 2590756.113, 103
Trd, 2590757.296, 107
Trd, 2590757.379, 108
Trd, 2590759.046, 102
Trd, 2590759.379, 103
Trd, 2590760.046, 107
Trd, 2590761.213, 107
Trd, 2590761.313, 104
Trd, 2590762.763, 108
Trd, 2590762.846, 112
Trd, 2590762.863, 107
Trd, 2590763.346, 105
Trd, 2590763.913, 110
Trd, 2590764.663, 109
Trd, 2590765.396, 108
Trd, 2590766.663, 104
Trd, 2590767.246, 104
Trd, 2590767.313, 106
Trd, 2590768.263, 97
Trd, 2590769.096, 101
Trd, 2590770.296, 96
Trd, 2590770.529, 100
Trd, 2590770.629, 101
Trd, 2590770.796, 102
Trd, 2590770.879, 97
Trd, 2590771.113, 94
Trd, 2590771.896, 113
Trd, 2590773.346, 106
Trd, 2590774.529, 106
Trd, 2590775.496, 106
Trd, 2590775.646, 105
Trd, 2590776.229, 104
Trd, 2590776.563, 105
Trd, 2590778.096, 97
Trd, 2590778.829, 94
Trd, 2590778.929, 91
Trd, 2590779.329, 99
Trd, 2590779.513, 88
Trd, 2590779.679, 99
Trd, 2590779.746, 87
Trd, 2590780.946, 106
Trd, 2590782.046, 81
Trd, 2590782.113, 76
Trd, 2590782.729, 106
Trd, 2590783.946, 112
Trd, 2590784.896, 110
Trd, 2590785.929, 112
Trd, 2590786.279, 112
Trd, 2590786.579, 112
Trd, 2590787.013, 107
Trd, 2590787.313, 104
Trd, 2590787.596, 113
Trd, 2590788.246, 101
Trd, 2590788.563, 98
Trd, 2590790.613, 98
Trd, 2590790.713, 96
Trd, 2590790.863, 98
Trd, 2590791.079, 99
Trd, 2590791.263, 101
Trd, 2590793.013, 99
Trd, 2590793.313, 97
Trd, 2590794.279, 97
Trd, 2590794.296, 98
Trd, 2590794.546, 94
Trd, 2590795.296, 91
Trd, 2590795.613, 105
Trd, 2590796.379, 106
Trd, 2590797.379, 104
Trd, 2590797.446, 88
Trd, 2590797.579, 106
Trd, 2590798.963, 101
Trd, 2590799.896, 91
Trd, 2590800.429, 92
Trd, 2590801.029, 101
Trd, 2590801.329, 102
Trd, 2590803.079, 98
Trd, 2590804.146, 99
Trd, 2590804.263, 97
Trd, 2590805.763, 104
Trd, 2590805.863, 105
Trd, 2590806.279, 105
Trd, 2590806.963, 104
Trd, 2590807.896, 104
Trd, 2590808.363, 101
Trd, 2590809.296, 94
Trd, 2590809.346, 94
Trd, 2590809.413, 95
Trd, 2590809.463, 98
Trd, 2590809.613, 91
Trd, 2590810.446, 97
Trd, 2590810.796, 98
Trd, 2590811.446, 101
Trd, 2590811.513, 105
Trd, 2590811.596, 91
Trd, 2590811.696, 90
Trd, 2590812.146, 88
Trd, 2590812.729, 104
Trd, 2590813.679, 107
Trd, 2590813.846, 108
Trd, 2590814.679, 107
Trd, 2590814.796, 111
Trd, 2590815.779, 108
Trd, 2590816.646, 107
Trd, 2590817.229, 107
Trd, 2590817.246, 105
Trd, 2590817.513, 100
Trd, 2590818.879, 105
Trd, 2590819.629, 91
Trd, 2590819.846, 87
Trd, 2590820.429, 108
Trd, 2590822.263, 105
Trd, 2590822.296, 88
Trd, 2590823.246, 112
Trd, 2590824.129, 94
Trd, 2590824.413, 93
Trd, 2590826.479, 101
Trd, 2590826.646, 100
Trd, 2590827.329, 97
Trd, 2590828.063, 101
Trd, 2590828.279, 102
Trd, 2590828.296, 108
Trd, 2590828.729, 98
Trd, 2590829.379, 106
Trd, 2590830.079, 106
Trd, 2590830.246, 102
Trd, 2590830.479, 105
Trd, 2590830.779, 99
Trd, 2590831.879, 98
Trd, 2590831.913, 100
Trd, 2590832.379, 102
Trd, 2590833.196, 99
Trd, 2590833.646, 98
Trd, 2590834.163, 106
Trd, 2590835.146, 103
Trd, 2590835.313, 105
Trd, 2590835.996, 106
Trd, 2590836.629, 108
Trd, 2590837.213, 107
Trd, 2590837.363, 112
Trd, 2590839.346, 103
Trd, 2590839.613, 103
Trd, 2590839.963, 100
Trd, 2590842.129, 99
Trd, 2590842.996, 98
Trd, 2590843.079, 99
Trd, 2590843.146, 103
Trd, 2590844.329, 101
Trd, 2590844.379, 95
Trd, 2590846.246, 104
Trd, 2590846.446, 92
Trd, 2590846.746, 110
Trd, 2590846.896, 107
Trd, 2590847.279, 111
Trd, 2590847.879, 96
Trd, 2590848.796, 96
Trd, 2590848.929, 95
Trd, 2590849.979, 98
Trd, 2590850.296, 99
Trd, 2590850.396, 104
Trd, 2590850.629, 94
Trd, 2590850.679, 84
Trd, 2590853.096, 97
Trd, 2590854.529, 93
Trd, 2590854.879, 91
Trd, 2590855.429, 88
Trd, 2590855.679, 89
Trd, 2590855.746, 89
Trd, 2590855.946, 87
Trd, 2590856.463, 82
Trd, 2590857.996, 78
Trd, 2590858.479, 79
Trd, 2590859.246, 83
Trd, 2590859.496, 84
Trd, 2590859.913, 94
Trd, 2590861.179, 98
Trd, 2590861.196, 103
Trd, 2590862.463, 92
Trd, 2590863.179, 107
Trd, 2590863.196, 108
Trd, 2590864.529, 105
Trd, 2590865.029, 103
Trd, 2590866.913, 106
Trd, 2590867.596, 105
Trd, 2590868.279, 103
Trd, 2590868.896, 104
Trd, 2590869.346, 104
Trd, 2590869.929, 101
Trd, 2590870.129, 101
Trd, 2590870.263, 102
Trd, 2590870.546, 103
Trd, 2590870.613, 106
Trd, 2590870.629, 98
Trd, 2590870.746, 94
Trd, 2590871.279, 101
Trd, 2590871.479, 91
Trd, 2590873.296, 99
Trd, 2590873.596, 100
Trd, 2590875.313, 96
Trd, 2590875.913, 94
Trd, 2590876.046, 94
Trd, 2590876.313, 94
Trd, 2590876.546, 95
Trd, 2590876.713, 90
Trd, 2590876.763, 101
Trd, 2590876.946, 107
Trd, 2590877.179, 89
Trd, 2590877.496, 108
Trd, 2590878.096, 110
Trd, 2590878.496, 92
Trd, 2590878.929, 105
Trd, 2590880.646, 109
Trd, 2590881.746, 93
Trd, 2590883.713, 101
Trd, 2590883.846, 101
Trd, 2590885.079, 104
Trd, 2590885.263, 104
Trd, 2590886.396, 107
Trd, 2590886.446, 103
Trd, 2590887.279, 107
Trd, 2590887.346, 100
Trd, 2590887.613, 98
Trd, 2590888.163, 94
Trd, 2590888.913, 107
Trd, 2590889.063, 92
Trd, 2590889.696, 103
Trd, 2590890.229, 92
Trd, 2590890.513, 91
Trd, 2590890.596, 104
Trd, 2590891.196, 108
Trd, 2590891.479, 87
Trd, 2590891.796, 106
Trd, 2590892.429, 84
Trd, 2590894.979, 97
Trd, 2590895.396, 97
Trd, 2590895.563, 97
Trd, 2590896.529, 82
Trd, 2590897.129, 85
Trd, 2590897.363, 81
Trd, 2590897.979, 98
Trd, 2590898.329, 82
Trd, 2590898.979, 97
Trd, 2590899.713, 98
Trd, 2590900.279, 99
Trd, 2590900.779, 101
Trd, 2590900.879, 102
Trd, 2590901.113, 108
Trd, 2590901.813, 92
Trd, 2590901.829, 91
Trd, 2590903.279, 97
Trd, 2590904.013, 106
Trd, 2590904.479, 107
Trd, 2590904.563, 106
Trd, 2590905.363, 108
Trd, 2590905.579, 106
Trd, 2590905.629, 108
Trd, 2590906.546, 113
Trd, 2590908.313, 105
Trd, 2590908.496, 94
Trd, 2590909.146, 92
Trd, 2590909.879, 91
Trd, 2590909.946, 105
Trd, 2590910.046, 105
Trd, 2590911.146, 100
Trd, 2590911.329, 90
Trd, 2590912.296, 90
Trd, 2590913.229, 87
Trd, 2590913.363, 89
Trd, 2590913.529, 93
Trd, 2590913.946, 93
Trd, 2590914.713, 93
Trd, 2590915.713, 94
Trd, 2590915.863, 92
Trd, 2590917.263, 92
Trd, 2590917.746, 100
Trd, 2590919.946, 98
Trd, 2590920.463, 97
Trd, 2590920.563, 91
Trd, 2590920.629, 98
Trd, 2590920.763, 88
Trd, 2590921.196, 87
Trd, 2590921.846, 101
Trd, 2590922.896, 103
Trd, 2590924.129, 104
Trd, 2590924.379, 105
Trd, 2590924.529, 104
Trd, 2590924.679, 105
Trd, 2590924.763, 108
Trd, 2590927.263, 111
Trd, 2590928.763, 106
Trd, 2590928.879, 107
Trd, 2590928.913, 106
Trd, 2590929.179, 105
Trd, 2590929.396, 110
Trd, 2590930.013, 99
Trd, 2590930.029, 98
Trd, 2590930.346, 107
Trd, 2590931.246, 103
Trd, 2590932.563, 94
Trd, 2590932.846, 103
Trd, 2590933.046, 91
Trd, 2590934.163, 115
Trd, 2590934.979, 105
Trd, 2590935.329, 106
Trd, 2590935.463, 103
Trd, 2590936.879, 111
Trd, 2590938.496, 103
Trd, 2590938.746, 102
Trd, 2590938.913, 104
Trd, 2590939.479, 102
Trd, 2590939.663, 101
Trd, 2590939.779, 98
Trd, 2590940.246, 103
Trd, 2590940.279, 94
Trd, 2590940.729, 105
Trd, 2590942.163, 104
Trd, 2590942.813, 105
Trd, 2590942.963, 108
Trd, 2590943.829, 111
Trd, 2590944.013, 103
Trd, 2590944.863, 107
Trd, 2590946.529, 112
Trd, 2590947.179, 111
Trd, 2590947.296, 112
Trd, 2590947.463, 113
Trd, 2590947.563, 114
Trd, 2590947.579, 113
Trd, 2590947.963, 104
Trd, 2590947.979, 101
Trd, 2590949.346, 98
Trd, 2590950.146, 94
Trd, 2590950.679, 91
Trd, 2590951.246, 96
Trd, 2590951.629, 97
Trd, 2590951.729, 88
Trd, 2590952.363, 96
Trd, 2590953.646, 89
Trd, 2590954.246, 97
Trd, 2590954.863, 84
Trd, 2590955.246, 100
Trd, 2590956.296, 95
Trd, 2590956.463, 97
Trd, 2590956.529, 87
Trd, 2590956.696, 100
Trd, 2590958.629, 98
Trd, 2590959.746, 87
Trd, 2590961.096, 94
Trd, 2590961.396, 96
Trd, 2590961.546, 98
Trd, 2590962.329, 108
Trd, 2590962.979, 101
Trd, 2590963.246, 100
Trd, 2590964.713, 101
Trd, 2590965.063, 109
Trd, 2590966.279, 103
Trd, 2590966.829, 102
Trd, 2590967.196, 98
Trd, 2590967.229, 94
Trd, 2590967.329, 103
Trd, 2590967.346, 106
Trd, 2590967.929, 111
Trd, 2590969.146, 113
Trd, 2590969.346, 94
Trd, 2590969.379, 91
Trd, 2590970.513, 109
Trd, 2590970.546, 87
Trd, 2590971.096, 88
Trd, 2590971.346, 88
Trd, 2590972.246, 89
Trd, 2590972.829, 107
Trd, 2590973.096, 103
Trd, 2590973.646, 101
Trd, 2590973.796, 84
Trd, 2590975.529, 101
Trd, 2590976.763, 90
Trd, 2590977.013, 89
Trd, 2590977.629, 89
Trd, 2590977.663, 90
Trd, 2590978.446, 91
Trd, 2590978.596, 85
Trd, 2590979.429, 92
Trd, 2590980.429, 89
Trd, 2590980.546, 90
Trd, 2590980.579, 98
Trd, 2590980.963, 105
Trd, 2590981.329, 103
Trd, 2590983.779, 97
Trd, 2590984.013, 98
Trd, 2590984.429, 96
Trd, 2590984.846, 99
Trd, 2590985.313, 101
Trd, 2590986.246, 99
Trd, 2590986.646, 101
Trd, 2590986.746, 102
Trd, 2590987.963, 98
Trd, 2590988.996, 100
Trd, 2590989.463, 103
Trd, 2590989.763, 108
Trd, 2590990.379, 106
Trd, 2590990.446, 95
Trd, 2590990.563, 94
Trd, 2590991.279, 113
Trd, 2590992.046, 111
Trd, 2590993.313, 98
Trd, 2590993.929, 112
Trd, 2590994.013, 112
Trd, 2590994.829, 114
Trd, 2590995.029, 114
Trd, 2590995.296, 108
Trd, 2590995.529, 105
Trd, 2590997.413, 111
Trd, 2590997.813, 94
Trd, 2590999.629, 92
Trd, 2590999.646, 91
Trd, 2591000.663, 101
Trd, 2591001.063, 102
Trd, 2591001.713, 92
Trd, 2591002.129, 105
Trd, 2591002.213, 105
Trd, 2591003.463, 94
Trd, 2591003.946, 99
Trd, 2591004.596, 95
Trd, 2591004.696, 96
Trd, 2591005.246, 96
Trd, 2591005.379, 101
Trd, 2591006.213, 101
Trd, 2591006.496, 98
Trd, 2591007.013, 96
Trd, 2591008.596, 96
Trd, 2591009.463, 87
Trd, 2591010.246, 102
Trd, 2591011.479, 101
Trd, 2591012.046, 99
Trd, 2591012.213, 97
Trd, 2591012.646, 100
Trd, 2591012.696, 101
Trd, 2591014.379, 106
Trd, 2591014.429, 106
Trd, 2591015.796, 112
Trd, 2591016.113, 106
Trd, 2591016.213, 105
Trd, 2591016.629, 113
Trd, 2591017.096, 106
Trd, 2591017.713, 113
Trd, 2591018.079, 108
Trd, 2591018.663, 107
Trd, 2591019.829, 106
Trd, 2591020.696, 102
Trd, 2591021.696, 100
Trd, 2591022.496, 105
Trd, 2591024.529, 102
Trd, 2591024.729, 101
Trd, 2591025.996, 99
Trd, 2591026.396, 94
Trd, 2591026.679, 91
Trd, 2591027.113, 97
Trd, 2591027.429, 97
Trd, 2591028.779, 98
Trd, 2591028.979, 99
Trd, 2591029.113, 102
Trd, 2591030.629, 104
Trd, 2591030.663, 105
Trd, 2591030.863, 105
Trd, 2591032.146, 105
Trd, 2591032.213, 103
Trd, 2591032.263, 106
Trd, 2591032.363, 98
Trd, 2591032.763, 115
Trd, 2591033.279, 83
Trd, 2591034.013, 108
Trd, 2591035.713, 101
Trd, 2591035.813, 102
Trd, 2591037.729, 108
Trd, 2591038.146, 99
Trd, 2591038.546, 99
Trd, 2591040.079, 105
Trd, 2591040.979, 106
Trd, 2591041.329, 105
Trd, 2591041.646, 106
Trd, 2591042.263, 105
Trd, 2591042.496, 105
Trd, 2591043.096, 102
Trd, 2591043.196, 103
Trd, 2591043.679, 102
Trd, 2591044.346, 100
Trd, 2591044.463, 98
Trd, 2591045.179, 94
Trd, 2591045.829, 103
Trd, 2591046.146, 87
Trd, 2591046.213, 104
Trd, 2591046.496, 105
Trd, 2591047.479, 103
Trd, 2591048.529, 100
Trd, 2591049.829, 102
Trd, 2591050.746, 101
Trd, 2591051.713, 101
Trd, 2591052.863, 106
Trd, 2591053.246, 108
Trd, 2591053.879, 107
Trd, 2591054.096, 108
Trd, 2591054.146, 106
Trd, 2591055.596, 105
Trd, 2591055.679, 101
Trd, 2591056.129, 98
Trd, 2591056.246, 81
Trd, 2591057.313, 83
Trd, 2591058.979, 99
Trd, 2591059.863, 98
Trd, 2591059.996, 98
Trd, 2591060.079, 99
Trd, 2591060.229, 97
Trd, 2591060.929, 98
Trd, 2591061.713, 100
Trd, 2591062.079, 100
Trd, 2591063.696, 99
Trd, 2591063.779, 94
Trd, 2591063.929, 91
Trd, 2591064.829, 92
Trd, 2591066.179, 100
Trd, 2591066.963, 98
Trd, 2591067.063, 99
Trd, 2591067.579, 98
Trd, 2591067.846, 101
Trd, 2591068.279, 103
Trd, 2591068.479, 104
Trd, 2591069.663, 104
Trd, 2591070.763, 101
Trd, 2591071.196, 103
Trd, 2591072.063, 104
Trd, 2591072.363, 103
Trd, 2591072.713, 106
Trd, 2591072.729, 101
Trd, 2591074.146, 107
Trd, 2591075.046, 106
Trd, 2591075.613, 105
Trd, 2591075.713, 97
Trd, 2591075.796, 96
Trd, 2591076.213, 94
Trd, 2591076.713, 105
Trd, 2591077.513, 106
Trd, 2591078.513, 95
Trd, 2591080.129, 99
Trd, 2591080.679, 99
Trd, 2591081.079, 98
Trd, 2591081.413, 99
Trd, 2591081.529, 98
Trd, 2591081.879, 101
Trd, 2591082.246, 94
Trd, 2591083.363, 105
Trd, 2591084.013, 107
Trd, 2591084.113, 98
Trd, 2591084.463, 108
Trd, 2591084.746, 94
Trd, 2591084.863, 93
Trd, 2591086.363, 96
Trd, 2591087.613, 99
Trd, 2591087.896, 101
Trd, 2591087.913, 104
Trd, 2591089.713, 105
Trd, 2591090.496, 102
Trd, 2591090.646, 102
Trd, 2591090.829, 101
Trd, 2591090.979, 100
Trd, 2591091.313, 94
Trd, 2591091.763, 100
Trd, 2591092.679, 103
Trd, 2591092.746, 95
Trd, 2591093.263, 94
Trd, 2591093.379, 105
Trd, 2591094.179, 91
Trd, 2591094.229, 87
Trd, 2591094.263, 84
Trd, 2591094.863, 106
Trd, 2591096.363, 106
Trd, 2591096.763, 112
Trd, 2591097.996, 113
Trd, 2591098.046, 114
Trd, 2591098.479, 112
Trd, 2591098.879, 114
Trd, 2591099.029, 113
Trd, 2591100.196, 108
Trd, 2591100.896, 104
Trd, 2591101.646, 103
Trd, 2591101.763, 101
Trd, 2591102.296, 94
Trd, 2591102.696, 102
Trd, 2591103.479, 95
Trd, 2591104.829, 100
Trd, 2591104.996, 95
Trd, 2591105.079, 100
Trd, 2591105.546, 99
Trd, 2591105.746, 98
Trd, 2591106.379, 100
Trd, 2591106.563, 106
Trd, 2591107.696, 108
Trd, 2591108.346, 109
Trd, 2591108.863, 107
Trd, 2591109.063, 105
Trd, 2591110.313, 94
Trd, 2591111.896, 104
Trd, 2591112.563, 93
Trd, 2591113.346, 101
Trd, 2591113.663, 109
Trd, 2591114.113, 93
Trd, 2591114.546, 113
Trd, 2591116.763, 98
Trd, 2591116.813, 106
Trd, 2591117.679, 103
Trd, 2591118.029, 102
Trd, 2591118.263, 103
Trd, 2591119.813, 104
Trd, 2591119.829, 105
Trd, 2591120.179, 106
Trd, 2591120.346, 105
Trd, 2591120.596, 106
Trd, 2591120.813, 91
Trd, 2591120.879, 84
Trd, 2591121.296, 82
Trd, 2591121.679, 96
Trd, 2591121.729, 81
Trd, 2591122.829, 95
Trd, 2591123.063, 97
Trd, 2591125.163, 92
Trd, 2591126.046, 88
Trd, 2591126.063, 98
Trd, 2591126.263, 105
Trd, 2591126.896, 102
Trd, 2591127.179, 101
Trd, 2591128.146, 99
Trd, 2591128.179, 89
Trd, 2591128.496, 88
Trd, 2591130.846, 95
Trd, 2591130.896, 98
Trd, 2591131.179, 95
Trd, 2591131.313, 101
Trd, 2591132.079, 106
Trd, 2591132.279, 106
Trd, 2591132.479, 91
Trd, 2591133.096, 107
Trd, 2591134.329, 86
Trd, 2591136.396, 106
Trd, 2591136.829, 89
Trd, 2591137.246, 105
Trd, 2591137.663, 91
Trd, 2591137.879, 90
Trd, 2591138.146, 88
Trd, 2591138.346, 100
Trd, 2591138.996, 88
Trd, 2591140.046, 96
Trd, 2591140.979, 99
Trd, 2591141.329, 88
Trd, 2591142.346, 89
Trd, 2591142.529, 103
Trd, 2591142.863, 105
Trd, 2591143.063, 106
Trd, 2591143.729, 104
Trd, 2591144.479, 101
Trd, 2591144.546, 102
Trd, 2591145.063, 92
Trd, 2591145.646, 103
Trd, 2591145.879, 91
Trd, 2591146.663, 90
Trd, 2591148.729, 95
Trd, 2591149.246, 95
Trd, 2591150.229, 95
Trd, 2591150.796, 95
Trd, 2591151.313, 107
Trd, 2591151.496, 100
Trd, 2591152.863, 104
Trd, 2591153.196, 106
Trd, 2591154.129, 105
Trd, 2591154.179, 108
Trd, 2591154.696, 113
Trd, 2591155.546, 109
Trd, 2591157.146, 110
Trd, 2591158.046, 107
Trd, 2591158.229, 105
Trd, 2591159.196, 99
Trd, 2591159.713, 103
Trd, 2591159.746, 103
Trd, 2591159.863, 104
Trd, 2591160.596, 103
Trd, 2591160.879, 101
Trd, 2591161.396, 100
Trd, 2591161.596, 101
Trd, 2591162.946, 100
Trd, 2591163.396, 101
Trd, 2591163.446, 108
Trd, 2591164.296, 98
Trd, 2591164.929, 99
Trd, 2591168.263, 97
Trd, 2591168.746, 94
Trd, 2591169.163, 85
Trd, 2591169.829, 84
Trd, 2591169.996, 95
Trd, 2591170.829, 82
Trd, 2591170.913, 81
Trd, 2591170.929, 90
Trd, 2591171.013, 91
Trd, 2591171.213, 91
Trd, 2591171.529, 85
Trd, 2591172.846, 88
Trd, 2591172.896, 89
Trd, 2591173.729, 94
Trd, 2591173.946, 101
Trd, 2591174.713, 97
Trd, 2591175.546, 101
Trd, 2591177.163, 101
Trd, 2591177.296, 99
Trd, 2591177.379, 98
Trd, 2591177.496, 98
Trd, 2591177.729, 100
Trd, 2591179.179, 105
Trd, 2591180.029, 92
Trd, 2591180.996, 101
Trd, 2591181.246, 92
Trd, 2591181.396, 91
Trd, 2591181.779, 105
Trd, 2591181.946, 89
Trd, 2591182.579, 89
Trd, 2591182.746, 88
Trd, 2591182.896, 102
Trd, 2591183.363, 87
Trd, 2591183.946, 101
Trd, 2591184.129, 91
Trd, 2591184.679, 101
Trd, 2591185.946, 105
Trd, 2591187.113, 104
Trd, 2591187.163, 105
Trd, 2591187.929, 106
Trd, 2591188.329, 108
Trd, 2591189.179, 110
Trd, 2591189.479, 109
Trd, 2591190.363, 107
Trd, 2591191.146, 105
Trd, 2591191.963, 101
Trd, 2591192.063, 100
Trd, 2591193.646, 99
Trd, 2591193.879, 100
Trd, 2591193.929, 98
Trd, 2591195.163, 92
Trd, 2591195.363, 97
Trd, 2591196.713, 96
Trd, 2591196.746, 98
Trd, 2591197.746, 103
Trd, 2591198.646, 104
Trd, 2591199.596, 101
Trd, 2591199.629, 98
Trd, 2591200.079, 111
Trd, 2591200.379, 112
Trd, 2591200.713, 95
Trd, 2591201.779, 104
Trd, 2591202.579, 107
Trd, 2591203.229, 94
Trd, 2591203.263, 91
Trd, 2591203.329, 107
Trd, 2591203.529, 87
Trd, 2591203.613, 84
Trd, 2591205.313, 105
Trd, 2591206.263, 97
Trd, 2591207.546, 103
Trd, 2591208.063, 103
Trd, 2591208.296, 104
Trd, 2591208.413, 101
Trd, 2591208.479, 108
Trd, 2591210.496, 107
Trd, 2591210.813, 106
Trd, 2591211.929, 107
Trd, 2591211.963, 110
Trd, 2591212.779, 110
Trd, 2591213.663, 108
Trd, 2591213.879, 111
Trd, 2591214.079, 102
Trd, 2591214.813, 101
Trd, 2591214.979, 110
Trd, 2591216.429, 107
Trd, 2591218.063, 101
Trd, 2591218.313, 98
Trd, 2591219.346, 95
Trd, 2591219.896, 87
Trd, 2591220.829, 91
Trd, 2591221.229, 94
Trd, 2591221.579, 93
Trd, 2591222.579, 95
Trd, 2591222.813, 94
Trd, 2591223.129, 98
Trd, 2591223.446, 96
Trd, 2591223.929, 97
Trd, 2591224.413, 101
Trd, 2591224.896, 99
Trd, 2591225.613, 99
Trd, 2591226.629, 100
Trd, 2591227.063, 101
Trd, 2591227.946, 98
Trd, 2591229.146, 101
Trd, 2591229.746, 100
Trd, 2591229.929, 102
Trd, 2591231.213, 102
Trd, 2591231.279, 101
Trd, 2591231.729, 103
Trd, 2591232.196, 101
Trd, 2591232.296, 100
Trd, 2591232.529, 98
Trd, 2591233.363, 94
Trd, 2591233.863, 105
Trd, 2591234.246, 106
Trd, 2591234.413, 92
Trd, 2591235.196, 92
Trd, 2591235.446, 104
Trd, 2591236.763, 101
Trd, 2591236.979, 103
Trd, 2591237.063, 103
Trd, 2591237.563, 103
Trd, 2591238.746, 102
Trd, 2591240.729, 100
Trd, 2591240.979, 103
Trd, 2591241.679, 103
Trd, 2591241.863, 103
Trd, 2591242.729, 101
Trd, 2591242.963, 102
Trd, 2591243.829, 101
Trd, 2591244.479, 101
Trd, 2591244.513, 105
Trd, 2591246.396, 102
Trd, 2591247.029, 106
Trd, 2591247.529, 101
Trd, 2591247.546, 102
Trd, 2591248.679, 107
Trd, 2591250.479, 107
Trd, 2591250.496, 106
Trd, 2591250.813, 101
Trd, 2591251.396, 99
Trd, 2591251.646, 98
Trd, 2591252.463, 95
Trd, 2591254.279, 97
Trd, 2591254.613, 94
Trd, 2591255.363, 92
Trd, 2591255.546, 92
Trd, 2591255.763, 107
Trd, 2591256.313, 101
Trd, 2591256.929, 103
Trd, 2591257.163, 87
Trd, 2591257.446, 83
Trd, 2591258.446, 97
Trd, 2591258.596, 86
Trd, 2591259.329, 98
Trd, 2591259.729, 90
Trd, 2591260.296, 98
Trd, 2591261.013, 92
Trd, 2591261.279, 105
Trd, 2591262.096, 105
Trd, 2591262.496, 94
Trd, 2591263.863, 105
Trd, 2591264.729, 101
Trd, 2591265.529, 103
Trd, 2591267.596, 102
Trd, 2591268.229, 106
Trd, 2591269.263, 103
Trd, 2591269.796, 104
Trd, 2591270.229, 104
Trd, 2591270.246, 105
Trd, 2591271.363, 102
Trd, 2591272.213, 107
Trd, 2591272.263, 108
Trd, 2591272.329, 105
Trd, 2591272.929, 112
Trd, 2591273.229, 108
Trd, 2591273.879, 102
Trd, 2591276.679, 103
Trd, 2591277.046, 102
Trd, 2591277.546, 102
Trd, 2591277.663, 102
Trd, 2591278.096, 101
Trd, 2591278.129, 103
Trd, 2591279.013, 99
Trd, 2591279.146, 94
Trd, 2591279.196, 100
Trd, 2591279.796, 103
Trd, 2591280.029, 102
Trd, 2591280.563, 101
Trd, 2591281.779, 105
Trd, 2591281.913, 91
Trd, 2591282.146, 106
Trd, 2591282.663, 88
Trd, 2591283.813, 89
Trd, 2591286.663, 106
Trd, 2591287.229, 93
Trd, 2591287.629, 95
Trd, 2591288.563, 96
Trd, 2591288.579, 97
Trd, 2591289.079, 96
Trd, 2591289.329, 100
Trd, 2591289.763, 105
Trd, 2591290.396, 97
Trd, 2591290.446, 103
Trd, 2591291.129, 100
Trd, 2591291.413, 99
Trd, 2591292.313, 101
Trd, 2591293.763, 95
Trd, 2591294.279, 98
Trd, 2591294.346, 91
Trd, 2591295.429, 92
Trd, 2591297.279, 95
Trd, 2591297.479, 94
Trd, 2591297.529, 94
Trd, 2591299.146, 92
Trd, 2591299.496, 91
Trd, 2591300.079, 84
Trd, 2591300.196, 94
Trd, 2591301.096, 108
Trd, 2591301.263, 109
Trd, 2591301.446, 103
Trd, 2591301.963, 111
Trd, 2591302.246, 88
Trd, 2591302.746, 109
Trd, 2591304.013, 108
Trd, 2591304.496, 106
Trd, 2591305.079, 108
Trd, 2591306.496, 114
Trd, 2591307.029, 110
Trd, 2591307.346, 101
Trd, 2591307.746, 88
Trd, 2591308.263, 112
Trd, 2591308.529, 112
Trd, 2591308.629, 115
Trd, 2591309.329, 111
Trd, 2591309.896, 111
Trd, 2591310.763, 111
Trd, 2591311.063, 110
Trd, 2591311.696, 108
Trd, 2591311.829, 107
Trd, 2591312.079, 105
Trd, 2591312.113, 98
Trd, 2591312.313, 94
Trd, 2591312.613, 107
Trd, 2591313.796, 105
Trd, 2591314.179, 94
Trd, 2591314.479, 91
Trd, 2591315.613, 91
Trd, 2591316.213, 92
Trd, 2591316.463, 94
Trd, 2591316.996, 92
Trd, 2591318.029, 91
Trd, 2591318.379, 87
Trd, 2591318.479, 109
Trd, 2591320.596, 106
Trd, 2591321.246, 87
Trd, 2591321.263, 107
Trd, 2591321.863, 107
Trd, 2591322.213, 88
Trd, 2591323.029, 108
Trd, 2591323.563, 101
Trd, 2591324.979, 103
Trd, 2591326.129, 111
Trd, 2591327.046, 101
Trd, 2591327.179, 98
Trd, 2591328.313, 95
Trd, 2591329.229, 100
Trd, 2591329.446, 100
Trd, 2591329.846, 100
Trd, 2591329.963, 101
Trd, 2591330.813, 100
Trd, 2591331.096, 97
Trd, 2591331.679, 95
Trd, 2591332.596, 96
Trd, 2591332.763, 97
Trd, 2591333.279, 96
Trd, 2591334.346, 97
Trd, 2591335.129, 95
Trd, 2591335.213, 94
Trd, 2591336.813, 94
Trd, 2591337.179, 96
Trd, 2591337.263, 87
Trd, 2591338.496, 98
Trd, 2591338.513, 113
Trd, 2591339.646, 105
Trd, 2591340.046, 105
Trd, 2591340.129, 112
Trd, 2591340.546, 90
Trd, 2591341.196, 92
Trd, 2591341.846, 108
Trd, 2591342.546, 101
Trd, 2591342.896, 97
Trd, 2591343.196, 107
Trd, 2591343.446, 108
Trd, 2591343.796, 105
Trd, 2591344.063, 100
Trd, 2591345.079, 105
Trd, 2591346.146, 101
Trd, 2591346.379, 100
Trd, 2591346.479, 98
Trd, 2591347.629, 94
Trd, 2591349.479, 91
Trd, 2591349.596, 92
Trd, 2591350.613, 91
Trd, 2591350.629, 92
Trd, 2591351.313, 91
Trd, 2591351.696, 90
Trd, 2591351.779, 92
Trd, 2591352.346, 105
Trd, 2591352.729, 106
Trd, 2591352.829, 108
Trd, 2591353.696, 87
Trd, 2591354.496, 102
Trd, 2591354.946, 84
Trd, 2591355.963, 81
Trd, 2591356.113, 83
Trd, 2591356.679, 78
Trd, 2591357.246, 91
Trd, 2591357.713, 78
Trd, 2591357.879, 87
Trd, 2591358.163, 77
Trd, 2591358.713, 97
Trd, 2591359.613, 98
Trd, 2591361.996, 100
Trd, 2591362.096, 101
Trd, 2591362.113, 100
Trd, 2591363.413, 103
Trd, 2591363.929, 103
Trd, 2591364.263, 104
Trd, 2591364.929, 101
Trd, 2591364.979, 99
Trd, 2591365.246, 104
Trd, 2591365.396, 105
Trd, 2591366.729, 101
Trd, 2591367.446, 99
Trd, 2591367.829, 99
Trd, 2591368.429, 98
Trd, 2591368.796, 104
Trd, 2591369.596, 108
Trd, 2591371.313, 95
Trd, 2591371.496, 104
Trd, 2591372.246, 107
Trd, 2591372.263, 108
Trd, 2591373.596, 99
Trd, 2591373.896, 99
Trd, 2591374.129, 115
Trd, 2591374.163, 118
Trd, 2591374.313, 100
Trd, 2591375.079, 99
Trd, 2591375.779, 98
Trd, 2591376.096, 94
Trd, 2591376.446, 91
Trd, 2591377.313, 100
Trd, 2591377.763, 99
Trd, 2591380.813, 95
Trd, 2591381.196, 95
Trd, 2591381.846, 90
Trd, 2591381.879, 95
Trd, 2591381.996, 105
Trd, 2591382.679, 106
Trd, 2591383.263, 101
Trd, 2591383.629, 101
Trd, 2591384.746, 99
Trd, 2591385.646, 92
Trd, 2591386.046, 91
Trd, 2591386.696, 91
Trd, 2591387.879, 94
Trd, 2591389.046, 90
Trd, 2591389.329, 90
Trd, 2591389.346, 87
Trd, 2591390.479, 88
Trd, 2591390.563, 91
Trd, 2591390.746, 92
Trd, 2591391.313, 90
Trd, 2591391.329, 91
Trd, 2591391.396, 94
Trd, 2591392.113, 90
Trd, 2591392.429, 105
Trd, 2591393.279, 92
Trd, 2591393.396, 105
Trd, 2591394.496, 98
Trd, 2591394.813, 99
Trd, 2591394.879, 102
Trd, 2591395.496, 102
Trd, 2591396.329, 110
Trd, 2591397.363, 112
Trd, 2591397.613, 113
Trd, 2591397.879, 111
Trd, 2591399.013, 100
Trd, 2591399.096, 98
Trd, 2591401.729, 104
Trd, 2591401.963, 102
Trd, 2591402.296, 101
Trd, 2591402.546, 103
Trd, 2591403.913, 102
Trd, 2591404.096, 100
Trd, 2591404.363, 108
Trd, 2591405.579, 105
Trd, 2591406.896, 104
Trd, 2591407.429, 102
Trd, 2591408.013, 101
Trd, 2591408.363, 101
Trd, 2591408.613, 99
Trd, 2591408.763, 98
Trd, 2591409.029, 104
Trd, 2591409.529, 94
Trd, 2591409.879, 103
Trd, 2591410.063, 91
Trd, 2591410.579, 105
Trd, 2591411.613, 93
Trd, 2591412.063, 91
Trd, 2591413.729, 106
Trd, 2591414.013, 108
Trd, 2591414.363, 101
Trd, 2591414.413, 100
Trd, 2591415.279, 113
Trd, 2591416.196, 94
Trd, 2591416.929, 94
Trd, 2591417.413, 95
Trd, 2591419.329, 100
Trd, 2591419.529, 100
Trd, 2591420.413, 98
Trd, 2591420.496, 99
Trd, 2591420.829, 94
Trd, 2591421.396, 115
Trd, 2591421.429, 91
Trd, 2591421.863, 107
Trd, 2591423.229, 106
Trd, 2591423.446, 105
Trd, 2591423.946, 102
Trd, 2591424.196, 103
Trd, 2591424.229, 104
Trd, 2591424.963, 106
Trd, 2591425.096, 112
Trd, 2591425.696, 100
Trd, 2591428.613, 93
Trd, 2591428.979, 96
Trd, 2591429.413, 95
Trd, 2591429.896, 95
Trd, 2591430.346, 95
Trd, 2591431.213, 94
Trd, 2591431.229, 91
Trd, 2591431.429, 87
Trd, 2591432.596, 89
Trd, 2591432.846, 90
Trd, 2591433.779, 94
Trd, 2591434.446, 98
Trd, 2591434.829, 101
Trd, 2591435.713, 105
Trd, 2591436.513, 97
Trd, 2591437.279, 103
Trd, 2591437.663, 107
Trd, 2591438.929, 105
Trd, 2591439.163, 105
Trd, 2591439.213, 106
Trd, 2591439.563, 102
Trd, 2591440.196, 102
Trd, 2591440.213, 100
Trd, 2591440.579, 103
Trd, 2591441.863, 99
Trd, 2591442.246, 98
Trd, 2591443.729, 101
Trd, 2591444.713, 96
Trd, 2591446.046, 100
Trd, 2591447.279, 97
Trd, 2591447.929, 96
Trd, 2591448.263, 97
Trd, 2591448.413, 95
Trd, 2591449.646, 108
Trd, 2591449.763, 105
Trd, 2591449.779, 94
Trd, 2591450.029, 106
Trd, 2591450.263, 91
Trd, 2591450.729, 87
Trd, 2591451.613, 104
Trd, 2591452.879, 97
Trd, 2591453.479, 97
Trd, 2591454.529, 96
Trd, 2591454.746, 100
Trd, 2591454.796, 95
Trd, 2591455.096, 102
Trd, 2591457.046, 95
Trd, 2591457.079, 96
Trd, 2591457.779, 94
Trd, 2591458.063, 95
Trd, 2591458.413, 95
Trd, 2591458.746, 94
Trd, 2591460.029, 90
Trd, 2591460.363, 91
Trd, 2591460.613, 90
Trd, 2591460.946, 89
Trd, 2591461.229, 101
Trd, 2591462.346, 106
Trd, 2591462.529, 102
Trd, 2591462.713, 101
Trd, 2591463.413, 95
Trd, 2591464.863, 104
Trd, 2591466.346, 100
Trd, 2591466.379, 101
Trd, 2591467.713, 101
Trd, 2591468.513, 106
Trd, 2591469.413, 108
Trd, 2591469.529, 105
Trd, 2591470.879, 105
Trd, 2591471.313, 107
Trd, 2591471.613, 103
Trd, 2591471.896, 109
Trd, 2591471.979, 102
Trd, 2591472.046, 101
Trd, 2591473.079, 95
Trd, 2591473.896, 103
Trd, 2591474.263, 104
Trd, 2591474.813, 105
Trd, 2591475.129, 98
Trd, 2591475.246, 94
Trd, 2591475.663, 92
Trd, 2591476.163, 113
Trd, 2591477.696, 104
Trd, 2591478.463, 108
Trd, 2591478.579, 91
Trd, 2591479.729, 105
Trd, 2591480.146, 101
Trd, 2591481.096, 102
Trd, 2591481.513, 101
Trd, 2591481.579, 100
Trd, 2591482.413, 102
Trd, 2591482.929, 105
Trd, 2591483.463, 99
Trd, 2591484.596, 101
Trd, 2591486.363, 99
Trd, 2591486.413, 101
Trd, 2591486.796, 98
Trd, 2591486.829, 94
Trd, 2591488.046, 87
Trd, 2591488.246, 97
Trd, 2591488.463, 98
Trd, 2591489.179, 86
Trd, 2591489.363, 100
Trd, 2591489.829, 100
Trd, 2591489.896, 115
Trd, 2591490.946, 89
Trd, 2591492.529, 104
Trd, 2591493.196, 106
Trd, 2591493.846, 110
Trd, 2591494.396, 104
Trd, 2591495.346, 106
Trd, 2591496.479, 107
Trd, 2591496.996, 109
Trd, 2591497.379, 109
Trd, 2591498.346, 109
Trd, 2591498.463, 110
Trd, 2591500.079, 109
Trd, 2591500.346, 108
Trd, 2591500.563, 98
Trd, 2591500.746, 94
Trd, 2591500.963, 103
Trd, 2591501.029, 106
Trd, 2591501.279, 91
Trd, 2591502.146, 91
Trd, 2591502.429, 98
Trd, 2591502.629, 87
Trd, 2591503.363, 109
Trd, 2591503.829, 113
Trd, 2591504.729, 86
Trd, 2591504.963, 87
Trd, 2591505.146, 91
Trd, 2591505.296, 85
Trd, 2591506.146, 104
Trd, 2591507.463, 85
Trd, 2591508.579, 91
Trd, 2591509.796, 98
Trd, 2591510.213, 105
Trd, 2591511.096, 104
Trd, 2591511.479, 103
Trd, 2591511.513, 104
Trd, 2591511.763, 101
Trd, 2591512.446, 102
Trd, 2591514.029, 101
Trd, 2591514.046, 103
Trd, 2591514.596, 105
Trd, 2591515.779, 100
Trd, 2591516.346, 107
Trd, 2591516.863, 107
Trd, 2591517.079, 108
Trd, 2591518.063, 110
Trd, 2591518.179, 110
Trd, 2591518.413, 109
Trd, 2591519.546, 111
Trd, 2591520.663, 109
Trd, 2591521.246, 108
Trd, 2591521.646, 98
Trd, 2591521.863, 95
Trd, 2591522.363, 105
Trd, 2591522.396, 94
Trd, 2591522.513, 85
Trd, 2591523.629, 89
Trd, 2591523.846, 101
Trd, 2591526.513, 97
Trd, 2591526.979, 98
Trd, 2591528.613, 102
Trd, 2591528.679, 92
Trd, 2591529.696, 102
Trd, 2591529.913, 92
Trd, 2591530.129, 92
Trd, 2591531.679, 98
Trd, 2591532.096, 99
Trd, 2591532.496, 98
Trd, 2591532.513, 95
Trd, 2591532.596, 99
Trd, 2591532.979, 101
Trd, 2591533.796, 99
Trd, 2591534.179, 99
Trd, 2591534.529, 99
Trd, 2591534.796, 99
Trd, 2591534.846, 98
Trd, 2591535.563, 94
Trd, 2591535.846, 99
Trd, 2591536.946, 106
Trd, 2591537.246, 94
Trd, 2591537.379, 91
Trd, 2591538.696, 98
Trd, 2591539.996, 107
Trd, 2591540.113, 87
Trd, 2591541.079, 84
Trd, 2591541.713, 100
Trd, 2591542.029, 108
Trd, 2591542.146, 108
Trd, 2591542.563, 85
Trd, 2591543.479, 98
Trd, 2591544.246, 101
Trd, 2591546.479, 103
Trd, 2591547.296, 107
Trd, 2591547.929, 106
Trd, 2591548.363, 107
Trd, 2591548.746, 101
Trd, 2591549.029, 106
Trd, 2591549.096, 102
Trd, 2591549.713, 105
Trd, 2591549.963, 107
Trd, 2591550.029, 98
Trd, 2591552.313, 101
Trd, 2591552.346, 100
Trd, 2591553.113, 106
Trd, 2591553.129, 99
Trd, 2591553.346, 107
Trd, 2591554.446, 94
Trd, 2591554.996, 104
Trd, 2591556.213, 96
Trd, 2591556.346, 104
Trd, 2591557.496, 99
Trd, 2591559.163, 100
Trd, 2591559.613, 98
Trd, 2591560.213, 99
Trd, 2591560.246, 100
Trd, 2591561.063, 98
Trd, 2591561.079, 99
Trd, 2591561.413, 92
Trd, 2591562.296, 93
Trd, 2591562.563, 95
Trd, 2591563.313, 96
Trd, 2591564.113, 92
Trd, 2591566.079, 97
Trd, 2591566.546, 94
Trd, 2591566.563, 97
Trd, 2591567.146, 98
Trd, 2591567.246, 101
Trd, 2591567.463, 104
Trd, 2591567.813, 105
Trd, 2591568.679, 108
Trd, 2591569.763, 109
Trd, 2591570.479, 116
Trd, 2591570.846, 112
Trd, 2591571.246, 108
Trd, 2591571.879, 107
Trd, 2591572.413, 106
Trd, 2591572.763, 98
Trd, 2591574.529, 103
Trd, 2591575.079, 104
Trd, 2591575.946, 102
Trd, 2591576.179, 103
Trd, 2591576.746, 104
Trd, 2591576.913, 104
Trd, 2591577.329, 108
Trd, 2591577.963, 104
Trd, 2591578.713, 100
Trd, 2591578.896, 94
Trd, 2591578.979, 91
Trd, 2591579.213, 100
Trd, 2591581.013, 96
Trd, 2591581.379, 94
Trd, 2591581.579, 95
Trd, 2591581.696, 81
Trd, 2591582.229, 102
Trd, 2591582.946, 105
Trd, 2591583.329, 106
Trd, 2591583.729, 107
Trd, 2591584.713, 95
Trd, 2591585.463, 98
Trd, 2591585.846, 103
Trd, 2591586.429, 108
Trd, 2591587.063, 100
Trd, 2591587.913, 98
Trd, 2591588.179, 106
Trd, 2591588.763, 102
Trd, 2591589.263, 96
Trd, 2591589.579, 105
Trd, 2591590.829, 98
Trd, 2591591.329, 98
Trd, 2591591.779, 95
Trd, 2591592.013, 99
Trd, 2591592.446, 94
Trd, 2591593.279, 98
Trd, 2591594.613, 90
Trd, 2591595.329, 92
Trd, 2591595.763, 92
Trd, 2591595.896, 92
Trd, 2591596.063, 97
Trd, 2591596.096, 97
Trd, 2591598.329, 96
Trd, 2591598.396, 102
Trd, 2591598.779, 94
Trd, 2591598.796, 91
Trd, 2591599.913, 89
Trd, 2591601.413, 93
Trd, 2591601.546, 94
Trd, 2591602.479, 94
Trd, 2591603.446, 102
Trd, 2591603.996, 94
Trd, 2591605.113, 95
Trd, 2591605.179, 94
Trd, 2591605.929, 86
Trd, 2591606.296, 95
Trd, 2591606.579, 86
Trd, 2591606.729, 97
Trd, 2591608.579, 94
Trd, 2591608.979, 85
Trd, 2591609.563, 98
Trd, 2591609.846, 104
Trd, 2591610.013, 91
Trd, 2591610.646, 92
Trd, 2591610.896, 93
Trd, 2591612.129, 97
Trd, 2591612.213, 93
Trd, 2591613.446, 105
Trd, 2591614.279, 104
Trd, 2591614.346, 93
Trd, 2591614.863, 91
Trd, 2591615.313, 85
Trd, 2591615.796, 104
Trd, 2591615.929, 85
Trd, 2591616.396, 84
Trd, 2591616.896, 100
Trd, 2591617.029, 101
Trd, 2591617.696, 101
Trd, 2591619.246, 99
Trd, 2591621.613, 93
Trd, 2591622.146, 94
Trd, 2591622.496, 96
Trd, 2591622.646, 98
Trd, 2591623.079, 95
Trd, 2591624.129, 102
Trd, 2591624.646, 95
Trd, 2591626.179, 97
Trd, 2591626.663, 102
Trd, 2591626.746, 96
Trd, 2591627.696, 101
Trd, 2591628.546, 98
Trd, 2591629.263, 98
Trd, 2591629.329, 98
Trd, 2591629.446, 97
Trd, 2591629.946, 98
Trd, 2591629.979, 99
Trd, 2591630.346, 108
Trd, 2591631.229, 108
Trd, 2591631.779, 114
Trd, 2591632.063, 106
Trd, 2591633.179, 104
Trd, 2591633.246, 94
Trd, 2591634.513, 94
Trd, 2591635.196, 91
Trd, 2591636.079, 104
Trd, 2591636.546, 105
Trd, 2591636.913, 93
Trd, 2591637.063, 92
Trd, 2591638.063, 91
Trd, 2591638.829, 90
Trd, 2591639.163, 100
Trd, 2591640.179, 94
Trd, 2591640.613, 95
Trd, 2591641.479, 95
Trd, 2591642.313, 101
Trd, 2591643.113, 99
Trd, 2591643.246, 100
Trd, 2591644.613, 101
Trd, 2591644.963, 91
Trd, 2591645.179, 105
Trd, 2591645.713, 101
Trd, 2591645.796, 94
Trd, 2591645.863, 92
Trd, 2591646.396, 94
Trd, 2591646.546, 107
Trd, 2591647.679, 106
Trd, 2591648.763, 108
Trd, 2591649.729, 105
Trd, 2591649.779, 102
Trd, 2591649.813, 108
Trd, 2591649.829, 109
Trd, 2591650.913, 103
Trd, 2591651.096, 105
Trd, 2591652.179, 106
Trd, 2591652.629, 106
Trd, 2591652.879, 105
Trd, 2591653.296, 107
Trd, 2591655.996, 102
Trd, 2591656.213, 100
Trd, 2591656.629, 103
Trd, 2591656.713, 104
Trd, 2591656.863, 94
Trd, 2591658.013, 104
Trd, 2591658.129, 92
Trd, 2591659.029, 105
Trd, 2591659.896, 103
Trd, 2591660.663, 103
Trd, 2591661.413, 103
Trd, 2591661.763, 102
Trd, 2591661.929, 98
Trd, 2591662.063, 91
Trd, 2591662.696, 102
Trd, 2591662.813, 105
Trd, 2591663.696, 107
Trd, 2591664.296, 106
Trd, 2591664.829, 105
Trd, 2591665.479, 104
Trd, 2591666.146, 107
Trd, 2591666.363, 114
Trd, 2591668.463, 101
Trd, 2591669.096, 98
Trd, 2591669.196, 115
Trd, 2591669.546, 93
Trd, 2591671.563, 94
Trd, 2591672.313, 97
Trd, 2591672.929, 95
Trd, 2591673.063, 95
Trd, 2591673.196, 97
Trd, 2591673.663, 96
Trd, 2591673.929, 94
Trd, 2591674.479, 95
Trd, 2591674.896, 94
Trd, 2591675.329, 94
Trd, 2591675.696, 94
Trd, 2591676.379, 98
Trd, 2591676.579, 91
Trd, 2591676.746, 100
Trd, 2591676.963, 101
Trd, 2591677.229, 105
Trd, 2591677.313, 108
Trd, 2591678.379, 104
Trd, 2591680.196, 105
Trd, 2591680.513, 98
Trd, 2591681.629, 98
Trd, 2591681.863, 99
Trd, 2591682.046, 98
Trd, 2591682.113, 97
Trd, 2591684.146, 93
Trd, 2591684.363, 87
Trd, 2591686.063, 91
Trd, 2591686.246, 89
Trd, 2591686.296, 86
Trd, 2591687.763, 91
Trd, 2591688.746, 94
Trd, 2591689.196, 106
Trd, 2591689.446, 101
Trd, 2591689.596, 107
Trd, 2591690.013, 99
Trd, 2591691.646, 108
Trd, 2591692.046, 102
Trd, 2591692.563, 108
Trd, 2591694.846, 109
Trd, 2591695.079, 108
Trd, 2591695.113, 110
Trd, 2591695.196, 108
Trd, 2591695.896, 113
Trd, 2591696.179, 104
Trd, 2591696.313, 103
Trd, 2591697.596, 111
Trd, 2591699.529, 103
Trd, 2591699.713, 108
Trd, 2591700.046, 109
Trd, 2591700.613, 104
Trd, 2591701.329, 102
Trd, 2591701.496, 98
Trd, 2591701.796, 94
Trd, 2591702.246, 101
Trd, 2591702.579, 102
Trd, 2591703.329, 102
Trd, 2591703.813, 103
Trd, 2591703.879, 106
Trd, 2591703.946, 101
Trd, 2591704.929, 96
Trd, 2591705.029, 112
Trd, 2591705.396, 91
Trd, 2591707.613, 101
Trd, 2591708.713, 100
Trd, 2591708.829, 99
Trd, 2591709.046, 99
Trd, 2591709.129, 100
Trd, 2591709.596, 102
Trd, 2591709.846, 98
Trd, 2591712.129, 103
Trd, 2591712.596, 103
Trd, 2591712.696, 107
Trd, 2591712.746, 102
Trd, 2591713.096, 107
Trd, 2591713.229, 94
Trd, 2591713.763, 91
Trd, 2591714.729, 107
Trd, 2591715.129, 88
Trd, 2591715.329, 108
Trd, 2591716.346, 87
Trd, 2591717.263, 79
Trd, 2591719.163, 110
Trd, 2591719.413, 111
Trd, 2591719.663, 111
Trd, 2591719.813, 110
Trd, 2591720.263, 110
Trd, 2591720.479, 111
Trd, 2591721.363, 105
Trd, 2591722.046, 101
Trd, 2591722.579, 109
Trd, 2591723.246, 103
Trd, 2591724.446, 98
Trd, 2591724.513, 94
Trd, 2591724.663, 107
Trd, 2591726.429, 95
Trd, 2591726.596, 106
Trd, 2591726.963, 93
Trd, 2591727.279, 107
Trd, 2591727.996, 107
Trd, 2591728.213, 103
Trd, 2591728.246, 101
Trd, 2591729.579, 107
Trd, 2591729.629, 94
Trd, 2591731.329, 102
Trd, 2591732.479, 101
Trd, 2591733.879, 101
Trd, 2591734.146, 102
Trd, 2591734.413, 105
Trd, 2591735.279, 102
Trd, 2591735.413, 102
Trd, 2591736.196, 103
Trd, 2591736.579, 104
Trd, 2591736.663, 99
Trd, 2591736.996, 98
Trd, 2591737.496, 103
Trd, 2591737.579, 94
Trd, 2591737.679, 104
Trd, 2591738.096, 105
Trd, 2591742.363, 100
Trd, 2591742.613, 100
Trd, 2591742.729, 99
Trd, 2591743.146, 102
Trd, 2591743.246, 100
Trd, 2591743.946, 100
Trd, 2591744.646, 102
Trd, 2591745.913, 105
Trd, 2591746.679, 99
Trd, 2591746.879, 105
Trd, 2591747.396, 105
Trd, 2591748.079, 102
Trd, 2591748.379, 98
Trd, 2591748.796, 92
Trd, 2591749.029, 91
Trd, 2591749.463, 105
Trd, 2591750.079, 92
Trd, 2591751.063, 103
Trd, 2591751.813, 101
Trd, 2591753.696, 100
Trd, 2591753.913, 99
Trd, 2591754.163, 102
Trd, 2591754.813, 99
Trd, 2591755.413, 106
Trd, 2591755.863, 103
Trd, 2591756.196, 102
Trd, 2591756.763, 100
Trd, 2591757.479, 91
Trd, 2591758.529, 97
Trd, 2591759.713, 91
Trd, 2591760.029, 91
Trd, 2591760.163, 92
Trd, 2591761.463, 91
Trd, 2591761.629, 94
Trd, 2591762.029, 100
Trd, 2591762.063, 101
Trd, 2591762.613, 94
Trd, 2591762.863, 104
Trd, 2591763.313, 97
Trd, 2591765.246, 100
Trd, 2591766.313, 105
Trd, 2591766.546, 106
Trd, 2591766.646, 108
Trd, 2591766.829, 108
Trd, 2591767.746, 114
Trd, 2591768.829, 114
Trd, 2591769.113, 112
Trd, 2591770.546, 111
Trd, 2591770.879, 112
Trd, 2591770.963, 105
Trd, 2591771.729, 103
Trd, 2591772.596, 104
Trd, 2591773.313, 98
Trd, 2591773.979, 98
Trd, 2591774.179, 97
Trd, 2591774.246, 98
Trd, 2591774.479, 103
Trd, 2591775.813, 92
Trd, 2591775.846, 91
Trd, 2591776.429, 84
Trd, 2591776.546, 81
Trd, 2591777.529, 78
Trd, 2591778.013, 96
Trd, 2591778.413, 77
Trd, 2591779.779, 86
Trd, 2591780.079, 90
Trd, 2591782.046, 90
Trd, 2591783.379, 91
Trd, 2591783.529, 94
Trd, 2591783.546, 93
Trd, 2591784.429, 98
Trd, 2591784.696, 106
Trd, 2591785.496, 97
Trd, 2591786.246, 98
Trd, 2591786.629, 96
Trd, 2591786.929, 94
Trd, 2591786.963, 89
Trd, 2591787.846, 87
Trd, 2591788.346, 88
Trd, 2591788.946, 88
Trd, 2591789.313, 88
Trd, 2591789.696, 90
Trd, 2591789.913, 86
Trd, 2591790.496, 86
Trd, 2591790.996, 94
Trd, 2591793.013, 108
Trd, 2591793.246, 105
Trd, 2591793.263, 108
Trd, 2591793.813, 109
Trd, 2591794.329, 112
Trd, 2591794.729, 113
Trd, 2591795.146, 113
Trd, 2591795.679, 107
Trd, 2591796.613, 113
Trd, 2591797.796, 105
Trd, 2591799.546, 107
Trd, 2591800.463, 107
Trd, 2591801.379, 105
Trd, 2591801.846, 105
Trd, 2591801.963, 107
Trd, 2591802.263, 106
Trd, 2591802.613, 105
Trd, 2591802.696, 104
Trd, 2591802.729, 101
Trd, 2591802.779, 105
Trd, 2591803.296, 98
Trd, 2591803.746, 92
Trd, 2591804.063, 102
Trd, 2591805.279, 94
Trd, 2591805.979, 99
Trd, 2591806.396, 99
Trd, 2591807.296, 100
Trd, 2591808.496, 101
Trd, 2591809.479, 94
Trd, 2591809.729, 95
Trd, 2591810.246, 91
Trd, 2591811.446, 99
Trd, 2591811.463, 101
Trd, 2591811.963, 88
Trd, 2591812.279, 87
Trd, 2591813.246, 102
Trd, 2591813.946, 109
Trd, 2591813.996, 108
Trd, 2591814.213, 107
Trd, 2591815.713, 101
Trd, 2591815.946, 100
Trd, 2591816.079, 99
Trd, 2591816.529, 98
Trd, 2591816.963, 97
Trd, 2591817.029, 98
Trd, 2591817.796, 89
Trd, 2591818.446, 104
Trd, 2591820.196, 90
Trd, 2591821.213, 91
Trd, 2591821.513, 87
Trd, 2591822.079, 95
Trd, 2591823.479, 94
Trd, 2591823.546, 98
Trd, 2591823.929, 93
Trd, 2591824.329, 102
Trd, 2591824.346, 92
Trd, 2591824.713, 91
Trd, 2591825.096, 101
Trd, 2591825.579, 89
Trd, 2591825.746, 106
Trd, 2591826.879, 105
Trd, 2591827.979, 93
Trd, 2591828.529, 105
Trd, 2591831.796, 95
Trd, 2591832.113, 94
Trd, 2591832.129, 101
Trd, 2591832.246, 103
Trd, 2591832.579, 104
Trd, 2591833.596, 102
Trd, 2591834.163, 103
Trd, 2591834.946, 105
Trd, 2591836.079, 107
Trd, 2591836.763, 108
Trd, 2591836.813, 106
Trd, 2591836.963, 105
Trd, 2591837.913, 105
Trd, 2591837.996, 100
Trd, 2591838.363, 113
Trd, 2591838.546, 110
Trd, 2591838.813, 115
Trd, 2591839.563, 108
Trd, 2591840.863, 106
Trd, 2591842.879, 109
Trd, 2591843.196, 108
Trd, 2591843.746, 101
Trd, 2591844.546, 101
Trd, 2591844.846, 100
Trd, 2591845.529, 98
Trd, 2591846.063, 99
Trd, 2591846.479, 94
Trd, 2591846.646, 99
Trd, 2591847.113, 91
Trd, 2591847.163, 99
Trd, 2591847.779, 107
Trd, 2591847.979, 106
Trd, 2591848.229, 89
Trd, 2591849.363, 106
Trd, 2591850.346, 99
Trd, 2591851.663, 97
Trd, 2591852.313, 95
Trd, 2591852.746, 96
Trd, 2591852.879, 98
Trd, 2591853.113, 104
Trd, 2591853.279, 94
Trd, 2591854.246, 106
Trd, 2591855.529, 100
Trd, 2591856.046, 100
Trd, 2591856.396, 101
Trd, 2591856.646, 102
Trd, 2591857.529, 108
Trd, 2591857.813, 98
Trd, 2591859.029, 104
Trd, 2591860.246, 99
Trd, 2591860.396, 98
Trd, 2591861.763, 99
Trd, 2591863.163, 95
Trd, 2591863.829, 105
Trd, 2591864.296, 102
Trd, 2591864.629, 103
Trd, 2591864.879, 102
Trd, 2591864.929, 103
Trd, 2591865.463, 101
Trd, 2591865.646, 101
Trd, 2591866.196, 94
Trd, 2591866.213, 91
Trd, 2591867.563, 87
Trd, 2591867.813, 97
Trd, 2591868.729, 97
Trd, 2591869.113, 83
Trd, 2591871.163, 94
Trd, 2591871.529, 97
Trd, 2591871.979, 98
Trd, 2591872.013, 94
Trd, 2591872.246, 102
Trd, 2591873.296, 100
Trd, 2591874.029, 98
Trd, 2591874.546, 99
Trd, 2591876.129, 102
Trd, 2591876.213, 100
Trd, 2591877.313, 101
Trd, 2591877.379, 102
Trd, 2591878.546, 107
Trd, 2591878.563, 106
Trd, 2591879.079, 104
Trd, 2591879.279, 104
Trd, 2591879.396, 98
Trd, 2591881.363, 102
Trd, 2591881.529, 102
Trd, 2591881.563, 99
Trd, 2591881.863, 91
Trd, 2591882.813, 91
Trd, 2591883.079, 108
Trd, 2591885.429, 98
Trd, 2591885.729, 99
Trd, 2591886.046, 100
Trd, 2591886.129, 96
Trd, 2591887.646, 100
Trd, 2591888.646, 101
Trd, 2591888.896, 93
Trd, 2591889.913, 99
Trd, 2591889.946, 97
Trd, 2591891.329, 101
Trd, 2591891.546, 101
Trd, 2591891.729, 101
Trd, 2591892.246, 105
Trd, 2591892.446, 102
Trd, 2591892.796, 104
Trd, 2591892.963, 101
Trd, 2591893.479, 100
Trd, 2591893.713, 98
Trd, 2591894.279, 91
Trd, 2591894.896, 97
Trd, 2591895.229, 98
Trd, 2591896.229, 96
Trd, 2591896.446, 85
Trd, 2591896.596, 95
Trd, 2591896.963, 96
Trd, 2591897.063, 86
Trd, 2591897.179, 85
Trd, 2591899.079, 85
Trd, 2591899.579, 84
Trd, 2591899.713, 92
Trd, 2591901.496, 94
Trd, 2591903.763, 101
Trd, 2591904.479, 105
Trd, 2591904.829, 101
Trd, 2591905.513, 103
Trd, 2591905.913, 105
Trd, 2591906.313, 104
Trd, 2591906.579, 106
Trd, 2591907.896, 103
Trd, 2591908.679, 108
Trd, 2591909.029, 109
Trd, 2591909.063, 105
Trd, 2591909.413, 108
Trd, 2591909.946, 92
Trd, 2591910.463, 87
Trd, 2591911.663, 86
Trd, 2591911.796, 86
Trd, 2591912.346, 88
Trd, 2591913.213, 106
Trd, 2591914.046, 99
Trd, 2591914.429, 111
Trd, 2591914.796, 100
Trd, 2591915.963, 101
Trd, 2591916.496, 102
Trd, 2591916.529, 104
Trd, 2591916.779, 110
Trd, 2591916.863, 115
Trd, 2591919.213, 106
Trd, 2591919.629, 105
Trd, 2591919.646, 105
Trd, 2591919.879, 105
Trd, 2591920.363, 104
Trd, 2591920.829, 101
Trd, 2591921.479, 99
Trd, 2591923.179, 101
Trd, 2591924.363, 102
Trd, 2591924.496, 104
Trd, 2591925.146, 106
Trd, 2591925.363, 105
Trd, 2591925.913, 105
Trd, 2591926.213, 107
Trd, 2591926.446, 99
Trd, 2591927.963, 107
Trd, 2591929.096, 99
Trd, 2591930.963, 101
Trd, 2591931.279, 101
Trd, 2591931.296, 100
Trd, 2591931.746, 101
Trd, 2591933.179, 98
Trd, 2591933.263, 94
Trd, 2591934.096, 91
Trd, 2591934.779, 98
Trd, 2591935.046, 105
Trd, 2591935.479, 107
Trd, 2591936.429, 106
Trd, 2591936.929, 106
Trd, 2591937.146, 105
Trd, 2591938.696, 102
Trd, 2591938.746, 100
Trd, 2591939.129, 100
Trd, 2591940.246, 97
Trd, 2591940.629, 98
Trd, 2591940.746, 96
Trd, 2591941.113, 98
Trd, 2591942.963, 91
Trd, 2591943.613, 89
Trd, 2591944.113, 89
Trd, 2591944.629, 89
Trd, 2591944.713, 103
Trd, 2591945.346, 88
Trd, 2591946.729, 101
Trd, 2591947.213, 96
Trd, 2591947.746, 102
Trd, 2591948.029, 92
Trd, 2591948.846, 83
Trd, 2591949.179, 108
Trd, 2591950.529, 110
Trd, 2591950.696, 107
Trd, 2591951.713, 100
Trd, 2591951.829, 85
Trd, 2591952.879, 101
Trd, 2591953.713, 89
Trd, 2591954.346, 98
Trd, 2591955.063, 93
Trd, 2591955.179, 92
Trd, 2591955.213, 93
Trd, 2591955.679, 91
Trd, 2591955.779, 92
Trd, 2591956.496, 94
Trd, 2591956.529, 95
Trd, 2591957.429, 98
Trd, 2591958.796, 100
Trd, 2591959.563, 96
Trd, 2591959.929, 99
Trd, 2591960.129, 97
Trd, 2591960.913, 98
Trd, 2591961.313, 96
Trd, 2591962.046, 96
Trd, 2591962.579, 96
Trd, 2591962.596, 94
Trd, 2591963.496, 95
Trd, 2591963.846, 91
Trd, 2591964.129, 92
Trd, 2591964.346, 91
Trd, 2591964.479, 87
Trd, 2591964.596, 84
Trd, 2591964.663, 95
Trd, 2591965.913, 97
Trd, 2591966.396, 101
Trd, 2591966.429, 86
Trd, 2591967.446, 88
Trd, 2591967.929, 98
Trd, 2591968.696, 101
Trd, 2591969.063, 95
Trd, 2591970.946, 100
Trd, 2591971.079, 101
Trd, 2591971.579, 101
Trd, 2591973.129, 101
Trd, 2591974.846, 102
Trd, 2591975.446, 104
Trd, 2591976.446, 105
Trd, 2591976.629, 104
Trd, 2591977.313, 100
Trd, 2591977.679, 108
Trd, 2591978.229, 108
Trd, 2591978.729, 108
Trd, 2591979.213, 105
Trd, 2591980.096, 103
Trd, 2591982.279, 105
Trd, 2591982.763, 107
Trd, 2591982.846, 108
Trd, 2591983.179, 106
Trd, 2591983.696, 107
Trd, 2591984.363, 107
Trd, 2591985.263, 103
Trd, 2591985.846, 102
Trd, 2591986.029, 104
Trd, 2591986.813, 108
Trd, 2591987.146, 111
Trd, 2591989.529, 110
Trd, 2591989.779, 110
Trd, 2591990.096, 109
Trd, 2591990.263, 110
Trd, 2591990.746, 109
Trd, 2591991.029, 108
Trd, 2591991.546, 102
Trd, 2591992.046, 108
Trd, 2591992.446, 109
Trd, 2591992.463, 101
Trd, 2591992.596, 98
Trd, 2591994.563, 95
Trd, 2591994.879, 96
Trd, 2591995.079, 94
Trd, 2591996.196, 97
Trd, 2591996.213, 91
Trd, 2591996.313, 87
Trd, 2591997.146, 96
Trd, 2591998.079, 95
Trd, 2591999.529, 84
