Trd, 2590677.979, 95
Trd, 2590678.863, 96
Trd, 2590679.646, 97
Trd, 2590679.896, 92
Trd, 2590680.296, 91
Trd, 2590682.013, 92
Trd, 2590682.946, 91
Trd, 2590684.279, 92
Trd, 2590685.596, 95
Trd, 2590685.979, 104
Trd, 2590686.779, 100
Trd, 2590686.813, 99
Trd, 2590688.613, 106
Trd, 2590688.696, 107
Trd, 2590689.029, 105
Trd, 2590689.613, 107
Trd, 2590689.913, 107
Trd, 2590690.229, 104
Trd, 2590690.496, 108
Trd, 2590692.413, 117
Trd, 2590693.329, 106
Trd, 2590693.646, 110
Trd, 2590694.129, 108
Trd, 2590694.196, 107
Trd, 2590694.346, 106
Trd, 2590694.996, 101
Trd, 2590695.579, 100
Trd, 2590695.613, 98
Trd, 2590696.463, 96
Trd, 2590696.779, 95
Trd, 2590697.696, 102
Trd, 2590698.213, 98
Trd, 2590700.046, 101
Trd, 2590700.279, 101
Trd, 2590700.463, 100
Trd, 2590700.663, 101
Trd, 2590701.329, 94
Trd, 2590701.563, 101
Trd, 2590702.146, 105
Trd, 2590703.096, 103
Trd, 2590704.146, 95
Trd, 2590704.229, 96
Trd, 2590705.313, 99
Trd, 2590706.746, 101
Trd, 2590707.013, 107
Trd, 2590708.596, 106
Trd, 2590708.713, 105
Trd, 2590708.746, 104
Trd, 2590710.246, 99
Trd, 2590710.313, 104
Trd, 2590711.696, 101
Trd, 2590712.146, 101
Trd, 2590712.463, 98
Trd, 2590714.063, 96
Trd, 2590714.196, 95
Trd, 2590714.246, 97
Trd, 2590714.979, 96
Trd, 2590716.763, 97
Trd, 2590717.996, 96
Trd, 2590718.546, 95
Trd, 2590719.113, 97
Trd, 2590719.813, 99
Trd, 2590720.446, 101
Trd, 2590721.646, 103
Trd, 2590721.913, 102
Trd, 2590722.496, 94
Trd, 2590724.696, 98
Trd, 2590724.729, 96
Trd, 2590725.129, 96
Trd, 2590725.446, 96
Trd, 2590725.579, 91
Trd, 2590727.046, 95
Trd, 2590727.279, 94
Trd, 2590728.046, 96
Trd, 2590728.429, 94
Trd, 2590728.446, 93
Trd, 2590729.279, 96
Trd, 2590729.663, 92
Trd, 2590729.913, 97
Trd, 2590730.463, 99
Trd, 2590732.413, 96
Trd, 2590732.879, 96
Trd, 2590733.463, 103
Trd, 2590733.746, 102
Trd, 2590734.896, 101
Trd, 2590735.029, 105
Trd, 2590735.163, 106
Trd, 2590735.729, 108
Trd, 2590736.063, 103
Trd, 2590737.113, 113
Trd, 2590737.313, 114
Trd, 2590737.796, 114
Trd, 2590738.313, 116
Trd, 2590738.479, 115
Trd, 2590739.379, 106
Trd, 2590740.013, 116
Trd, 2590741.696, 98
Trd, 2590741.796, 107
Trd, 2590743.013, 98
Trd, 2590743.179, 97
Trd, 2590743.546, 94
Trd, 2590744.296, 94
Trd, 2590744.846, 94
Trd, 2590745.713, 95
Trd, 2590746.179, 96
Trd, 2590746.463, 100
Trd, 2590747.079, 96
Trd, 2590747.729, 99
Trd, 2590748.063, 91
Trd, 2590749.663, 97
Trd, 2590749.979, 98
Trd, 2590750.413, 99
Trd, 2590750.563, 100
Trd, 2590750.746, 100
Trd, 2590751.163, 99
Trd, 2590752.963, 95
Trd, 2590753.029, 100
Trd, 2590753.079, 102
Trd, 2590753.779, 98
Trd, 2590754.496, 104
Trd, 2590754.729, 103
Trd, 2590755.196, 105
Trd, 2590755.629, 106
Trd, 2590755.696, 106
Trd, 2590756.179, 105
Trd, 2590756.313, 104
Trd, 2590756.429, 97
Trd, 2590759.413, 100
Trd, 2590759.496, 94
Trd, 2590759.863, 91
Trd, 2590759.913, 101
Trd, 2590762.229, 99
Trd, 2590763.729, 99
Trd, 2590764.379, 94
Trd, 2590764.463, 95
Trd, 2590765.679, 98
Trd, 2590765.846, 99
Trd, 2590765.863, 98
Trd, 2590765.946, 97
Trd, 2590766.346, 97
Trd, 2590766.463, 94
Trd, 2590766.796, 102
Trd, 2590767.029, 91
Trd, 2590768.863, 104
Trd, 2590769.346, 97
Trd, 2590769.663, 102
Trd, 2590770.829, 100
Trd, 2590772.079, 103
Trd, 2590772.496, 103
Trd, 2590772.563, 91
Trd, 2590773.613, 92
Trd, 2590774.713, 101
Trd, 2590775.229, 100
Trd, 2590775.279, 99
Trd, 2590775.713, 99
Trd, 2590776.946, 101
Trd, 2590777.079, 99
Trd, 2590778.263, 98
Trd, 2590778.696, 100
Trd, 2590778.829, 101
Trd, 2590780.029, 104
Trd, 2590781.346, 104
Trd, 2590782.613, 105
Trd, 2590782.746, 105
Trd, 2590782.796, 104
Trd, 2590783.179, 103
Trd, 2590783.596, 100
Trd, 2590783.696, 94
Trd, 2590786.863, 98
Trd, 2590787.196, 97
Trd, 2590787.213, 96
Trd, 2590787.963, 98
Trd, 2590788.663, 100
Trd, 2590789.396, 104
Trd, 2590789.463, 104
Trd, 2590789.863, 102
Trd, 2590790.729, 104
Trd, 2590791.146, 103
Trd, 2590791.579, 103
Trd, 2590792.196, 101
Trd, 2590792.729, 105
Trd, 2590793.613, 104
Trd, 2590794.263, 104
Trd, 2590794.579, 103
Trd, 2590794.613, 102
Trd, 2590795.379, 100
Trd, 2590796.329, 100
Trd, 2590796.929, 99
Trd, 2590797.696, 98
Trd, 2590798.729, 97
Trd, 2590799.013, 98
Trd, 2590799.829, 100
Trd, 2590800.063, 98
Trd, 2590801.446, 99
Trd, 2590802.229, 101
Trd, 2590802.429, 101
Trd, 2590802.779, 100
Trd, 2590803.179, 100
Trd, 2590803.779, 104
Trd, 2590804.213, 100
Trd, 2590805.613, 104
Trd, 2590805.779, 103
Trd, 2590805.963, 100
Trd, 2590808.663, 102
Trd, 2590808.979, 103
Trd, 2590809.846, 102
Trd, 2590810.046, 103
Trd, 2590810.313, 98
Trd, 2590810.579, 105
Trd, 2590810.813, 94
Trd, 2590811.529, 88
Trd, 2590812.179, 89
Trd, 2590812.746, 102
Trd, 2590814.029, 99
Trd, 2590814.746, 93
Trd, 2590815.529, 92
Trd, 2590815.946, 91
Trd, 2590816.046, 100
Trd, 2590817.796, 100
Trd, 2590818.063, 100
Trd, 2590818.113, 102
Trd, 2590819.196, 102
Trd, 2590819.746, 102
Trd, 2590819.829, 101
Trd, 2590820.229, 100
Trd, 2590820.546, 98
Trd, 2590822.879, 92
Trd, 2590823.346, 92
Trd, 2590823.463, 93
Trd, 2590824.479, 97
Trd, 2590825.113, 94
Trd, 2590825.296, 94
Trd, 2590826.329, 92
Trd, 2590826.613, 87
Trd, 2590827.363, 92
Trd, 2590828.563, 89
Trd, 2590828.579, 88
Trd, 2590829.163, 90
Trd, 2590829.429, 87
Trd, 2590829.963, 91
Trd, 2590830.213, 102
Trd, 2590830.796, 90
Trd, 2590831.046, 96
Trd, 2590831.246, 92
Trd, 2590831.496, 91
Trd, 2590832.146, 97
Trd, 2590832.379, 99
Trd, 2590832.396, 92
Trd, 2590833.513, 95
Trd, 2590833.746, 101
Trd, 2590836.029, 101
Trd, 2590836.613, 103
Trd, 2590836.896, 105
Trd, 2590837.579, 106
Trd, 2590837.679, 103
Trd, 2590839.096, 105
Trd, 2590839.746, 104
Trd, 2590839.946, 103
Trd, 2590840.213, 102
Trd, 2590840.896, 103
Trd, 2590841.446, 102
Trd, 2590842.596, 106
Trd, 2590842.996, 108
Trd, 2590843.196, 107
Trd, 2590843.546, 105
Trd, 2590843.846, 112
Trd, 2590844.396, 101
Trd, 2590844.446, 94
Trd, 2590846.146, 99
Trd, 2590846.746, 109
Trd, 2590847.813, 108
Trd, 2590848.546, 105
Trd, 2590848.879, 97
Trd, 2590850.696, 94
Trd, 2590850.829, 93
Trd, 2590851.229, 94
Trd, 2590851.396, 93
Trd, 2590851.829, 92
Trd, 2590851.979, 91
Trd, 2590852.679, 90
Trd, 2590853.029, 91
Trd, 2590853.713, 103
Trd, 2590853.846, 89
Trd, 2590854.229, 89
Trd, 2590855.379, 106
Trd, 2590856.063, 108
Trd, 2590858.963, 107
Trd, 2590858.979, 106
Trd, 2590859.546, 106
Trd, 2590859.879, 104
Trd, 2590860.379, 103
Trd, 2590861.346, 101
Trd, 2590861.529, 101
Trd, 2590862.013, 99
Trd, 2590862.429, 99
Trd, 2590862.513, 99
Trd, 2590862.979, 101
Trd, 2590863.429, 101
Trd, 2590863.979, 101
Trd, 2590864.713, 102
Trd, 2590865.096, 103
Trd, 2590866.829, 100
Trd, 2590867.513, 99
Trd, 2590869.413, 94
Trd, 2590870.296, 89
Trd, 2590870.679, 88
Trd, 2590871.346, 88
Trd, 2590871.513, 88
Trd, 2590871.646, 90
Trd, 2590873.746, 93
Trd, 2590874.479, 94
Trd, 2590874.496, 94
Trd, 2590875.629, 96
Trd, 2590875.996, 99
Trd, 2590876.063, 97
Trd, 2590876.879, 98
Trd, 2590877.213, 99
Trd, 2590877.363, 105
Trd, 2590878.596, 95
Trd, 2590879.446, 104
Trd, 2590879.613, 103
Trd, 2590879.696, 102
Trd, 2590879.796, 102
Trd, 2590880.779, 102
Trd, 2590882.013, 102
Trd, 2590883.113, 102
Trd, 2590883.263, 102
Trd, 2590883.429, 101
Trd, 2590884.679, 93
Trd, 2590885.746, 91
Trd, 2590886.096, 91
Trd, 2590887.113, 90
Trd, 2590887.663, 90
Trd, 2590888.279, 91
Trd, 2590888.513, 105
Trd, 2590888.629, 91
Trd, 2590889.646, 99
Trd, 2590889.946, 99
Trd, 2590890.496, 102
Trd, 2590891.429, 107
Trd, 2590891.529, 106
Trd, 2590891.613, 100
Trd, 2590891.646, 99
Trd, 2590892.413, 102
Trd, 2590893.379, 93
Trd, 2590893.829, 92
Trd, 2590895.479, 92
Trd, 2590895.779, 96
Trd, 2590896.029, 95
Trd, 2590896.463, 95
Trd, 2590896.696, 94
Trd, 2590897.329, 101
Trd, 2590897.646, 95
Trd, 2590899.496, 101
Trd, 2590900.213, 97
Trd, 2590900.513, 110
Trd, 2590901.013, 111
Trd, 2590901.379, 104
Trd, 2590902.296, 105
Trd, 2590902.846, 105
Trd, 2590903.796, 107
Trd, 2590904.096, 106
Trd, 2590904.629, 108
Trd, 2590904.679, 107
Trd, 2590905.129, 101
Trd, 2590906.746, 106
Trd, 2590906.963, 108
Trd, 2590907.979, 93
Trd, 2590908.679, 102
Trd, 2590908.846, 94
Trd, 2590909.013, 92
Trd, 2590911.129, 104
Trd, 2590911.146, 103
Trd, 2590912.013, 96
Trd, 2590912.596, 105
Trd, 2590915.229, 107
Trd, 2590915.579, 108
Trd, 2590915.596, 107
Trd, 2590916.246, 107
Trd, 2590916.613, 108
Trd, 2590916.796, 105
Trd, 2590917.196, 94
Trd, 2590919.379, 96
Trd, 2590919.746, 98
Trd, 2590919.863, 98
Trd, 2590920.979, 95
Trd, 2590921.179, 94
Trd, 2590921.829, 92
Trd, 2590922.196, 92
Trd, 2590922.913, 93
Trd, 2590924.029, 92
Trd, 2590924.546, 98
Trd, 2590924.813, 92
Trd, 2590925.629, 94
Trd, 2590925.646, 95
Trd, 2590926.146, 95
Trd, 2590926.563, 95
Trd, 2590926.713, 94
Trd, 2590927.113, 92
Trd, 2590928.846, 93
Trd, 2590929.646, 98
Trd, 2590931.363, 99
Trd, 2590931.796, 102
Trd, 2590933.446, 103
Trd, 2590934.079, 101
Trd, 2590934.479, 101
Trd, 2590934.763, 102
Trd, 2590934.813, 101
Trd, 2590935.913, 103
Trd, 2590935.979, 102
Trd, 2590936.363, 105
Trd, 2590937.279, 102
Trd, 2590937.413, 101
Trd, 2590938.079, 98
Trd, 2590938.879, 98
Trd, 2590939.596, 93
Trd, 2590940.129, 92
Trd, 2590942.096, 96
Trd, 2590942.496, 95
Trd, 2590943.113, 97
Trd, 2590943.529, 105
Trd, 2590944.563, 94
Trd, 2590944.863, 94
Trd, 2590944.896, 93
Trd, 2590946.029, 105
Trd, 2590946.296, 99
Trd, 2590947.229, 99
Trd, 2590947.379, 100
Trd, 2590948.146, 100
Trd, 2590950.163, 96
Trd, 2590950.629, 97
Trd, 2590950.779, 96
Trd, 2590950.829, 95
Trd, 2590951.213, 102
Trd, 2590951.396, 94
Trd, 2590951.446, 103
Trd, 2590952.363, 91
Trd, 2590953.146, 92
Trd, 2590953.646, 93
Trd, 2590953.896, 91
Trd, 2590954.646, 100
Trd, 2590955.046, 101
Trd, 2590955.479, 96
Trd, 2590956.146, 102
Trd, 2590956.346, 104
Trd, 2590956.979, 105
Trd, 2590956.996, 104
Trd, 2590958.146, 106
Trd, 2590959.829, 110
Trd, 2590961.046, 114
Trd, 2590962.096, 110
Trd, 2590963.163, 109
Trd, 2590963.629, 112
Trd, 2590964.213, 111
Trd, 2590964.296, 113
Trd, 2590964.513, 112
Trd, 2590965.063, 105
Trd, 2590966.063, 99
Trd, 2590966.379, 98
Trd, 2590967.396, 106
Trd, 2590968.246, 101
Trd, 2590969.446, 95
Trd, 2590969.879, 95
Trd, 2590970.213, 94
Trd, 2590970.579, 93
Trd, 2590970.963, 93
Trd, 2590971.429, 93
Trd, 2590972.013, 92
Trd, 2590973.113, 92
Trd, 2590973.379, 94
Trd, 2590973.946, 92
Trd, 2590974.229, 100
Trd, 2590974.779, 93
Trd, 2590974.946, 104
Trd, 2590975.329, 108
Trd, 2590975.579, 91
Trd, 2590977.763, 88
Trd, 2590979.346, 90
Trd, 2590979.829, 88
Trd, 2590980.029, 91
Trd, 2590981.613, 90
Trd, 2590981.913, 92
Trd, 2590982.346, 92
Trd, 2590983.363, 95
Trd, 2590984.463, 97
Trd, 2590984.913, 98
Trd, 2590985.163, 99
Trd, 2590986.029, 98
Trd, 2590986.246, 99
Trd, 2590986.729, 104
Trd, 2590987.446, 102
Trd, 2590989.496, 100
Trd, 2590989.863, 104
Trd, 2590990.496, 105
Trd, 2590990.829, 105
Trd, 2590991.329, 106
Trd, 2590992.279, 99
Trd, 2590992.346, 108
Trd, 2590992.496, 99
Trd, 2590992.529, 94
Trd, 2590994.129, 95
Trd, 2590994.496, 95
Trd, 2590994.563, 94
Trd, 2590994.663, 94
Trd, 2590995.263, 92
Trd, 2590995.979, 96
Trd, 2590996.896, 93
Trd, 2590998.429, 98
Trd, 2590998.479, 99
Trd, 2590999.929, 101
Trd, 2591000.246, 100
Trd, 2591000.913, 102
Trd, 2591001.046, 100
Trd, 2591002.479, 100
Trd, 2591002.596, 99
Trd, 2591002.879, 97
Trd, 2591003.379, 93
Trd, 2591003.563, 93
Trd, 2591004.013, 92
Trd, 2591004.196, 92
Trd, 2591004.313, 90
Trd, 2591005.579, 91
Trd, 2591006.179, 95
Trd, 2591006.613, 94
Trd, 2591007.896, 95
Trd, 2591008.263, 92
Trd, 2591008.679, 95
Trd, 2591010.663, 103
Trd, 2591011.279, 98
Trd, 2591012.396, 104
Trd, 2591012.646, 103
Trd, 2591013.079, 104
Trd, 2591013.179, 94
Trd, 2591015.596, 98
Trd, 2591016.413, 101
Trd, 2591017.529, 103
Trd, 2591017.646, 102
Trd, 2591017.729, 102
Trd, 2591018.629, 104
Trd, 2591018.829, 105
Trd, 2591019.379, 101
Trd, 2591019.579, 91
Trd, 2591020.229, 99
Trd, 2591020.729, 101
Trd, 2591021.463, 91
Trd, 2591023.313, 96
Trd, 2591024.146, 98
Trd, 2591024.446, 97
Trd, 2591025.813, 96
Trd, 2591026.213, 98
Trd, 2591026.396, 100
Trd, 2591026.746, 102
Trd, 2591026.813, 99
Trd, 2591027.129, 107
Trd, 2591027.529, 96
Trd, 2591028.979, 106
Trd, 2591029.129, 107
Trd, 2591029.679, 98
Trd, 2591029.879, 99
Trd, 2591030.163, 98
Trd, 2591030.979, 100
Trd, 2591031.613, 100
Trd, 2591031.929, 100
Trd, 2591033.146, 101
Trd, 2591033.663, 100
Trd, 2591036.796, 106
Trd, 2591037.113, 106
Trd, 2591037.479, 106
Trd, 2591037.696, 106
Trd, 2591039.329, 102
Trd, 2591039.829, 102
Trd, 2591039.963, 102
Trd, 2591040.596, 102
Trd, 2591040.629, 101
Trd, 2591040.979, 104
Trd, 2591041.196, 99
Trd, 2591042.979, 99
Trd, 2591043.863, 98
Trd, 2591044.479, 98
Trd, 2591045.029, 99
Trd, 2591047.179, 105
Trd, 2591047.546, 101
Trd, 2591047.896, 100
Trd, 2591048.413, 99
Trd, 2591048.663, 107
Trd, 2591048.863, 98
Trd, 2591048.929, 108
Trd, 2591050.246, 102
Trd, 2591050.496, 106
Trd, 2591050.596, 101
Trd, 2591050.829, 100
Trd, 2591050.846, 108
Trd, 2591051.779, 95
Trd, 2591052.996, 98
Trd, 2591053.279, 99
Trd, 2591054.379, 103
Trd, 2591054.613, 102
Trd, 2591055.013, 102
Trd, 2591055.913, 101
Trd, 2591056.729, 96
Trd, 2591057.379, 96
Trd, 2591058.379, 96
Trd, 2591058.779, 94
Trd, 2591059.029, 96
Trd, 2591059.246, 93
Trd, 2591060.629, 100
Trd, 2591061.213, 99
Trd, 2591061.829, 100
Trd, 2591061.996, 100
Trd, 2591062.496, 92
Trd, 2591063.746, 100
Trd, 2591064.629, 105
Trd, 2591065.213, 102
Trd, 2591065.696, 102
Trd, 2591065.946, 103
Trd, 2591066.129, 101
Trd, 2591067.096, 102
Trd, 2591067.413, 102
Trd, 2591067.946, 100
Trd, 2591068.396, 99
Trd, 2591068.713, 99
Trd, 2591069.929, 98
Trd, 2591070.213, 94
Trd, 2591070.246, 101
Trd, 2591071.379, 106
Trd, 2591074.163, 93
Trd, 2591074.996, 94
Trd, 2591075.729, 95
Trd, 2591076.613, 96
Trd, 2591077.579, 105
Trd, 2591078.029, 101
Trd, 2591078.479, 106
Trd, 2591079.163, 104
Trd, 2591079.296, 104
Trd, 2591079.463, 105
Trd, 2591080.446, 103
Trd, 2591080.896, 102
Trd, 2591080.929, 101
Trd, 2591081.679, 98
Trd, 2591082.896, 96
Trd, 2591083.979, 99
Trd, 2591084.713, 98
Trd, 2591086.279, 98
Trd, 2591086.496, 97
Trd, 2591086.896, 96
Trd, 2591087.763, 95
Trd, 2591088.263, 95
Trd, 2591089.379, 95
Trd, 2591090.079, 95
Trd, 2591090.946, 93
Trd, 2591090.963, 94
Trd, 2591092.296, 96
Trd, 2591093.163, 100
Trd, 2591093.863, 98
Trd, 2591094.063, 97
Trd, 2591095.063, 97
Trd, 2591095.413, 98
Trd, 2591096.329, 99
Trd, 2591096.629, 98
Trd, 2591097.313, 96
Trd, 2591097.629, 95
Trd, 2591097.679, 97
Trd, 2591097.879, 98
Trd, 2591099.296, 95
Trd, 2591099.679, 95
Trd, 2591100.646, 98
Trd, 2591100.896, 97
Trd, 2591101.879, 96
Trd, 2591102.396, 96
Trd, 2591103.463, 100
Trd, 2591103.513, 100
Trd, 2591104.096, 100
Trd, 2591104.546, 100
Trd, 2591104.813, 99
Trd, 2591105.763, 92
Trd, 2591106.179, 97
Trd, 2591106.963, 98
Trd, 2591108.013, 98
Trd, 2591108.113, 98
Trd, 2591108.679, 96
Trd, 2591108.829, 98
Trd, 2591110.096, 101
Trd, 2591110.629, 97
Trd, 2591112.263, 96
Trd, 2591112.829, 93
Trd, 2591114.496, 97
Trd, 2591114.513, 99
Trd, 2591115.096, 101
Trd, 2591115.946, 102
Trd, 2591116.429, 102
Trd, 2591116.729, 103
Trd, 2591116.913, 101
Trd, 2591117.146, 101
Trd, 2591118.479, 102
Trd, 2591119.863, 101
Trd, 2591120.763, 99
Trd, 2591120.929, 100
Trd, 2591121.363, 98
Trd, 2591121.763, 98
Trd, 2591121.829, 87
Trd, 2591123.129, 87
Trd, 2591123.979, 87
Trd, 2591124.079, 87
Trd, 2591124.429, 88
Trd, 2591125.563, 92
Trd, 2591125.946, 103
Trd, 2591127.346, 94
Trd, 2591127.763, 91
Trd, 2591128.463, 92
Trd, 2591129.413, 91
Trd, 2591130.796, 96
Trd, 2591130.896, 94
Trd, 2591130.946, 93
Trd, 2591131.396, 97
Trd, 2591131.613, 95
Trd, 2591132.979, 103
Trd, 2591133.396, 104
Trd, 2591133.929, 103
Trd, 2591135.063, 105
Trd, 2591135.146, 104
Trd, 2591136.046, 106
Trd, 2591136.313, 108
Trd, 2591137.179, 110
Trd, 2591137.413, 110
Trd, 2591139.079, 110
Trd, 2591139.629, 108
Trd, 2591139.663, 106
Trd, 2591140.313, 105
Trd, 2591141.413, 102
Trd, 2591142.446, 102
Trd, 2591142.763, 101
Trd, 2591142.996, 102
Trd, 2591143.096, 103
Trd, 2591143.179, 98
Trd, 2591143.296, 94
Trd, 2591143.929, 95
Trd, 2591144.279, 94
Trd, 2591144.396, 103
Trd, 2591146.663, 100
Trd, 2591147.496, 101
Trd, 2591147.746, 101
Trd, 2591148.679, 103
Trd, 2591149.013, 103
Trd, 2591149.363, 101
Trd, 2591150.163, 105
Trd, 2591150.629, 102
Trd, 2591151.046, 103
Trd, 2591152.929, 101
Trd, 2591153.029, 100
Trd, 2591153.696, 100
Trd, 2591153.729, 108
Trd, 2591153.979, 99
Trd, 2591154.446, 98
Trd, 2591156.813, 104
Trd, 2591157.096, 100
Trd, 2591157.746, 104
Trd, 2591158.096, 103
Trd, 2591158.513, 103
Trd, 2591158.796, 102
Trd, 2591158.846, 101
Trd, 2591159.446, 98
Trd, 2591160.296, 92
Trd, 2591161.979, 94
Trd, 2591162.063, 93
Trd, 2591162.913, 98
Trd, 2591164.179, 99
Trd, 2591164.296, 96
Trd, 2591166.229, 90
Trd, 2591166.513, 89
Trd, 2591167.113, 90
Trd, 2591167.479, 91
Trd, 2591167.546, 92
Trd, 2591168.613, 91
Trd, 2591170.246, 92
Trd, 2591170.479, 95
Trd, 2591171.779, 94
Trd, 2591172.146, 97
Trd, 2591172.379, 98
Trd, 2591172.563, 101
Trd, 2591173.179, 99
Trd, 2591173.196, 98
Trd, 2591173.496, 104
Trd, 2591175.213, 100
Trd, 2591175.946, 98
Trd, 2591176.996, 96
Trd, 2591177.146, 101
Trd, 2591178.796, 101
Trd, 2591179.213, 102
Trd, 2591179.346, 105
Trd, 2591180.263, 105
Trd, 2591180.729, 106
Trd, 2591181.946, 97
Trd, 2591182.113, 98
Trd, 2591183.079, 98
Trd, 2591184.796, 106
Trd, 2591185.096, 108
Trd, 2591185.313, 108
Trd, 2591185.496, 110
Trd, 2591186.446, 112
Trd, 2591186.813, 112
Trd, 2591187.529, 111
Trd, 2591187.913, 113
Trd, 2591188.629, 113
Trd, 2591189.079, 105
Trd, 2591189.746, 101
Trd, 2591190.179, 103
Trd, 2591190.829, 94
Trd, 2591191.663, 97
Trd, 2591193.079, 90
Trd, 2591193.896, 91
Trd, 2591194.329, 92
Trd, 2591194.913, 90
Trd, 2591196.896, 94
Trd, 2591197.079, 93
Trd, 2591197.646, 94
Trd, 2591198.013, 94
Trd, 2591198.279, 95
Trd, 2591198.296, 93
Trd, 2591199.113, 97
Trd, 2591200.379, 98
Trd, 2591201.013, 97
Trd, 2591201.063, 98
Trd, 2591201.613, 98
Trd, 2591202.279, 92
Trd, 2591202.629, 100
Trd, 2591202.963, 87
Trd, 2591204.746, 95
Trd, 2591205.779, 91
Trd, 2591206.013, 93
Trd, 2591206.846, 93
Trd, 2591207.013, 105
Trd, 2591207.479, 112
Trd, 2591208.563, 102
Trd, 2591208.779, 101
Trd, 2591209.446, 101
Trd, 2591209.946, 105
Trd, 2591210.563, 102
Trd, 2591211.263, 103
Trd, 2591211.696, 103
Trd, 2591212.163, 102
Trd, 2591212.713, 101
Trd, 2591214.079, 100
Trd, 2591215.179, 94
Trd, 2591215.979, 93
Trd, 2591216.163, 95
Trd, 2591216.813, 96
Trd, 2591217.446, 94
Trd, 2591217.546, 93
Trd, 2591217.746, 92
Trd, 2591218.346, 96
Trd, 2591219.446, 95
Trd, 2591220.579, 95
Trd, 2591222.046, 101
Trd, 2591222.063, 100
Trd, 2591222.079, 98
Trd, 2591222.129, 105
Trd, 2591222.979, 97
Trd, 2591223.446, 98
Trd, 2591224.846, 103
Trd, 2591225.296, 108
Trd, 2591225.679, 104
Trd, 2591226.263, 110
Trd, 2591227.013, 110
Trd, 2591227.379, 108
Trd, 2591228.113, 111
Trd, 2591228.163, 102
Trd, 2591230.913, 103
Trd, 2591231.213, 103
Trd, 2591231.379, 103
Trd, 2591231.813, 104
Trd, 2591232.179, 103
Trd, 2591232.263, 101
Trd, 2591232.496, 103
Trd, 2591232.529, 98
Trd, 2591233.596, 94
Trd, 2591234.279, 95
Trd, 2591235.279, 105
Trd, 2591235.613, 96
Trd, 2591235.863, 99
Trd, 2591236.296, 102
Trd, 2591237.829, 94
Trd, 2591238.946, 97
Trd, 2591239.363, 98
Trd, 2591239.946, 100
Trd, 2591240.379, 101
Trd, 2591240.563, 100
Trd, 2591241.413, 99
Trd, 2591241.963, 96
Trd, 2591242.046, 97
Trd, 2591242.913, 102
Trd, 2591243.463, 107
Trd, 2591243.963, 99
Trd, 2591243.979, 98
Trd, 2591246.229, 102
Trd, 2591247.313, 101
Trd, 2591247.446, 94
Trd, 2591247.629, 91
Trd, 2591248.063, 100
Trd, 2591248.346, 105
Trd, 2591248.513, 87
Trd, 2591249.679, 102
Trd, 2591251.563, 95
Trd, 2591251.746, 97
Trd, 2591252.063, 97
Trd, 2591252.396, 96
Trd, 2591252.496, 95
Trd, 2591253.146, 95
Trd, 2591253.629, 84
Trd, 2591254.796, 94
Trd, 2591255.696, 90
Trd, 2591256.129, 91
Trd, 2591256.213, 92
Trd, 2591256.963, 95
Trd, 2591257.429, 100
Trd, 2591258.413, 99
Trd, 2591259.279, 100
Trd, 2591259.663, 101
Trd, 2591260.013, 101
Trd, 2591260.113, 100
Trd, 2591260.513, 99
Trd, 2591261.279, 102
Trd, 2591263.396, 101
Trd, 2591263.879, 103
Trd, 2591265.129, 105
Trd, 2591265.146, 101
Trd, 2591265.829, 101
Trd, 2591266.713, 108
Trd, 2591266.913, 98
Trd, 2591268.546, 94
Trd, 2591269.929, 96
Trd, 2591270.146, 95
Trd, 2591270.796, 93
Trd, 2591270.979, 92
Trd, 2591271.013, 91
Trd, 2591271.946, 94
Trd, 2591272.563, 97
Trd, 2591273.029, 93
Trd, 2591274.529, 99
Trd, 2591274.963, 100
Trd, 2591275.079, 100
Trd, 2591276.196, 102
Trd, 2591276.213, 100
Trd, 2591276.663, 98
Trd, 2591276.946, 98
Trd, 2591277.346, 98
Trd, 2591278.546, 91
Trd, 2591279.913, 87
Trd, 2591280.246, 88
Trd, 2591280.379, 89
Trd, 2591281.679, 91
Trd, 2591282.146, 94
Trd, 2591282.879, 97
Trd, 2591283.596, 92
Trd, 2591283.829, 96
Trd, 2591284.479, 94
Trd, 2591284.596, 88
Trd, 2591286.346, 86
Trd, 2591286.363, 87
Trd, 2591286.729, 87
Trd, 2591287.429, 89
Trd, 2591287.629, 89
Trd, 2591288.279, 90
Trd, 2591289.479, 91
Trd, 2591289.679, 88
Trd, 2591289.846, 86
Trd, 2591291.829, 98
Trd, 2591291.913, 97
Trd, 2591292.113, 102
Trd, 2591292.363, 99
Trd, 2591293.796, 103
Trd, 2591294.329, 104
Trd, 2591294.429, 103
Trd, 2591294.629, 101
Trd, 2591295.463, 102
Trd, 2591296.229, 102
Trd, 2591296.496, 105
Trd, 2591296.529, 114
Trd, 2591299.746, 102
Trd, 2591300.196, 102
Trd, 2591300.429, 102
Trd, 2591300.696, 99
Trd, 2591301.063, 102
Trd, 2591301.563, 99
Trd, 2591301.613, 100
Trd, 2591302.229, 98
Trd, 2591303.696, 97
Trd, 2591304.096, 98
Trd, 2591304.546, 97
Trd, 2591304.596, 94
Trd, 2591304.779, 93
Trd, 2591305.713, 95
Trd, 2591308.096, 93
Trd, 2591308.213, 92
Trd, 2591309.096, 92
Trd, 2591310.329, 94
Trd, 2591310.513, 95
Trd, 2591310.796, 98
Trd, 2591311.846, 101
Trd, 2591312.229, 104
Trd, 2591312.496, 105
Trd, 2591314.096, 103
Trd, 2591314.996, 102
Trd, 2591315.246, 101
Trd, 2591316.129, 100
Trd, 2591316.946, 100
Trd, 2591317.163, 99
Trd, 2591317.463, 99
Trd, 2591317.679, 98
Trd, 2591318.713, 93
Trd, 2591319.396, 97
Trd, 2591319.629, 93
Trd, 2591320.713, 95
Trd, 2591321.379, 97
Trd, 2591321.679, 95
Trd, 2591322.329, 100
Trd, 2591322.996, 94
Trd, 2591325.563, 95
Trd, 2591325.813, 95
Trd, 2591326.429, 101
Trd, 2591326.563, 105
Trd, 2591327.096, 101
Trd, 2591327.263, 101
Trd, 2591327.996, 102
Trd, 2591328.363, 104
Trd, 2591328.646, 105
Trd, 2591329.096, 106
Trd, 2591329.663, 95
Trd, 2591329.913, 101
Trd, 2591331.513, 94
Trd, 2591331.713, 108
Trd, 2591332.663, 91
Trd, 2591332.846, 87
Trd, 2591333.296, 85
Trd, 2591333.463, 90
Trd, 2591335.496, 88
Trd, 2591335.996, 86
Trd, 2591336.779, 87
Trd, 2591336.879, 87
Trd, 2591338.979, 95
Trd, 2591339.563, 97
Trd, 2591339.596, 97
Trd, 2591340.063, 98
Trd, 2591340.296, 97
Trd, 2591340.663, 99
Trd, 2591340.813, 96
Trd, 2591341.096, 107
Trd, 2591341.796, 99
Trd, 2591342.679, 108
Trd, 2591343.329, 103
Trd, 2591343.563, 106
Trd, 2591343.679, 102
Trd, 2591344.863, 102
Trd, 2591345.363, 103
Trd, 2591345.429, 105
Trd, 2591346.463, 99
Trd, 2591347.246, 98
Trd, 2591347.796, 98
Trd, 2591349.413, 99
Trd, 2591349.929, 97
Trd, 2591350.746, 95
Trd, 2591351.129, 95
Trd, 2591351.529, 96
Trd, 2591351.663, 95
Trd, 2591352.346, 96
Trd, 2591352.379, 96
Trd, 2591354.379, 101
Trd, 2591355.663, 104
Trd, 2591356.146, 105
Trd, 2591356.329, 103
Trd, 2591357.746, 106
Trd, 2591357.863, 104
Trd, 2591358.196, 105
Trd, 2591359.063, 103
Trd, 2591359.529, 100
Trd, 2591360.029, 98
Trd, 2591361.146, 95
Trd, 2591361.196, 94
Trd, 2591361.596, 91
Trd, 2591361.779, 89
Trd, 2591362.713, 98
Trd, 2591364.329, 100
Trd, 2591365.096, 102
Trd, 2591365.363, 104
Trd, 2591366.163, 102
Trd, 2591366.379, 104
Trd, 2591366.813, 104
Trd, 2591366.996, 104
Trd, 2591367.913, 104
Trd, 2591368.029, 102
Trd, 2591369.279, 103
Trd, 2591369.663, 102
Trd, 2591370.013, 102
Trd, 2591370.279, 103
Trd, 2591373.063, 101
Trd, 2591373.313, 108
Trd, 2591373.796, 98
Trd, 2591374.613, 94
Trd, 2591374.846, 91
Trd, 2591375.429, 84
Trd, 2591378.346, 100
Trd, 2591378.763, 100
Trd, 2591379.429, 101
Trd, 2591380.046, 101
Trd, 2591380.396, 102
Trd, 2591380.596, 101
Trd, 2591380.613, 103
Trd, 2591381.263, 101
Trd, 2591381.663, 102
Trd, 2591381.863, 102
Trd, 2591382.246, 105
Trd, 2591382.613, 106
Trd, 2591382.746, 104
Trd, 2591383.496, 105
Trd, 2591384.879, 104
Trd, 2591385.113, 102
Trd, 2591385.563, 102
Trd, 2591386.563, 103
Trd, 2591386.646, 102
Trd, 2591387.929, 102
Trd, 2591388.879, 104
Trd, 2591389.163, 98
Trd, 2591389.779, 103
Trd, 2591391.463, 99
Trd, 2591391.513, 96
Trd, 2591391.863, 98
Trd, 2591392.129, 97
Trd, 2591392.713, 103
Trd, 2591393.579, 102
Trd, 2591394.346, 100
Trd, 2591394.563, 100
Trd, 2591395.963, 99
Trd, 2591395.996, 101
Trd, 2591396.096, 108
Trd, 2591396.479, 99
Trd, 2591397.013, 112
Trd, 2591397.329, 98
Trd, 2591398.529, 89
Trd, 2591398.746, 88
Trd, 2591399.963, 87
Trd, 2591401.229, 90
Trd, 2591401.663, 91
Trd, 2591401.713, 92
Trd, 2591402.296, 92
Trd, 2591402.829, 93
Trd, 2591402.963, 94
Trd, 2591403.329, 95
Trd, 2591403.363, 83
Trd, 2591403.879, 82
Trd, 2591407.329, 92
Trd, 2591407.863, 94
Trd, 2591408.363, 91
Trd, 2591409.379, 96
Trd, 2591409.679, 95
Trd, 2591410.146, 95
Trd, 2591410.713, 97
Trd, 2591410.746, 94
Trd, 2591410.913, 98
Trd, 2591412.029, 97
Trd, 2591412.196, 98
Trd, 2591412.496, 102
Trd, 2591413.246, 104
Trd, 2591413.546, 105
Trd, 2591413.696, 106
Trd, 2591413.879, 108
Trd, 2591413.996, 107
Trd, 2591415.163, 105
Trd, 2591415.596, 101
Trd, 2591417.279, 102
Trd, 2591417.979, 103
Trd, 2591418.646, 103
Trd, 2591419.779, 101
Trd, 2591420.263, 100
Trd, 2591421.296, 101
Trd, 2591421.829, 101
Trd, 2591421.913, 101
Trd, 2591422.513, 100
Trd, 2591423.096, 91
Trd, 2591424.646, 90
Trd, 2591424.879, 91
Trd, 2591424.979, 91
Trd, 2591425.263, 93
Trd, 2591425.713, 108
Trd, 2591426.246, 94
Trd, 2591428.513, 99
Trd, 2591428.796, 100
Trd, 2591429.129, 99
Trd, 2591429.379, 96
Trd, 2591430.396, 95
Trd, 2591430.813, 91
Trd, 2591431.329, 99
Trd, 2591432.063, 103
Trd, 2591434.213, 99
Trd, 2591434.229, 98
Trd, 2591434.263, 94
Trd, 2591434.846, 99
Trd, 2591435.029, 94
Trd, 2591435.463, 95
Trd, 2591436.029, 96
Trd, 2591436.729, 94
Trd, 2591438.063, 90
Trd, 2591438.229, 93
Trd, 2591438.529, 91
Trd, 2591439.546, 94
Trd, 2591440.013, 97
Trd, 2591441.779, 100
Trd, 2591441.963, 101
Trd, 2591442.429, 102
Trd, 2591442.546, 101
Trd, 2591443.063, 103
Trd, 2591443.546, 104
Trd, 2591443.713, 103
Trd, 2591444.346, 105
Trd, 2591445.946, 108
Trd, 2591445.963, 106
Trd, 2591446.829, 110
Trd, 2591447.446, 112
Trd, 2591448.529, 107
Trd, 2591448.896, 106
Trd, 2591449.379, 106
Trd, 2591450.179, 106
Trd, 2591450.263, 105
Trd, 2591450.296, 101
Trd, 2591451.513, 101
Trd, 2591452.296, 105
Trd, 2591453.613, 100
Trd, 2591454.013, 100
Trd, 2591454.329, 101
Trd, 2591454.596, 101
Trd, 2591455.179, 101
Trd, 2591455.263, 99
Trd, 2591455.496, 98
Trd, 2591455.546, 94
Trd, 2591457.513, 97
Trd, 2591457.913, 96
Trd, 2591458.896, 96
Trd, 2591459.429, 96
Trd, 2591459.996, 98
Trd, 2591462.063, 98
Trd, 2591462.113, 101
Trd, 2591463.646, 105
Trd, 2591463.946, 105
Trd, 2591464.146, 108
Trd, 2591464.413, 116
Trd, 2591464.763, 106
Trd, 2591465.346, 105
Trd, 2591465.563, 91
Trd, 2591465.879, 88
Trd, 2591469.046, 95
Trd, 2591469.179, 95
Trd, 2591469.379, 96
Trd, 2591469.463, 97
Trd, 2591470.246, 101
Trd, 2591470.429, 100
Trd, 2591471.246, 99
Trd, 2591471.646, 104
Trd, 2591471.913, 103
Trd, 2591472.479, 104
Trd, 2591473.829, 104
Trd, 2591474.263, 100
Trd, 2591474.629, 102
Trd, 2591475.563, 103
Trd, 2591476.329, 105
Trd, 2591476.896, 105
Trd, 2591477.646, 105
Trd, 2591478.379, 105
Trd, 2591478.546, 101
Trd, 2591478.863, 101
Trd, 2591479.896, 101
Trd, 2591480.379, 99
Trd, 2591481.346, 99
Trd, 2591481.529, 100
Trd, 2591482.463, 98
Trd, 2591483.279, 97
Trd, 2591484.096, 101
Trd, 2591484.196, 101
Trd, 2591484.296, 101
Trd, 2591484.763, 103
Trd, 2591485.296, 94
Trd, 2591485.746, 91
Trd, 2591487.846, 89
Trd, 2591488.446, 91
Trd, 2591488.463, 90
Trd, 2591488.863, 89
Trd, 2591490.363, 94
Trd, 2591490.563, 93
Trd, 2591491.296, 94
Trd, 2591492.163, 95
Trd, 2591492.329, 95
Trd, 2591492.346, 96
Trd, 2591492.929, 96
Trd, 2591494.013, 101
Trd, 2591494.463, 102
Trd, 2591496.396, 104
Trd, 2591496.446, 103
Trd, 2591496.679, 102
Trd, 2591497.263, 95
Trd, 2591497.279, 100
Trd, 2591497.529, 94
Trd, 2591497.629, 102
Trd, 2591499.246, 94
Trd, 2591501.346, 99
Trd, 2591502.263, 100
Trd, 2591502.896, 99
Trd, 2591504.113, 98
Trd, 2591504.196, 102
Trd, 2591504.629, 102
Trd, 2591505.346, 95
Trd, 2591506.296, 95
Trd, 2591506.979, 95
Trd, 2591507.046, 92
Trd, 2591508.813, 95
Trd, 2591509.246, 96
Trd, 2591509.846, 97
Trd, 2591510.613, 99
Trd, 2591511.196, 102
Trd, 2591511.696, 112
Trd, 2591512.113, 105
Trd, 2591512.213, 105
Trd, 2591512.663, 105
Trd, 2591513.563, 98
Trd, 2591514.013, 108
Trd, 2591514.646, 96
Trd, 2591515.429, 96
Trd, 2591516.413, 97
Trd, 2591517.046, 97
Trd, 2591517.396, 96
Trd, 2591518.163, 91
Trd, 2591518.413, 96
Trd, 2591518.979, 94
Trd, 2591519.196, 85
Trd, 2591519.796, 87
Trd, 2591519.829, 100
Trd, 2591520.163, 87
Trd, 2591521.813, 94
Trd, 2591522.196, 94
Trd, 2591523.063, 98
Trd, 2591524.146, 95
Trd, 2591524.913, 97
Trd, 2591525.196, 104
Trd, 2591526.413, 103
Trd, 2591526.563, 104
Trd, 2591526.713, 105
Trd, 2591527.146, 104
Trd, 2591527.713, 105
Trd, 2591528.046, 104
Trd, 2591528.596, 105
Trd, 2591528.696, 104
Trd, 2591529.063, 95
Trd, 2591529.646, 94
Trd, 2591530.363, 103
Trd, 2591530.513, 91
Trd, 2591533.296, 91
Trd, 2591533.446, 92
Trd, 2591533.663, 93
Trd, 2591533.746, 92
Trd, 2591534.679, 93
Trd, 2591535.163, 93
Trd, 2591535.196, 93
Trd, 2591536.663, 87
Trd, 2591537.879, 86
Trd, 2591537.896, 87
Trd, 2591539.146, 86
Trd, 2591539.313, 87
Trd, 2591539.979, 91
Trd, 2591540.563, 93
Trd, 2591541.779, 96
Trd, 2591541.979, 97
Trd, 2591542.163, 98
Trd, 2591542.579, 97
Trd, 2591543.063, 103
Trd, 2591544.163, 103
Trd, 2591544.479, 99
Trd, 2591546.979, 98
Trd, 2591548.013, 98
Trd, 2591548.729, 98
Trd, 2591548.963, 98
Trd, 2591549.229, 105
Trd, 2591549.679, 108
Trd, 2591550.113, 100
Trd, 2591550.379, 109
Trd, 2591550.863, 102
Trd, 2591551.746, 101
Trd, 2591552.413, 102
Trd, 2591553.696, 103
Trd, 2591554.113, 110
Trd, 2591554.746, 103
Trd, 2591555.379, 101
Trd, 2591556.246, 105
Trd, 2591556.413, 105
Trd, 2591556.846, 107
Trd, 2591557.046, 105
Trd, 2591557.213, 111
Trd, 2591558.063, 103
Trd, 2591559.413, 107
Trd, 2591559.929, 108
Trd, 2591559.979, 105
Trd, 2591560.979, 103
Trd, 2591561.063, 108
Trd, 2591562.263, 101
Trd, 2591563.213, 97
Trd, 2591565.213, 99
Trd, 2591565.813, 98
Trd, 2591566.529, 95
Trd, 2591566.763, 95
Trd, 2591567.363, 95
Trd, 2591567.579, 95
Trd, 2591568.579, 94
Trd, 2591569.063, 94
Trd, 2591569.629, 95
Trd, 2591570.396, 102
Trd, 2591571.846, 96
Trd, 2591571.979, 96
Trd, 2591572.379, 93
Trd, 2591572.979, 92
Trd, 2591573.179, 91
Trd, 2591575.096, 94
Trd, 2591576.296, 100
Trd, 2591577.596, 101
Trd, 2591578.096, 104
Trd, 2591578.496, 105
Trd, 2591578.729, 105
Trd, 2591579.346, 102
Trd, 2591579.929, 102
Trd, 2591580.263, 107
Trd, 2591580.463, 106
Trd, 2591581.013, 107
Trd, 2591581.329, 104
Trd, 2591581.396, 108
Trd, 2591581.496, 115
Trd, 2591582.229, 101
Trd, 2591582.413, 98
Trd, 2591583.829, 96
Trd, 2591583.846, 94
Trd, 2591585.196, 94
Trd, 2591585.496, 91
Trd, 2591586.846, 89
Trd, 2591587.479, 91
Trd, 2591588.079, 91
Trd, 2591588.596, 96
Trd, 2591589.696, 99
Trd, 2591589.846, 96
Trd, 2591590.279, 95
Trd, 2591590.329, 98
Trd, 2591591.096, 101
Trd, 2591592.679, 100
Trd, 2591593.163, 101
Trd, 2591593.946, 107
Trd, 2591594.746, 103
Trd, 2591595.079, 105
Trd, 2591595.296, 105
Trd, 2591595.563, 103
Trd, 2591595.846, 102
Trd, 2591595.913, 101
Trd, 2591596.629, 99
Trd, 2591596.763, 98
Trd, 2591598.646, 93
Trd, 2591599.196, 94
Trd, 2591599.613, 94
Trd, 2591600.313, 95
Trd, 2591600.529, 94
Trd, 2591600.629, 93
Trd, 2591602.063, 95
Trd, 2591603.163, 91
Trd, 2591604.263, 93
Trd, 2591604.429, 94
Trd, 2591605.179, 102
Trd, 2591606.696, 100
Trd, 2591606.879, 100
Trd, 2591607.013, 103
Trd, 2591607.746, 103
Trd, 2591608.229, 105
Trd, 2591608.996, 106
Trd, 2591609.896, 102
Trd, 2591610.429, 102
Trd, 2591610.996, 101
Trd, 2591612.079, 98
Trd, 2591612.163, 99
Trd, 2591612.246, 91
Trd, 2591612.729, 99
Trd, 2591615.096, 91
Trd, 2591615.146, 91
Trd, 2591615.179, 92
Trd, 2591615.446, 88
Trd, 2591616.646, 91
Trd, 2591616.879, 90
Trd, 2591617.629, 89
Trd, 2591618.663, 90
Trd, 2591619.429, 92
Trd, 2591619.979, 103
Trd, 2591620.513, 100
Trd, 2591620.629, 99
Trd, 2591620.646, 98
Trd, 2591621.313, 105
Trd, 2591621.363, 97
Trd, 2591621.763, 108
Trd, 2591622.279, 100
Trd, 2591622.746, 96
Trd, 2591623.463, 110
Trd, 2591624.563, 113
Trd, 2591624.779, 112
Trd, 2591625.096, 105
Trd, 2591627.363, 109
Trd, 2591628.113, 110
Trd, 2591629.479, 107
Trd, 2591629.896, 105
Trd, 2591630.563, 101
Trd, 2591631.663, 98
Trd, 2591632.379, 102
Trd, 2591632.679, 102
Trd, 2591633.263, 104
Trd, 2591633.813, 103
Trd, 2591634.063, 102
Trd, 2591634.796, 101
Trd, 2591635.179, 103
Trd, 2591636.463, 103
Trd, 2591638.013, 105
Trd, 2591638.763, 105
Trd, 2591640.046, 105
Trd, 2591640.346, 103
Trd, 2591640.896, 101
Trd, 2591641.163, 98
Trd, 2591642.079, 96
Trd, 2591642.096, 94
Trd, 2591642.479, 91
Trd, 2591642.496, 101
Trd, 2591642.563, 102
Trd, 2591643.813, 97
Trd, 2591644.829, 95
Trd, 2591645.179, 93
Trd, 2591645.413, 94
Trd, 2591645.963, 93
Trd, 2591646.929, 95
Trd, 2591646.996, 93
Trd, 2591647.779, 92
Trd, 2591647.996, 94
Trd, 2591650.396, 93
Trd, 2591650.413, 94
Trd, 2591651.879, 98
Trd, 2591652.729, 99
Trd, 2591653.679, 100
Trd, 2591653.696, 99
Trd, 2591654.429, 100
Trd, 2591654.596, 98
Trd, 2591656.979, 96
Trd, 2591657.313, 94
Trd, 2591658.379, 96
Trd, 2591659.279, 95
Trd, 2591659.696, 97
Trd, 2591659.929, 96
Trd, 2591660.796, 94
Trd, 2591662.246, 91
Trd, 2591662.313, 91
Trd, 2591662.663, 92
Trd, 2591663.179, 95
Trd, 2591663.246, 96
Trd, 2591663.596, 96
Trd, 2591663.963, 96
Trd, 2591664.329, 97
Trd, 2591665.079, 98
Trd, 2591665.679, 98
Trd, 2591666.163, 98
Trd, 2591666.529, 98
Trd, 2591666.946, 98
Trd, 2591667.329, 98
Trd, 2591667.563, 101
Trd, 2591669.513, 110
Trd, 2591670.346, 101
Trd, 2591671.429, 104
Trd, 2591672.413, 106
Trd, 2591672.463, 107
Trd, 2591672.763, 113
Trd, 2591673.063, 112
Trd, 2591673.346, 101
Trd, 2591674.179, 94
Trd, 2591674.863, 92
Trd, 2591675.879, 98
Trd, 2591677.279, 95
Trd, 2591677.513, 94
Trd, 2591678.013, 95
Trd, 2591678.313, 94
Trd, 2591679.663, 100
Trd, 2591680.429, 100
Trd, 2591680.613, 105
Trd, 2591681.063, 106
Trd, 2591681.113, 105
Trd, 2591681.346, 100
Trd, 2591681.829, 101
Trd, 2591682.229, 99
Trd, 2591684.746, 99
Trd, 2591685.063, 101
Trd, 2591685.679, 100
Trd, 2591686.313, 102
Trd, 2591686.446, 98
Trd, 2591687.813, 99
Trd, 2591688.796, 101
Trd, 2591689.179, 100
Trd, 2591689.313, 101
Trd, 2591689.463, 102
Trd, 2591690.579, 100
Trd, 2591691.929, 100
Trd, 2591692.179, 99
Trd, 2591692.996, 99
Trd, 2591693.146, 100
Trd, 2591693.329, 101
Trd, 2591694.529, 98
Trd, 2591694.796, 102
Trd, 2591695.213, 95
Trd, 2591695.496, 107
Trd, 2591697.146, 102
Trd, 2591697.496, 102
Trd, 2591697.629, 102
Trd, 2591698.096, 103
Trd, 2591698.246, 105
Trd, 2591699.196, 104
Trd, 2591699.979, 104
Trd, 2591700.363, 104
Trd, 2591700.896, 101
Trd, 2591703.229, 100
Trd, 2591703.446, 100
Trd, 2591704.246, 98
Trd, 2591705.329, 99
Trd, 2591707.613, 98
Trd, 2591708.029, 99
Trd, 2591708.496, 98
Trd, 2591708.946, 94
Trd, 2591709.629, 93
Trd, 2591709.813, 93
Trd, 2591709.879, 94
Trd, 2591709.896, 91
Trd, 2591710.296, 91
Trd, 2591711.663, 100
Trd, 2591712.313, 95
Trd, 2591712.713, 96
Trd, 2591713.129, 104
Trd, 2591714.179, 101
Trd, 2591714.596, 104
Trd, 2591715.146, 105
Trd, 2591715.696, 107
Trd, 2591715.913, 108
Trd, 2591717.396, 112
Trd, 2591717.429, 111
Trd, 2591718.346, 115
Trd, 2591719.013, 113
Trd, 2591719.113, 112
Trd, 2591720.429, 109
Trd, 2591720.629, 107
Trd, 2591720.713, 105
Trd, 2591720.779, 101
Trd, 2591721.313, 98
Trd, 2591722.596, 98
Trd, 2591723.746, 98
Trd, 2591725.313, 94
Trd, 2591725.613, 94
Trd, 2591725.646, 92
Trd, 2591726.296, 93
Trd, 2591726.313, 91
Trd, 2591727.196, 94
Trd, 2591727.829, 93
Trd, 2591727.979, 95
Trd, 2591728.013, 92
Trd, 2591730.063, 98
Trd, 2591730.263, 98
Trd, 2591730.679, 94
Trd, 2591730.796, 91
Trd, 2591731.313, 98
Trd, 2591732.379, 91
Trd, 2591733.263, 99
Trd, 2591734.096, 97
Trd, 2591734.913, 96
Trd, 2591734.946, 97
Trd, 2591735.129, 97
Trd, 2591735.229, 98
Trd, 2591736.313, 98
Trd, 2591737.379, 100
Trd, 2591738.013, 101
Trd, 2591738.113, 101
Trd, 2591738.396, 88
Trd, 2591739.163, 102
Trd, 2591740.296, 91
Trd, 2591740.779, 93
Trd, 2591741.013, 93
Trd, 2591742.729, 97
Trd, 2591742.879, 97
Trd, 2591743.063, 96
Trd, 2591743.229, 97
Trd, 2591743.363, 94
Trd, 2591744.013, 102
Trd, 2591747.179, 97
Trd, 2591747.529, 97
Trd, 2591748.996, 96
Trd, 2591749.296, 96
Trd, 2591749.946, 96
Trd, 2591750.179, 99
Trd, 2591751.363, 98
Trd, 2591751.846, 99
Trd, 2591752.263, 101
Trd, 2591752.329, 100
Trd, 2591752.463, 99
Trd, 2591752.979, 99
Trd, 2591753.096, 102
Trd, 2591754.113, 104
Trd, 2591754.213, 104
Trd, 2591754.313, 105
Trd, 2591754.646, 105
Trd, 2591754.729, 104
Trd, 2591754.863, 98
Trd, 2591755.446, 111
Trd, 2591755.763, 93
Trd, 2591756.346, 112
Trd, 2591757.946, 95
Trd, 2591759.796, 105
Trd, 2591760.663, 107
Trd, 2591760.946, 107
Trd, 2591760.963, 108
Trd, 2591761.329, 104
Trd, 2591762.946, 98
Trd, 2591763.063, 97
Trd, 2591763.229, 94
Trd, 2591764.163, 97
Trd, 2591765.279, 91
Trd, 2591765.863, 93
Trd, 2591767.646, 95
Trd, 2591768.029, 92
Trd, 2591769.129, 92
Trd, 2591769.229, 87
Trd, 2591769.479, 87
Trd, 2591771.329, 90
Trd, 2591771.479, 92
Trd, 2591772.146, 93
Trd, 2591772.313, 94
Trd, 2591772.329, 95
Trd, 2591772.963, 97
Trd, 2591773.346, 96
Trd, 2591774.596, 96
Trd, 2591774.613, 95
Trd, 2591775.596, 96
Trd, 2591776.563, 98
Trd, 2591776.646, 95
Trd, 2591776.779, 105
Trd, 2591776.896, 105
Trd, 2591777.746, 99
Trd, 2591778.513, 102
Trd, 2591778.996, 103
Trd, 2591779.579, 105
Trd, 2591780.163, 104
Trd, 2591782.096, 101
Trd, 2591782.446, 98
Trd, 2591783.513, 99
Trd, 2591784.346, 102
Trd, 2591785.013, 102
Trd, 2591786.179, 101
Trd, 2591786.729, 101
Trd, 2591787.163, 98
Trd, 2591787.329, 94
Trd, 2591788.263, 96
Trd, 2591788.513, 100
Trd, 2591789.246, 99
Trd, 2591789.563, 96
Trd, 2591789.679, 95
Trd, 2591789.729, 99
Trd, 2591791.363, 94
Trd, 2591791.813, 96
Trd, 2591792.029, 96
Trd, 2591792.329, 95
Trd, 2591794.146, 98
Trd, 2591796.096, 101
Trd, 2591796.263, 103
Trd, 2591796.863, 103
Trd, 2591797.163, 104
Trd, 2591797.679, 104
Trd, 2591797.913, 98
Trd, 2591798.246, 92
Trd, 2591798.479, 89
Trd, 2591800.529, 99
Trd, 2591800.746, 98
Trd, 2591801.546, 98
Trd, 2591802.613, 100
Trd, 2591802.679, 100
Trd, 2591802.779, 104
Trd, 2591803.979, 103
Trd, 2591804.513, 102
Trd, 2591804.563, 94
Trd, 2591805.629, 95
Trd, 2591805.879, 99
Trd, 2591806.713, 104
Trd, 2591807.363, 102
Trd, 2591807.796, 102
Trd, 2591808.046, 102
Trd, 2591808.429, 103
Trd, 2591808.929, 104
Trd, 2591809.446, 104
Trd, 2591810.096, 104
Trd, 2591810.513, 105
Trd, 2591811.963, 98
Trd, 2591812.529, 114
Trd, 2591813.596, 94
Trd, 2591815.746, 102
Trd, 2591815.996, 101
Trd, 2591816.329, 104
Trd, 2591816.913, 100
Trd, 2591818.596, 92
Trd, 2591818.896, 90
Trd, 2591819.096, 96
Trd, 2591819.246, 91
Trd, 2591819.646, 96
Trd, 2591820.713, 92
Trd, 2591821.013, 93
Trd, 2591821.446, 93
Trd, 2591822.079, 91
Trd, 2591822.129, 94
Trd, 2591823.396, 94
Trd, 2591824.179, 99
Trd, 2591824.513, 100
Trd, 2591825.446, 101
Trd, 2591825.529, 102
Trd, 2591826.896, 103
Trd, 2591827.863, 103
Trd, 2591828.179, 100
Trd, 2591828.646, 102
Trd, 2591830.246, 100
Trd, 2591830.413, 99
Trd, 2591830.729, 100
Trd, 2591830.996, 105
Trd, 2591831.096, 98
Trd, 2591831.529, 94
Trd, 2591833.463, 97
Trd, 2591833.663, 96
Trd, 2591834.013, 98
Trd, 2591834.263, 98
Trd, 2591835.313, 100
Trd, 2591836.063, 100
Trd, 2591836.646, 100
Trd, 2591836.729, 101
Trd, 2591837.546, 103
Trd, 2591839.063, 103
Trd, 2591839.396, 102
Trd, 2591840.246, 103
Trd, 2591841.229, 105
Trd, 2591841.713, 104
Trd, 2591842.646, 102
Trd, 2591843.413, 101
Trd, 2591843.629, 105
Trd, 2591843.779, 106
Trd, 2591845.313, 104
Trd, 2591847.146, 98
Trd, 2591848.313, 97
Trd, 2591848.879, 95
Trd, 2591849.196, 94
Trd, 2591849.996, 96
Trd, 2591850.329, 94
Trd, 2591850.829, 94
Trd, 2591851.396, 94
Trd, 2591851.746, 93
Trd, 2591852.579, 94
Trd, 2591852.929, 93
Trd, 2591853.046, 104
Trd, 2591854.479, 101
Trd, 2591854.629, 102
Trd, 2591854.896, 103
Trd, 2591856.029, 99
Trd, 2591856.263, 98
Trd, 2591856.313, 97
Trd, 2591858.196, 96
Trd, 2591859.096, 98
Trd, 2591859.229, 97
Trd, 2591859.296, 102
Trd, 2591860.963, 100
Trd, 2591862.279, 104
Trd, 2591863.163, 105
Trd, 2591863.613, 104
Trd, 2591863.663, 101
Trd, 2591864.029, 95
Trd, 2591864.279, 95
Trd, 2591865.263, 91
Trd, 2591865.396, 102
Trd, 2591865.713, 94
Trd, 2591866.513, 99
Trd, 2591866.779, 105
Trd, 2591867.296, 101
Trd, 2591868.646, 113
Trd, 2591868.963, 102
Trd, 2591869.963, 98
Trd, 2591870.263, 98
Trd, 2591870.646, 96
Trd, 2591871.813, 97
Trd, 2591871.996, 95
Trd, 2591872.979, 94
Trd, 2591874.346, 89
Trd, 2591874.746, 88
Trd, 2591874.829, 88
Trd, 2591874.913, 88
Trd, 2591875.013, 89
Trd, 2591875.379, 91
Trd, 2591876.196, 87
Trd, 2591877.163, 85
Trd, 2591877.279, 84
Trd, 2591878.213, 86
Trd, 2591878.313, 87
Trd, 2591879.246, 90
Trd, 2591880.246, 100
Trd, 2591880.663, 102
Trd, 2591880.729, 102
Trd, 2591881.446, 108
Trd, 2591883.613, 112
Trd, 2591885.013, 109
Trd, 2591885.213, 110
Trd, 2591885.246, 109
Trd, 2591885.779, 105
Trd, 2591886.729, 104
Trd, 2591887.346, 104
Trd, 2591888.013, 108
Trd, 2591888.563, 109
Trd, 2591888.796, 110
Trd, 2591889.063, 108
Trd, 2591889.379, 101
Trd, 2591890.196, 106
Trd, 2591890.229, 98
Trd, 2591890.546, 105
Trd, 2591891.679, 98
Trd, 2591891.996, 96
Trd, 2591892.646, 99
Trd, 2591893.513, 101
Trd, 2591893.663, 98
Trd, 2591896.013, 103
Trd, 2591896.479, 104
Trd, 2591896.579, 104
Trd, 2591896.879, 103
Trd, 2591897.263, 105
Trd, 2591899.279, 107
Trd, 2591900.079, 110
Trd, 2591900.129, 111
Trd, 2591900.546, 109
Trd, 2591901.096, 108
Trd, 2591902.096, 108
Trd, 2591902.246, 113
Trd, 2591902.513, 105
Trd, 2591902.863, 101
Trd, 2591903.779, 99
Trd, 2591904.246, 98
Trd, 2591904.329, 102
Trd, 2591905.663, 95
Trd, 2591906.879, 102
Trd, 2591907.013, 103
Trd, 2591907.246, 105
Trd, 2591907.479, 104
Trd, 2591907.979, 99
Trd, 2591908.063, 91
Trd, 2591909.996, 98
Trd, 2591910.046, 91
Trd, 2591911.563, 95
Trd, 2591911.896, 94
Trd, 2591913.029, 97
Trd, 2591913.629, 100
Trd, 2591914.646, 101
Trd, 2591914.846, 101
Trd, 2591915.129, 87
Trd, 2591916.596, 98
Trd, 2591916.846, 96
Trd, 2591918.413, 90
Trd, 2591918.746, 95
Trd, 2591918.996, 91
Trd, 2591920.096, 93
Trd, 2591920.679, 92
Trd, 2591920.763, 93
Trd, 2591921.279, 94
Trd, 2591921.679, 93
Trd, 2591922.046, 94
Trd, 2591922.413, 94
Trd, 2591923.146, 92
Trd, 2591923.313, 104
Trd, 2591924.046, 93
Trd, 2591925.463, 93
Trd, 2591925.513, 94
Trd, 2591925.646, 95
Trd, 2591925.913, 96
Trd, 2591927.446, 95
Trd, 2591929.029, 95
Trd, 2591930.046, 95
Trd, 2591930.196, 94
Trd, 2591931.096, 97
Trd, 2591931.529, 98
Trd, 2591931.613, 100
Trd, 2591932.013, 102
Trd, 2591932.196, 97
Trd, 2591933.996, 105
Trd, 2591935.213, 105
Trd, 2591935.929, 104
Trd, 2591937.296, 102
Trd, 2591937.496, 101
Trd, 2591938.029, 103
Trd, 2591938.296, 98
Trd, 2591938.963, 95
Trd, 2591939.313, 101
Trd, 2591939.863, 99
Trd, 2591940.046, 99
Trd, 2591940.279, 98
Trd, 2591940.346, 99
Trd, 2591941.646, 97
Trd, 2591942.029, 98
Trd, 2591943.929, 99
Trd, 2591944.079, 99
Trd, 2591944.546, 101
Trd, 2591944.863, 100
Trd, 2591946.846, 97
Trd, 2591947.413, 98
Trd, 2591947.796, 97
Trd, 2591949.379, 95
Trd, 2591949.413, 94
Trd, 2591949.896, 96
Trd, 2591949.963, 105
Trd, 2591949.996, 95
Trd, 2591951.613, 104
Trd, 2591952.129, 104
Trd, 2591953.096, 98
Trd, 2591953.263, 97
Trd, 2591953.863, 97
Trd, 2591954.163, 96
Trd, 2591955.529, 99
Trd, 2591955.746, 100
Trd, 2591956.713, 104
Trd, 2591958.196, 97
Trd, 2591958.463, 94
Trd, 2591958.613, 98
Trd, 2591959.129, 95
Trd, 2591960.479, 99
Trd, 2591961.129, 101
Trd, 2591961.396, 101
Trd, 2591961.463, 100
Trd, 2591961.646, 98
Trd, 2591962.013, 94
Trd, 2591963.896, 93
Trd, 2591964.129, 93
Trd, 2591964.879, 96
Trd, 2591966.563, 106
Trd, 2591967.046, 106
Trd, 2591967.229, 108
Trd, 2591967.763, 106
Trd, 2591968.013, 107
Trd, 2591968.513, 108
Trd, 2591969.079, 106
Trd, 2591969.263, 108
Trd, 2591969.796, 107
Trd, 2591970.279, 105
Trd, 2591970.329, 112
Trd, 2591970.379, 98
Trd, 2591972.413, 102
Trd, 2591972.896, 100
Trd, 2591972.979, 99
Trd, 2591973.846, 95
Trd, 2591974.329, 101
Trd, 2591975.146, 111
Trd, 2591975.329, 92
Trd, 2591976.129, 91
Trd, 2591977.379, 110
Trd, 2591977.746, 108
Trd, 2591980.329, 102
Trd, 2591980.863, 102
Trd, 2591981.379, 102
Trd, 2591981.613, 103
Trd, 2591982.246, 105
Trd, 2591982.996, 110
Trd, 2591983.296, 105
Trd, 2591983.446, 105
Trd, 2591984.963, 108
Trd, 2591985.063, 108
Trd, 2591986.129, 98
Trd, 2591986.163, 91
Trd, 2591986.429, 99
Trd, 2591987.546, 89
Trd, 2591988.029, 90
Trd, 2591988.379, 91
Trd, 2591989.096, 92
Trd, 2591989.813, 92
Trd, 2591989.979, 91
Trd, 2591991.029, 84
Trd, 2591992.329, 86
Trd, 2591993.179, 89
Trd, 2591993.696, 90
Trd, 2591993.996, 91
Trd, 2591994.513, 94
Trd, 2591994.946, 95
Trd, 2591995.196, 94
Trd, 2591995.746, 98
Trd, 2591995.946, 99
Trd, 2591996.629, 99
Trd, 2591996.863, 101
Trd, 2591997.679, 100
Trd, 2591998.713, 103
Trd, 2591999.329, 102
