Trd, 2590695.213, 108
Trd, 2590695.279, 109
Trd, 2590695.629, 100
Trd, 2590695.713, 99
Trd, 2590695.746, 111
Trd, 2590695.929, 98
Trd, 2590696.613, 101
Trd, 2590697.279, 112
Trd, 2590699.346, 97
Trd, 2590699.379, 96
Trd, 2590699.463, 104
Trd, 2590700.096, 100
Trd, 2590700.596, 98
Trd, 2590701.763, 100
Trd, 2590702.313, 98
Trd, 2590702.796, 98
Trd, 2590702.846, 100
Trd, 2590702.929, 105
Trd, 2590703.296, 97
Trd, 2590704.896, 100
Trd, 2590704.996, 96
Trd, 2590705.379, 108
Trd, 2590708.179, 99
Trd, 2590708.296, 100
Trd, 2590708.729, 100
Trd, 2590708.746, 102
Trd, 2590709.496, 98
Trd, 2590709.946, 102
Trd, 2590710.246, 103
Trd, 2590710.379, 90
Trd, 2590710.863, 104
Trd, 2590712.746, 104
Trd, 2590713.029, 105
Trd, 2590714.313, 91
Trd, 2590715.563, 100
Trd, 2590715.813, 101
Trd, 2590715.829, 92
Trd, 2590716.479, 97
Trd, 2590716.579, 101
Trd, 2590716.879, 102
Trd, 2590717.029, 103
Trd, 2590717.046, 87
Trd, 2590718.813, 93
Trd, 2590718.913, 91
Trd, 2590720.363, 85
Trd, 2590721.079, 100
Trd, 2590721.229, 103
Trd, 2590721.379, 88
Trd, 2590721.596, 102
Trd, 2590721.696, 103
Trd, 2590721.713, 88
Trd, 2590722.129, 104
Trd, 2590722.379, 101
Trd, 2590722.463, 105
Trd, 2590722.829, 108
Trd, 2590727.113, 109
Trd, 2590727.479, 107
Trd, 2590728.496, 103
Trd, 2590729.779, 98
Trd, 2590730.063, 98
Trd, 2590730.179, 99
Trd, 2590730.329, 94
Trd, 2590730.613, 96
Trd, 2590731.463, 97
Trd, 2590731.796, 95
Trd, 2590731.896, 96
Trd, 2590732.046, 96
Trd, 2590732.829, 97
Trd, 2590733.363, 115
Trd, 2590733.379, 94
Trd, 2590733.613, 116
Trd, 2590733.713, 91
Trd, 2590734.713, 94
Trd, 2590735.063, 88
Trd, 2590735.596, 89
Trd, 2590735.846, 105
Trd, 2590736.596, 104
Trd, 2590738.063, 101
Trd, 2590738.979, 103
Trd, 2590739.763, 91
Trd, 2590739.879, 87
Trd, 2590741.829, 102
Trd, 2590743.013, 99
Trd, 2590743.379, 100
Trd, 2590743.529, 98
Trd, 2590744.013, 76
Trd, 2590744.796, 104
Trd, 2590745.346, 104
Trd, 2590745.379, 105
Trd, 2590745.996, 108
Trd, 2590746.146, 111
Trd, 2590746.246, 79
Trd, 2590746.429, 117
Trd, 2590746.829, 118
Trd, 2590747.063, 116
Trd, 2590747.663, 84
Trd, 2590747.996, 100
Trd, 2590751.129, 91
Trd, 2590753.213, 93
Trd, 2590753.796, 94
Trd, 2590753.929, 96
Trd, 2590754.946, 96
Trd, 2590755.463, 99
Trd, 2590755.563, 101
Trd, 2590755.596, 105
Trd, 2590757.179, 109
Trd, 2590757.229, 111
Trd, 2590757.279, 112
Trd, 2590757.429, 108
Trd, 2590757.996, 105
Trd, 2590759.779, 96
Trd, 2590759.829, 94
Trd, 2590760.179, 104
Trd, 2590760.896, 102
Trd, 2590761.296, 96
Trd, 2590762.479, 99
Trd, 2590764.146, 91
Trd, 2590764.379, 97
Trd, 2590764.696, 90
Trd, 2590766.279, 97
Trd, 2590766.529, 94
Trd, 2590766.846, 98
Trd, 2590766.996, 92
Trd, 2590767.363, 98
Trd, 2590767.713, 91
Trd, 2590767.979, 101
Trd, 2590768.679, 101
Trd, 2590769.729, 104
Trd, 2590771.479, 93
Trd, 2590771.663, 93
Trd, 2590772.229, 98
Trd, 2590772.629, 102
Trd, 2590773.546, 98
Trd, 2590773.646, 100
Trd, 2590774.013, 95
Trd, 2590774.579, 89
Trd, 2590777.096, 90
Trd, 2590777.579, 89
Trd, 2590778.046, 89
Trd, 2590778.546, 90
Trd, 2590778.713, 103
Trd, 2590778.763, 88
Trd, 2590780.029, 103
Trd, 2590780.263, 105
Trd, 2590781.046, 103
Trd, 2590782.279, 105
Trd, 2590782.413, 105
Trd, 2590782.496, 104
Trd, 2590782.646, 106
Trd, 2590783.613, 94
Trd, 2590784.063, 107
Trd, 2590784.546, 111
Trd, 2590785.229, 111
Trd, 2590785.363, 112
Trd, 2590787.379, 105
Trd, 2590787.413, 101
Trd, 2590788.163, 104
Trd, 2590788.213, 98
Trd, 2590788.263, 105
Trd, 2590788.563, 112
Trd, 2590789.213, 116
Trd, 2590789.963, 100
Trd, 2590790.513, 115
Trd, 2590792.829, 95
Trd, 2590794.313, 103
Trd, 2590794.379, 104
Trd, 2590794.496, 104
Trd, 2590794.863, 105
Trd, 2590795.063, 107
Trd, 2590795.196, 95
Trd, 2590795.329, 107
Trd, 2590797.346, 103
Trd, 2590798.679, 104
Trd, 2590798.929, 105
Trd, 2590799.063, 102
Trd, 2590800.929, 101
Trd, 2590801.596, 99
Trd, 2590802.679, 98
Trd, 2590803.046, 99
Trd, 2590803.296, 93
Trd, 2590804.563, 99
Trd, 2590804.863, 100
Trd, 2590805.563, 92
Trd, 2590805.796, 91
Trd, 2590806.529, 86
Trd, 2590807.529, 97
Trd, 2590807.813, 97
Trd, 2590808.213, 98
Trd, 2590808.379, 105
Trd, 2590808.763, 108
Trd, 2590809.379, 112
Trd, 2590809.663, 95
Trd, 2590810.179, 96
Trd, 2590810.413, 101
Trd, 2590810.496, 90
Trd, 2590811.179, 99
Trd, 2590811.929, 87
Trd, 2590812.746, 84
Trd, 2590812.946, 107
Trd, 2590813.463, 108
Trd, 2590813.496, 109
Trd, 2590813.613, 111
Trd, 2590814.063, 111
Trd, 2590816.029, 86
Trd, 2590817.479, 101
Trd, 2590817.613, 101
Trd, 2590818.096, 103
Trd, 2590819.646, 106
Trd, 2590820.029, 106
Trd, 2590820.813, 106
Trd, 2590821.046, 106
Trd, 2590821.229, 105
Trd, 2590821.479, 104
Trd, 2590821.963, 100
Trd, 2590822.429, 98
Trd, 2590822.913, 95
Trd, 2590822.963, 94
Trd, 2590823.163, 96
Trd, 2590824.146, 92
Trd, 2590824.429, 91
Trd, 2590824.713, 87
Trd, 2590824.896, 97
Trd, 2590825.079, 98
Trd, 2590827.029, 97
Trd, 2590828.296, 94
Trd, 2590828.746, 93
Trd, 2590829.413, 95
Trd, 2590829.846, 98
Trd, 2590830.646, 105
Trd, 2590830.946, 90
Trd, 2590831.113, 105
Trd, 2590831.363, 106
Trd, 2590831.846, 108
Trd, 2590832.929, 101
Trd, 2590834.196, 101
Trd, 2590834.213, 94
Trd, 2590834.429, 100
Trd, 2590834.979, 102
Trd, 2590835.763, 101
Trd, 2590837.063, 95
Trd, 2590837.146, 94
Trd, 2590837.479, 93
Trd, 2590839.179, 99
Trd, 2590839.263, 93
Trd, 2590840.213, 101
Trd, 2590841.629, 97
Trd, 2590842.129, 102
Trd, 2590842.513, 97
Trd, 2590842.579, 96
Trd, 2590842.763, 103
Trd, 2590843.079, 105
Trd, 2590843.496, 87
Trd, 2590844.029, 102
Trd, 2590844.079, 94
Trd, 2590845.696, 102
Trd, 2590845.913, 105
Trd, 2590846.746, 107
Trd, 2590847.613, 105
Trd, 2590848.263, 104
Trd, 2590848.929, 104
Trd, 2590850.796, 103
Trd, 2590850.846, 101
Trd, 2590852.663, 99
Trd, 2590852.729, 100
Trd, 2590853.779, 101
Trd, 2590853.813, 108
Trd, 2590854.963, 107
Trd, 2590855.546, 103
Trd, 2590855.763, 98
Trd, 2590856.263, 94
Trd, 2590857.129, 103
Trd, 2590857.496, 105
Trd, 2590858.996, 92
Trd, 2590859.046, 100
Trd, 2590859.229, 101
Trd, 2590859.246, 106
Trd, 2590860.063, 95
Trd, 2590860.096, 94
Trd, 2590861.113, 108
Trd, 2590862.446, 98
Trd, 2590862.613, 104
Trd, 2590862.813, 108
Trd, 2590863.679, 107
Trd, 2590864.046, 110
Trd, 2590864.246, 106
Trd, 2590865.146, 105
Trd, 2590866.113, 107
Trd, 2590866.229, 109
Trd, 2590867.796, 111
Trd, 2590868.629, 111
Trd, 2590868.796, 110
Trd, 2590868.996, 104
Trd, 2590870.429, 97
Trd, 2590870.596, 97
Trd, 2590870.829, 98
Trd, 2590871.896, 96
Trd, 2590872.513, 97
Trd, 2590872.729, 94
Trd, 2590873.496, 92
Trd, 2590873.663, 91
Trd, 2590875.346, 89
Trd, 2590875.379, 90
Trd, 2590875.929, 91
Trd, 2590876.179, 98
Trd, 2590876.246, 88
Trd, 2590876.596, 99
Trd, 2590877.363, 89
Trd, 2590877.763, 97
Trd, 2590878.929, 93
Trd, 2590879.196, 92
Trd, 2590879.246, 96
Trd, 2590879.846, 93
Trd, 2590881.996, 99
Trd, 2590882.913, 97
Trd, 2590883.529, 92
Trd, 2590884.463, 91
Trd, 2590884.946, 89
Trd, 2590885.196, 95
Trd, 2590885.213, 96
Trd, 2590885.396, 97
Trd, 2590887.913, 103
Trd, 2590888.196, 105
Trd, 2590888.446, 93
Trd, 2590889.263, 101
Trd, 2590889.429, 104
Trd, 2590890.579, 104
Trd, 2590891.146, 102
Trd, 2590891.246, 97
Trd, 2590891.529, 104
Trd, 2590892.379, 96
Trd, 2590892.513, 107
Trd, 2590892.946, 108
Trd, 2590892.963, 94
Trd, 2590893.463, 112
Trd, 2590896.729, 108
Trd, 2590896.863, 108
Trd, 2590897.779, 105
Trd, 2590898.096, 98
Trd, 2590898.146, 90
Trd, 2590898.196, 87
Trd, 2590898.696, 106
Trd, 2590899.479, 105
Trd, 2590899.646, 105
Trd, 2590900.179, 98
Trd, 2590901.763, 98
Trd, 2590902.363, 95
Trd, 2590902.513, 93
Trd, 2590902.813, 93
Trd, 2590902.829, 95
Trd, 2590902.896, 95
Trd, 2590903.413, 101
Trd, 2590904.163, 96
Trd, 2590904.946, 108
Trd, 2590906.329, 105
Trd, 2590906.363, 112
Trd, 2590908.129, 105
Trd, 2590908.529, 95
Trd, 2590909.013, 100
Trd, 2590909.729, 97
Trd, 2590909.813, 99
Trd, 2590910.779, 97
Trd, 2590911.346, 97
Trd, 2590912.029, 98
Trd, 2590912.663, 95
Trd, 2590912.696, 94
Trd, 2590913.063, 96
Trd, 2590914.529, 91
Trd, 2590916.213, 89
Trd, 2590916.263, 98
Trd, 2590916.346, 99
Trd, 2590916.846, 101
Trd, 2590917.913, 101
Trd, 2590918.396, 101
Trd, 2590918.829, 99
Trd, 2590919.879, 100
Trd, 2590919.979, 98
Trd, 2590920.329, 101
Trd, 2590920.646, 105
Trd, 2590921.329, 88
Trd, 2590922.729, 100
Trd, 2590923.379, 99
Trd, 2590923.629, 100
Trd, 2590923.829, 92
Trd, 2590924.379, 100
Trd, 2590924.413, 102
Trd, 2590924.696, 91
Trd, 2590926.513, 103
Trd, 2590926.979, 102
Trd, 2590927.446, 101
Trd, 2590927.779, 101
Trd, 2590927.846, 94
Trd, 2590928.579, 97
Trd, 2590928.763, 91
Trd, 2590929.963, 98
Trd, 2590931.496, 95
Trd, 2590931.646, 103
Trd, 2590931.696, 105
Trd, 2590932.813, 105
Trd, 2590933.813, 106
Trd, 2590933.896, 107
Trd, 2590934.646, 108
Trd, 2590934.846, 113
Trd, 2590935.179, 114
Trd, 2590935.779, 115
Trd, 2590935.963, 105
Trd, 2590936.579, 106
Trd, 2590937.113, 112
Trd, 2590937.863, 106
Trd, 2590939.396, 110
Trd, 2590940.346, 98
Trd, 2590940.379, 94
Trd, 2590941.379, 103
Trd, 2590941.896, 102
Trd, 2590942.296, 101
Trd, 2590942.829, 102
Trd, 2590942.863, 120
Trd, 2590944.746, 91
Trd, 2590945.579, 103
Trd, 2590946.746, 101
Trd, 2590947.963, 85
Trd, 2590948.396, 96
Trd, 2590948.479, 97
Trd, 2590948.863, 93
Trd, 2590949.729, 93
Trd, 2590949.863, 93
Trd, 2590949.996, 95
Trd, 2590950.313, 96
Trd, 2590950.479, 91
Trd, 2590951.763, 89
Trd, 2590952.713, 92
Trd, 2590953.329, 98
Trd, 2590954.163, 99
Trd, 2590955.329, 98
Trd, 2590956.079, 96
Trd, 2590956.296, 97
Trd, 2590956.746, 92
Trd, 2590957.029, 96
Trd, 2590957.679, 98
Trd, 2590958.746, 90
Trd, 2590959.313, 99
Trd, 2590960.129, 103
Trd, 2590960.146, 104
Trd, 2590960.446, 104
Trd, 2590960.713, 105
Trd, 2590961.079, 100
Trd, 2590961.729, 90
Trd, 2590961.796, 108
Trd, 2590961.979, 90
Trd, 2590962.279, 92
Trd, 2590962.413, 110
Trd, 2590962.529, 116
Trd, 2590963.929, 95
Trd, 2590967.163, 97
Trd, 2590967.229, 98
Trd, 2590967.313, 99
Trd, 2590967.346, 97
Trd, 2590967.813, 100
Trd, 2590969.363, 99
Trd, 2590969.479, 101
Trd, 2590970.713, 100
Trd, 2590970.896, 100
Trd, 2590971.246, 100
Trd, 2590971.363, 97
Trd, 2590971.629, 94
Trd, 2590972.879, 91
Trd, 2590973.046, 98
Trd, 2590973.896, 88
Trd, 2590974.513, 84
Trd, 2590975.246, 94
Trd, 2590975.896, 96
Trd, 2590976.146, 98
Trd, 2590976.579, 83
Trd, 2590976.796, 104
Trd, 2590977.079, 107
Trd, 2590977.129, 108
Trd, 2590977.463, 76
Trd, 2590977.579, 115
Trd, 2590979.563, 91
Trd, 2590980.113, 101
Trd, 2590980.646, 101
Trd, 2590981.396, 104
Trd, 2590982.146, 107
Trd, 2590982.346, 108
Trd, 2590983.763, 110
Trd, 2590983.863, 109
Trd, 2590984.846, 106
Trd, 2590985.563, 107
Trd, 2590986.779, 106
Trd, 2590987.046, 106
Trd, 2590987.329, 105
Trd, 2590987.513, 99
Trd, 2590987.529, 107
Trd, 2590987.563, 108
Trd, 2590987.629, 119
Trd, 2590987.729, 94
Trd, 2590988.663, 114
Trd, 2590989.846, 87
Trd, 2590991.796, 102
Trd, 2590992.179, 97
Trd, 2590992.496, 101
Trd, 2590993.446, 98
Trd, 2590994.546, 82
Trd, 2590995.129, 91
Trd, 2590995.713, 82
Trd, 2590995.879, 90
Trd, 2590996.429, 90
Trd, 2590996.929, 91
Trd, 2590997.146, 86
Trd, 2590997.546, 94
Trd, 2590998.129, 98
Trd, 2590998.596, 103
Trd, 2590999.379, 89
Trd, 2590999.479, 105
Trd, 2591000.529, 100
Trd, 2591000.679, 93
Trd, 2591001.646, 107
Trd, 2591002.796, 107
Trd, 2591003.913, 105
Trd, 2591004.229, 104
Trd, 2591004.296, 104
Trd, 2591004.363, 108
Trd, 2591004.379, 101
Trd, 2591004.663, 94
Trd, 2591005.279, 90
Trd, 2591005.779, 113
Trd, 2591006.863, 95
Trd, 2591007.096, 117
Trd, 2591007.313, 118
Trd, 2591009.146, 110
Trd, 2591009.279, 115
Trd, 2591009.796, 111
Trd, 2591009.996, 110
Trd, 2591011.146, 106
Trd, 2591011.663, 103
Trd, 2591011.679, 109
Trd, 2591012.679, 110
Trd, 2591012.829, 114
Trd, 2591012.846, 118
Trd, 2591012.996, 99
Trd, 2591013.696, 97
Trd, 2591014.963, 113
Trd, 2591015.479, 116
Trd, 2591016.113, 105
Trd, 2591016.129, 104
Trd, 2591017.046, 101
Trd, 2591017.296, 104
Trd, 2591020.079, 101
Trd, 2591020.779, 100
Trd, 2591021.096, 99
Trd, 2591021.263, 98
Trd, 2591021.313, 99
Trd, 2591021.379, 94
Trd, 2591022.113, 106
Trd, 2591023.046, 98
Trd, 2591023.396, 91
Trd, 2591023.996, 97
Trd, 2591024.063, 99
Trd, 2591024.263, 101
Trd, 2591024.879, 93
Trd, 2591025.346, 105
Trd, 2591025.613, 90
Trd, 2591026.813, 106
Trd, 2591027.813, 106
Trd, 2591028.046, 105
Trd, 2591029.863, 100
Trd, 2591031.146, 96
Trd, 2591031.546, 93
Trd, 2591031.929, 94
Trd, 2591032.946, 91
Trd, 2591033.163, 92
Trd, 2591033.446, 93
Trd, 2591033.813, 96
Trd, 2591034.113, 98
Trd, 2591034.313, 101
Trd, 2591034.346, 108
Trd, 2591034.779, 101
Trd, 2591035.179, 105
Trd, 2591037.546, 94
Trd, 2591038.496, 95
Trd, 2591038.946, 108
Trd, 2591039.263, 109
Trd, 2591039.846, 105
Trd, 2591041.579, 94
Trd, 2591042.813, 100
Trd, 2591043.479, 93
Trd, 2591044.379, 91
Trd, 2591044.979, 87
Trd, 2591046.096, 91
Trd, 2591047.046, 94
Trd, 2591047.096, 95
Trd, 2591047.446, 97
Trd, 2591048.113, 97
Trd, 2591048.613, 98
Trd, 2591050.279, 93
Trd, 2591050.879, 102
Trd, 2591051.046, 103
Trd, 2591051.646, 103
Trd, 2591051.829, 104
Trd, 2591052.046, 105
Trd, 2591052.313, 96
Trd, 2591052.796, 108
Trd, 2591054.229, 116
Trd, 2591054.596, 116
Trd, 2591055.329, 114
Trd, 2591055.829, 112
Trd, 2591056.163, 113
Trd, 2591056.379, 114
Trd, 2591057.729, 106
Trd, 2591058.196, 107
Trd, 2591058.263, 104
Trd, 2591058.946, 101
Trd, 2591059.329, 94
Trd, 2591059.563, 91
Trd, 2591059.963, 102
Trd, 2591061.679, 100
Trd, 2591061.929, 101
Trd, 2591062.463, 101
Trd, 2591064.379, 98
Trd, 2591064.396, 84
Trd, 2591065.929, 95
Trd, 2591066.296, 93
Trd, 2591066.979, 92
Trd, 2591067.279, 94
Trd, 2591067.296, 95
Trd, 2591067.479, 92
Trd, 2591067.713, 98
Trd, 2591068.079, 105
Trd, 2591068.613, 107
Trd, 2591068.896, 101
Trd, 2591069.246, 108
Trd, 2591069.729, 114
Trd, 2591069.996, 102
Trd, 2591070.996, 109
Trd, 2591071.329, 109
Trd, 2591072.096, 114
Trd, 2591072.229, 122
Trd, 2591072.813, 107
Trd, 2591073.546, 106
Trd, 2591073.729, 111
Trd, 2591073.896, 105
Trd, 2591073.946, 112
Trd, 2591074.146, 98
Trd, 2591076.196, 104
Trd, 2591077.679, 100
Trd, 2591078.146, 100
Trd, 2591078.396, 99
Trd, 2591078.479, 98
Trd, 2591078.546, 94
Trd, 2591079.579, 92
Trd, 2591080.629, 91
Trd, 2591081.146, 94
Trd, 2591082.563, 91
Trd, 2591083.263, 94
Trd, 2591083.729, 105
Trd, 2591084.546, 106
Trd, 2591084.713, 108
Trd, 2591085.096, 114
Trd, 2591085.463, 106
Trd, 2591085.946, 118
Trd, 2591086.679, 119
Trd, 2591086.913, 105
Trd, 2591087.946, 115
Trd, 2591089.429, 101
Trd, 2591089.796, 100
Trd, 2591091.113, 98
Trd, 2591091.146, 100
Trd, 2591091.496, 94
Trd, 2591091.796, 87
Trd, 2591091.863, 100
Trd, 2591092.079, 101
Trd, 2591093.446, 92
Trd, 2591093.579, 91
Trd, 2591094.296, 90
Trd, 2591095.096, 85
Trd, 2591095.196, 86
Trd, 2591095.263, 84
Trd, 2591095.429, 81
Trd, 2591096.313, 87
Trd, 2591096.513, 91
Trd, 2591097.763, 93
Trd, 2591098.129, 94
Trd, 2591098.429, 103
Trd, 2591100.879, 103
Trd, 2591101.063, 104
Trd, 2591101.413, 92
Trd, 2591101.929, 102
Trd, 2591102.529, 92
Trd, 2591102.713, 96
Trd, 2591103.513, 105
Trd, 2591104.379, 106
Trd, 2591104.946, 107
Trd, 2591105.729, 96
Trd, 2591106.146, 96
Trd, 2591106.413, 103
Trd, 2591106.496, 104
Trd, 2591108.563, 98
Trd, 2591108.896, 101
Trd, 2591109.763, 102
Trd, 2591109.829, 103
Trd, 2591109.929, 104
Trd, 2591110.863, 103
Trd, 2591112.213, 102
Trd, 2591112.713, 100
Trd, 2591113.496, 100
Trd, 2591114.796, 101
Trd, 2591115.196, 100
Trd, 2591115.563, 102
Trd, 2591116.529, 100
Trd, 2591116.929, 99
Trd, 2591117.396, 99
Trd, 2591117.596, 98
Trd, 2591117.813, 94
Trd, 2591118.063, 98
Trd, 2591118.263, 99
Trd, 2591119.513, 98
Trd, 2591119.696, 105
Trd, 2591121.263, 105
Trd, 2591121.379, 92
Trd, 2591121.596, 93
Trd, 2591123.079, 102
Trd, 2591123.229, 101
Trd, 2591124.079, 103
Trd, 2591126.863, 101
Trd, 2591127.379, 102
Trd, 2591127.713, 102
Trd, 2591127.929, 103
Trd, 2591127.963, 105
Trd, 2591128.029, 108
Trd, 2591128.129, 98
Trd, 2591128.663, 114
Trd, 2591129.696, 96
Trd, 2591130.013, 94
Trd, 2591130.529, 106
Trd, 2591130.646, 108
Trd, 2591132.513, 101
Trd, 2591132.863, 99
Trd, 2591133.746, 98
Trd, 2591134.046, 92
Trd, 2591135.013, 91
Trd, 2591135.663, 95
Trd, 2591135.746, 96
Trd, 2591136.763, 92
Trd, 2591137.996, 91
Trd, 2591138.046, 96
Trd, 2591138.546, 87
Trd, 2591138.779, 98
Trd, 2591139.346, 102
Trd, 2591139.379, 84
Trd, 2591139.413, 81
Trd, 2591140.329, 102
Trd, 2591140.863, 102
Trd, 2591141.829, 105
Trd, 2591143.779, 105
Trd, 2591143.863, 106
Trd, 2591144.596, 106
Trd, 2591144.663, 105
Trd, 2591144.679, 107
Trd, 2591146.379, 104
Trd, 2591146.679, 106
Trd, 2591146.729, 103
Trd, 2591146.863, 107
Trd, 2591146.929, 101
Trd, 2591147.779, 105
Trd, 2591147.946, 104
Trd, 2591148.829, 107
Trd, 2591150.546, 96
Trd, 2591151.946, 102
Trd, 2591152.046, 105
Trd, 2591152.629, 113
Trd, 2591153.429, 114
Trd, 2591153.813, 112
Trd, 2591153.879, 113
Trd, 2591155.746, 108
Trd, 2591156.446, 108
Trd, 2591156.496, 106
Trd, 2591157.046, 102
Trd, 2591157.729, 105
Trd, 2591157.996, 101
Trd, 2591158.213, 98
Trd, 2591158.463, 113
Trd, 2591158.496, 97
Trd, 2591159.896, 98
Trd, 2591160.013, 94
Trd, 2591161.496, 106
Trd, 2591162.729, 98
Trd, 2591162.763, 101
Trd, 2591163.279, 95
Trd, 2591165.263, 96
Trd, 2591165.413, 97
Trd, 2591165.679, 97
Trd, 2591166.113, 96
Trd, 2591166.329, 97
Trd, 2591166.413, 98
Trd, 2591166.796, 105
Trd, 2591169.479, 114
Trd, 2591169.763, 114
Trd, 2591170.196, 112
Trd, 2591170.463, 99
Trd, 2591170.796, 91
Trd, 2591170.829, 100
Trd, 2591171.179, 104
Trd, 2591171.246, 104
Trd, 2591171.529, 89
Trd, 2591172.496, 104
Trd, 2591174.379, 101
Trd, 2591174.563, 94
Trd, 2591175.296, 103
Trd, 2591175.596, 87
Trd, 2591176.929, 103
Trd, 2591177.113, 104
Trd, 2591177.613, 103
Trd, 2591179.079, 101
Trd, 2591179.229, 102
Trd, 2591179.329, 105
Trd, 2591180.396, 102
Trd, 2591180.613, 98
Trd, 2591181.813, 93
Trd, 2591182.079, 91
Trd, 2591182.396, 93
Trd, 2591182.713, 95
Trd, 2591182.729, 96
Trd, 2591183.163, 97
Trd, 2591183.513, 91
Trd, 2591187.413, 91
Trd, 2591187.563, 92
Trd, 2591187.596, 94
Trd, 2591188.296, 98
Trd, 2591188.413, 105
Trd, 2591188.596, 87
Trd, 2591189.279, 105
Trd, 2591189.329, 84
Trd, 2591191.146, 97
Trd, 2591191.479, 99
Trd, 2591192.079, 96
Trd, 2591192.513, 100
Trd, 2591192.546, 101
Trd, 2591192.863, 101
Trd, 2591192.963, 108
Trd, 2591193.563, 102
Trd, 2591194.746, 112
Trd, 2591196.346, 107
Trd, 2591196.446, 106
Trd, 2591196.713, 105
Trd, 2591197.529, 101
Trd, 2591197.596, 94
Trd, 2591198.229, 96
Trd, 2591199.029, 97
Trd, 2591199.179, 91
Trd, 2591199.313, 89
Trd, 2591200.013, 104
Trd, 2591200.196, 105
Trd, 2591201.363, 106
Trd, 2591201.379, 83
Trd, 2591201.763, 115
Trd, 2591202.696, 115
Trd, 2591203.263, 87
Trd, 2591203.479, 114
Trd, 2591204.346, 113
Trd, 2591205.463, 110
Trd, 2591206.513, 102
Trd, 2591206.529, 110
Trd, 2591207.046, 112
Trd, 2591208.113, 102
Trd, 2591208.546, 101
Trd, 2591209.163, 101
Trd, 2591209.613, 102
Trd, 2591211.896, 102
Trd, 2591212.296, 105
Trd, 2591212.479, 102
Trd, 2591213.746, 101
Trd, 2591213.763, 103
Trd, 2591213.829, 100
Trd, 2591214.229, 104
Trd, 2591214.779, 117
Trd, 2591214.913, 99
Trd, 2591216.996, 112
Trd, 2591217.546, 102
Trd, 2591217.729, 98
Trd, 2591217.846, 103
Trd, 2591217.946, 115
Trd, 2591218.663, 115
Trd, 2591220.313, 115
Trd, 2591220.896, 112
Trd, 2591221.546, 109
Trd, 2591222.329, 104
Trd, 2591222.379, 105
Trd, 2591222.879, 102
Trd, 2591223.379, 99
Trd, 2591223.529, 98
Trd, 2591224.279, 97
Trd, 2591225.346, 94
Trd, 2591226.263, 95
Trd, 2591226.546, 94
Trd, 2591227.363, 92
Trd, 2591228.029, 93
Trd, 2591228.129, 92
Trd, 2591228.279, 93
Trd, 2591228.396, 92
Trd, 2591230.379, 90
Trd, 2591230.446, 96
Trd, 2591231.046, 87
Trd, 2591231.663, 86
Trd, 2591231.713, 95
Trd, 2591232.446, 97
Trd, 2591232.513, 92
Trd, 2591233.196, 105
Trd, 2591234.896, 98
Trd, 2591235.546, 97
Trd, 2591235.629, 96
Trd, 2591235.779, 98
Trd, 2591235.929, 97
Trd, 2591235.979, 91
Trd, 2591236.763, 87
Trd, 2591236.913, 84
Trd, 2591237.029, 95
Trd, 2591237.046, 102
Trd, 2591237.663, 108
Trd, 2591237.963, 76
Trd, 2591238.579, 115
Trd, 2591242.613, 107
Trd, 2591243.013, 105
Trd, 2591243.396, 105
Trd, 2591243.429, 104
Trd, 2591243.646, 101
Trd, 2591243.896, 105
Trd, 2591244.879, 101
Trd, 2591245.229, 102
Trd, 2591245.963, 115
Trd, 2591245.979, 105
Trd, 2591246.163, 103
Trd, 2591246.229, 119
Trd, 2591246.896, 102
Trd, 2591247.179, 115
Trd, 2591248.379, 94
Trd, 2591250.346, 116
Trd, 2591250.529, 117
Trd, 2591250.996, 98
Trd, 2591253.163, 105
Trd, 2591253.346, 106
Trd, 2591253.413, 92
Trd, 2591254.263, 90
Trd, 2591254.413, 87
Trd, 2591255.279, 99
Trd, 2591256.479, 97
Trd, 2591256.779, 98
Trd, 2591257.063, 100
Trd, 2591257.529, 100
Trd, 2591257.879, 99
Trd, 2591257.946, 101
Trd, 2591259.529, 101
Trd, 2591259.863, 104
Trd, 2591261.763, 98
Trd, 2591261.779, 105
Trd, 2591262.146, 97
Trd, 2591262.629, 118
Trd, 2591263.846, 105
Trd, 2591265.229, 107
Trd, 2591267.129, 105
Trd, 2591267.663, 103
Trd, 2591268.663, 102
Trd, 2591269.663, 94
Trd, 2591270.096, 99
Trd, 2591270.463, 100
Trd, 2591270.479, 101
Trd, 2591270.563, 102
Trd, 2591271.363, 92
Trd, 2591271.446, 97
Trd, 2591273.196, 95
Trd, 2591273.663, 94
Trd, 2591273.763, 96
Trd, 2591274.413, 98
Trd, 2591275.046, 100
Trd, 2591275.213, 99
Trd, 2591275.379, 99
Trd, 2591276.113, 101
Trd, 2591277.529, 104
Trd, 2591277.879, 99
Trd, 2591278.546, 104
Trd, 2591279.013, 107
Trd, 2591279.579, 94
Trd, 2591279.946, 92
Trd, 2591280.596, 101
Trd, 2591281.163, 104
Trd, 2591281.296, 92
Trd, 2591282.129, 101
Trd, 2591282.279, 92
Trd, 2591283.696, 105
Trd, 2591284.279, 108
Trd, 2591285.279, 97
Trd, 2591285.463, 90
Trd, 2591286.196, 100
Trd, 2591286.279, 105
Trd, 2591288.179, 108
Trd, 2591288.413, 108
Trd, 2591288.546, 107
Trd, 2591289.046, 106
Trd, 2591289.296, 107
Trd, 2591290.413, 113
Trd, 2591291.063, 107
Trd, 2591291.646, 105
Trd, 2591291.929, 104
Trd, 2591292.996, 100
Trd, 2591293.279, 101
Trd, 2591293.779, 95
Trd, 2591293.963, 103
Trd, 2591294.229, 104
Trd, 2591294.313, 105
Trd, 2591294.529, 108
Trd, 2591295.713, 110
Trd, 2591297.463, 100
Trd, 2591298.146, 99
Trd, 2591298.246, 101
Trd, 2591298.396, 101
Trd, 2591299.296, 108
Trd, 2591300.529, 98
Trd, 2591300.896, 94
Trd, 2591301.663, 91
Trd, 2591303.046, 92
Trd, 2591303.296, 87
Trd, 2591303.963, 84
Trd, 2591304.063, 90
Trd, 2591304.196, 91
Trd, 2591304.596, 92
Trd, 2591304.679, 94
Trd, 2591305.313, 105
Trd, 2591306.196, 93
Trd, 2591307.813, 106
Trd, 2591308.679, 107
Trd, 2591308.979, 107
Trd, 2591309.313, 108
Trd, 2591310.196, 107
Trd, 2591310.746, 109
Trd, 2591311.263, 107
Trd, 2591311.713, 106
Trd, 2591312.746, 108
Trd, 2591313.096, 107
Trd, 2591313.213, 106
Trd, 2591313.546, 112
Trd, 2591315.146, 108
Trd, 2591315.913, 111
Trd, 2591316.979, 109
Trd, 2591317.163, 110
Trd, 2591317.363, 94
Trd, 2591317.796, 86
Trd, 2591319.779, 108
Trd, 2591320.263, 108
Trd, 2591320.479, 107
Trd, 2591320.929, 108
Trd, 2591321.296, 107
Trd, 2591322.429, 109
Trd, 2591322.963, 104
Trd, 2591323.779, 103
Trd, 2591325.079, 100
Trd, 2591325.163, 99
Trd, 2591325.379, 97
Trd, 2591325.929, 95
Trd, 2591326.013, 94
Trd, 2591326.079, 96
Trd, 2591326.313, 98
Trd, 2591326.379, 99
Trd, 2591327.029, 101
Trd, 2591327.563, 105
Trd, 2591327.813, 108
Trd, 2591330.513, 105
Trd, 2591330.746, 97
Trd, 2591331.063, 98
Trd, 2591332.313, 97
Trd, 2591333.429, 97
Trd, 2591333.663, 98
Trd, 2591333.829, 100
Trd, 2591335.129, 92
Trd, 2591335.579, 87
Trd, 2591335.896, 102
Trd, 2591335.963, 81
Trd, 2591337.446, 103
Trd, 2591338.646, 100
Trd, 2591339.013, 98
Trd, 2591339.463, 94
Trd, 2591340.229, 97
Trd, 2591341.013, 98
Trd, 2591341.113, 100
Trd, 2591341.663, 92
Trd, 2591342.363, 100
Trd, 2591342.579, 100
Trd, 2591342.996, 92
Trd, 2591343.113, 88
Trd, 2591343.713, 84
Trd, 2591344.629, 102
Trd, 2591344.779, 82
Trd, 2591345.396, 101
Trd, 2591346.146, 82
Trd, 2591346.879, 81
Trd, 2591346.913, 98
Trd, 2591347.096, 98
Trd, 2591347.679, 92
Trd, 2591348.096, 96
Trd, 2591348.779, 98
Trd, 2591348.913, 104
Trd, 2591350.496, 104
Trd, 2591351.579, 105
Trd, 2591352.346, 107
Trd, 2591353.413, 110
Trd, 2591353.663, 110
Trd, 2591353.729, 112
Trd, 2591353.963, 108
Trd, 2591355.129, 106
Trd, 2591355.196, 105
Trd, 2591355.229, 107
Trd, 2591355.979, 101
Trd, 2591356.179, 102
Trd, 2591356.479, 99
Trd, 2591357.746, 101
Trd, 2591359.213, 99
Trd, 2591359.296, 100
Trd, 2591359.629, 98
Trd, 2591360.163, 105
Trd, 2591361.296, 106
Trd, 2591361.679, 106
Trd, 2591361.813, 108
Trd, 2591361.996, 105
Trd, 2591362.446, 113
Trd, 2591363.813, 114
Trd, 2591364.029, 115
Trd, 2591364.763, 114
Trd, 2591365.829, 100
Trd, 2591366.063, 101
Trd, 2591367.113, 101
Trd, 2591367.796, 100
Trd, 2591367.979, 96
Trd, 2591370.479, 95
Trd, 2591370.613, 95
Trd, 2591371.046, 94
Trd, 2591371.429, 96
Trd, 2591371.779, 98
Trd, 2591371.946, 104
Trd, 2591372.663, 104
Trd, 2591373.513, 98
Trd, 2591374.213, 104
Trd, 2591375.646, 97
Trd, 2591376.129, 94
Trd, 2591376.329, 93
Trd, 2591377.229, 95
Trd, 2591377.546, 96
Trd, 2591377.629, 91
Trd, 2591379.096, 97
Trd, 2591379.329, 87
Trd, 2591380.263, 96
Trd, 2591380.846, 97
Trd, 2591381.179, 85
Trd, 2591381.213, 97
Trd, 2591381.346, 84
Trd, 2591381.396, 98
Trd, 2591383.113, 97
Trd, 2591384.329, 95
Trd, 2591384.663, 97
Trd, 2591385.379, 100
Trd, 2591385.963, 101
Trd, 2591387.463, 102
Trd, 2591387.496, 99
Trd, 2591387.563, 99
Trd, 2591388.079, 99
Trd, 2591388.613, 97
Trd, 2591389.513, 99
Trd, 2591389.729, 100
Trd, 2591391.496, 96
Trd, 2591391.579, 97
Trd, 2591391.663, 95
Trd, 2591391.696, 100
Trd, 2591392.179, 105
Trd, 2591392.463, 108
Trd, 2591393.163, 96
Trd, 2591394.946, 99
Trd, 2591395.129, 96
Trd, 2591395.613, 94
Trd, 2591397.096, 92
Trd, 2591397.579, 94
Trd, 2591398.113, 92
Trd, 2591398.129, 93
Trd, 2591398.363, 93
Trd, 2591399.629, 91
Trd, 2591400.096, 93
Trd, 2591400.396, 94
Trd, 2591401.413, 91
Trd, 2591401.446, 96
Trd, 2591402.363, 96
Trd, 2591402.429, 103
Trd, 2591403.263, 104
Trd, 2591404.946, 103
Trd, 2591405.379, 104
Trd, 2591406.146, 102
Trd, 2591406.596, 101
Trd, 2591407.313, 99
Trd, 2591408.079, 98
Trd, 2591408.163, 94
Trd, 2591408.479, 99
Trd, 2591408.496, 101
Trd, 2591409.113, 101
Trd, 2591410.063, 88
Trd, 2591410.946, 95
Trd, 2591411.379, 96
Trd, 2591411.546, 93
Trd, 2591413.496, 98
Trd, 2591413.746, 99
Trd, 2591413.829, 97
Trd, 2591414.163, 101
Trd, 2591414.313, 105
Trd, 2591416.046, 100
Trd, 2591416.113, 105
Trd, 2591416.979, 103
Trd, 2591417.346, 101
Trd, 2591417.646, 98
Trd, 2591418.096, 106
Trd, 2591418.746, 107
Trd, 2591419.163, 107
Trd, 2591419.363, 93
Trd, 2591419.679, 108
Trd, 2591420.413, 88
Trd, 2591420.713, 87
Trd, 2591421.946, 92
Trd, 2591423.563, 101
Trd, 2591424.063, 101
Trd, 2591426.213, 99
Trd, 2591426.363, 100
Trd, 2591427.696, 95
Trd, 2591428.363, 111
Trd, 2591428.746, 87
Trd, 2591430.096, 85
Trd, 2591430.163, 84
Trd, 2591430.713, 104
Trd, 2591430.996, 90
Trd, 2591431.146, 86
Trd, 2591431.379, 105
Trd, 2591432.179, 103
Trd, 2591433.213, 101
Trd, 2591433.563, 100
Trd, 2591433.846, 101
Trd, 2591434.713, 88
Trd, 2591436.829, 94
Trd, 2591436.979, 94
Trd, 2591437.213, 94
Trd, 2591437.446, 94
Trd, 2591438.813, 98
Trd, 2591438.846, 101
Trd, 2591439.479, 101
Trd, 2591440.279, 98
Trd, 2591440.563, 100
Trd, 2591441.046, 99
Trd, 2591441.879, 97
Trd, 2591441.896, 104
Trd, 2591442.496, 101
Trd, 2591442.696, 101
Trd, 2591443.296, 103
Trd, 2591443.579, 105
Trd, 2591444.713, 102
Trd, 2591444.896, 98
Trd, 2591445.246, 94
Trd, 2591445.596, 104
Trd, 2591446.146, 93
Trd, 2591446.646, 107
Trd, 2591446.896, 106
Trd, 2591447.296, 107
Trd, 2591447.996, 105
Trd, 2591448.263, 99
Trd, 2591448.879, 101
Trd, 2591449.846, 105
Trd, 2591450.229, 105
Trd, 2591451.929, 106
Trd, 2591452.463, 107
Trd, 2591453.896, 103
Trd, 2591454.429, 101
Trd, 2591454.863, 107
Trd, 2591455.879, 106
Trd, 2591456.313, 104
Trd, 2591456.613, 105
Trd, 2591456.779, 107
Trd, 2591457.263, 103
Trd, 2591458.813, 105
Trd, 2591459.696, 106
Trd, 2591459.846, 108
Trd, 2591459.963, 105
Trd, 2591460.079, 100
Trd, 2591460.596, 98
Trd, 2591462.163, 91
Trd, 2591463.113, 86
Trd, 2591464.246, 86
Trd, 2591464.296, 85
Trd, 2591464.479, 81
Trd, 2591465.429, 87
Trd, 2591465.696, 88
Trd, 2591468.996, 91
Trd, 2591469.413, 90
Trd, 2591469.496, 93
Trd, 2591470.596, 92
Trd, 2591470.763, 98
Trd, 2591470.963, 105
Trd, 2591471.513, 105
Trd, 2591471.596, 105
Trd, 2591472.029, 104
Trd, 2591472.046, 105
Trd, 2591472.546, 98
Trd, 2591472.796, 98
Trd, 2591473.246, 100
Trd, 2591473.296, 101
Trd, 2591473.913, 108
Trd, 2591474.313, 112
Trd, 2591475.429, 118
Trd, 2591476.663, 116
Trd, 2591477.079, 114
Trd, 2591477.129, 101
Trd, 2591477.546, 94
Trd, 2591477.829, 105
Trd, 2591478.079, 111
Trd, 2591479.863, 103
Trd, 2591480.046, 102
Trd, 2591480.063, 103
Trd, 2591480.129, 100
Trd, 2591481.446, 102
Trd, 2591482.179, 98
Trd, 2591483.013, 95
Trd, 2591483.096, 96
Trd, 2591483.313, 95
Trd, 2591483.546, 97
Trd, 2591484.379, 94
Trd, 2591484.613, 104
Trd, 2591486.029, 104
Trd, 2591486.146, 104
Trd, 2591486.446, 105
Trd, 2591487.129, 105
Trd, 2591487.529, 104
Trd, 2591488.079, 105
Trd, 2591488.263, 108
Trd, 2591491.496, 106
Trd, 2591491.929, 101
Trd, 2591492.546, 97
Trd, 2591493.479, 98
Trd, 2591493.779, 89
Trd, 2591493.863, 98
Trd, 2591494.963, 87
Trd, 2591495.846, 92
Trd, 2591496.279, 92
Trd, 2591496.413, 93
Trd, 2591496.846, 89
Trd, 2591497.346, 98
Trd, 2591498.463, 94
Trd, 2591498.713, 90
Trd, 2591499.729, 91
Trd, 2591500.379, 94
Trd, 2591500.729, 92
Trd, 2591501.663, 92
Trd, 2591502.179, 92
Trd, 2591502.213, 93
Trd, 2591502.663, 90
Trd, 2591503.429, 91
Trd, 2591503.629, 90
Trd, 2591504.096, 88
Trd, 2591504.213, 91
Trd, 2591504.363, 92
Trd, 2591504.596, 87
Trd, 2591505.096, 99
Trd, 2591505.529, 101
Trd, 2591505.696, 105
Trd, 2591505.813, 106
Trd, 2591507.896, 104
Trd, 2591509.496, 92
Trd, 2591509.629, 103
Trd, 2591510.813, 104
Trd, 2591510.846, 92
Trd, 2591511.929, 104
Trd, 2591513.696, 103
Trd, 2591515.329, 104
Trd, 2591515.646, 103
Trd, 2591516.279, 104
Trd, 2591516.429, 102
Trd, 2591516.646, 105
Trd, 2591516.929, 106
Trd, 2591517.363, 91
Trd, 2591519.363, 102
Trd, 2591519.713, 101
Trd, 2591520.429, 99
Trd, 2591520.513, 97
Trd, 2591520.613, 94
Trd, 2591521.179, 100
Trd, 2591521.429, 101
Trd, 2591522.396, 94
Trd, 2591522.696, 104
Trd, 2591523.079, 90
Trd, 2591523.729, 102
Trd, 2591525.129, 99
Trd, 2591525.296, 96
Trd, 2591526.296, 97
Trd, 2591526.313, 95
Trd, 2591527.279, 97
Trd, 2591527.296, 94
Trd, 2591527.479, 98
Trd, 2591527.796, 105
Trd, 2591530.779, 104
Trd, 2591531.163, 103
Trd, 2591531.513, 104
Trd, 2591532.013, 106
Trd, 2591532.513, 92
Trd, 2591532.796, 91
Trd, 2591533.196, 107
Trd, 2591533.996, 111
Trd, 2591535.363, 112
Trd, 2591536.229, 111
Trd, 2591536.446, 112
Trd, 2591537.713, 112
Trd, 2591537.913, 110
Trd, 2591537.996, 104
Trd, 2591538.079, 112
Trd, 2591539.213, 91
Trd, 2591540.213, 103
Trd, 2591540.496, 102
Trd, 2591540.796, 101
Trd, 2591540.946, 87
Trd, 2591541.346, 101
Trd, 2591542.029, 105
Trd, 2591542.079, 88
Trd, 2591543.646, 102
Trd, 2591543.746, 100
Trd, 2591543.829, 106
Trd, 2591543.913, 99
Trd, 2591545.296, 94
Trd, 2591546.629, 97
Trd, 2591547.363, 98
Trd, 2591548.146, 101
Trd, 2591548.896, 100
Trd, 2591549.563, 90
Trd, 2591550.379, 96
Trd, 2591550.913, 95
Trd, 2591550.996, 104
Trd, 2591552.646, 105
Trd, 2591552.779, 94
Trd, 2591553.546, 101
Trd, 2591553.879, 102
Trd, 2591553.913, 106
Trd, 2591554.579, 108
Trd, 2591556.279, 106
Trd, 2591557.063, 99
Trd, 2591557.796, 97
Trd, 2591557.979, 94
Trd, 2591558.346, 91
Trd, 2591558.963, 96
Trd, 2591559.529, 91
Trd, 2591559.546, 94
Trd, 2591560.646, 93
Trd, 2591561.063, 93
Trd, 2591561.696, 93
Trd, 2591562.063, 94
Trd, 2591562.096, 106
Trd, 2591563.263, 106
Trd, 2591563.363, 94
Trd, 2591564.346, 106
Trd, 2591565.563, 101
Trd, 2591566.879, 97
Trd, 2591567.113, 98
Trd, 2591567.379, 98
Trd, 2591567.679, 108
Trd, 2591567.763, 113
Trd, 2591568.196, 91
Trd, 2591568.863, 105
Trd, 2591569.413, 104
Trd, 2591569.879, 110
Trd, 2591571.429, 99
Trd, 2591572.463, 95
Trd, 2591572.863, 94
Trd, 2591572.896, 96
Trd, 2591573.113, 97
Trd, 2591573.646, 97
Trd, 2591574.063, 97
Trd, 2591575.063, 94
Trd, 2591575.313, 97
Trd, 2591575.796, 101
Trd, 2591575.846, 91
Trd, 2591576.646, 105
Trd, 2591577.213, 90
Trd, 2591577.379, 102
Trd, 2591577.513, 90
Trd, 2591578.613, 102
Trd, 2591579.213, 100
Trd, 2591579.729, 98
Trd, 2591580.663, 100
Trd, 2591582.263, 89
Trd, 2591584.129, 96
Trd, 2591584.313, 96
Trd, 2591585.429, 96
Trd, 2591585.879, 95
Trd, 2591586.079, 94
Trd, 2591586.113, 98
Trd, 2591586.213, 94
Trd, 2591586.446, 99
Trd, 2591587.079, 90
Trd, 2591588.179, 87
Trd, 2591588.379, 97
Trd, 2591588.429, 98
Trd, 2591588.763, 102
Trd, 2591589.579, 84
Trd, 2591589.913, 105
Trd, 2591590.246, 107
Trd, 2591591.596, 86
Trd, 2591591.696, 87
Trd, 2591592.346, 91
Trd, 2591593.296, 112
Trd, 2591594.679, 107
Trd, 2591596.029, 109
Trd, 2591596.396, 109
Trd, 2591596.763, 115
Trd, 2591597.146, 117
Trd, 2591597.313, 101
Trd, 2591599.163, 101
Trd, 2591599.229, 104
Trd, 2591599.863, 99
Trd, 2591600.096, 100
Trd, 2591601.363, 99
Trd, 2591601.946, 99
Trd, 2591602.596, 98
Trd, 2591602.796, 94
Trd, 2591603.579, 91
Trd, 2591603.779, 87
Trd, 2591604.229, 97
Trd, 2591604.513, 96
Trd, 2591605.096, 96
Trd, 2591605.529, 105
Trd, 2591606.279, 88
Trd, 2591607.846, 92
Trd, 2591608.196, 94
Trd, 2591608.696, 95
Trd, 2591609.396, 95
Trd, 2591609.779, 96
Trd, 2591609.796, 106
Trd, 2591610.029, 114
Trd, 2591610.196, 115
Trd, 2591610.746, 91
Trd, 2591612.246, 108
Trd, 2591612.663, 101
Trd, 2591613.579, 98
Trd, 2591614.346, 101
Trd, 2591614.896, 102
Trd, 2591615.896, 104
Trd, 2591616.863, 103
Trd, 2591617.229, 97
Trd, 2591617.763, 98
Trd, 2591618.879, 99
Trd, 2591620.146, 100
Trd, 2591620.479, 100
Trd, 2591621.013, 102
Trd, 2591621.046, 101
Trd, 2591621.279, 96
Trd, 2591621.579, 97
Trd, 2591623.079, 96
Trd, 2591623.263, 100
Trd, 2591623.529, 100
Trd, 2591623.563, 101
Trd, 2591624.279, 104
Trd, 2591625.146, 101
Trd, 2591625.929, 98
Trd, 2591626.663, 98
Trd, 2591627.279, 91
Trd, 2591627.329, 91
Trd, 2591628.096, 105
Trd, 2591628.679, 116
Trd, 2591629.563, 118
Trd, 2591629.979, 112
Trd, 2591631.079, 113
Trd, 2591631.163, 114
Trd, 2591631.796, 108
Trd, 2591632.879, 105
Trd, 2591633.196, 104
Trd, 2591634.329, 94
Trd, 2591634.679, 94
Trd, 2591634.996, 92
Trd, 2591635.179, 93
Trd, 2591635.696, 94
Trd, 2591635.996, 94
Trd, 2591637.113, 93
Trd, 2591637.196, 89
Trd, 2591637.646, 88
Trd, 2591637.663, 92
Trd, 2591638.796, 97
Trd, 2591638.896, 98
Trd, 2591639.846, 101
Trd, 2591640.013, 102
Trd, 2591640.446, 102
Trd, 2591641.879, 86
Trd, 2591642.963, 101
Trd, 2591643.379, 104
Trd, 2591644.179, 98
Trd, 2591644.196, 108
Trd, 2591645.329, 88
Trd, 2591645.629, 107
Trd, 2591648.079, 95
Trd, 2591649.463, 94
Trd, 2591649.829, 95
Trd, 2591649.913, 96
Trd, 2591651.279, 95
Trd, 2591651.713, 96
Trd, 2591651.913, 96
Trd, 2591652.029, 96
Trd, 2591652.129, 90
Trd, 2591652.446, 98
Trd, 2591652.696, 105
Trd, 2591652.763, 89
Trd, 2591652.846, 108
Trd, 2591653.346, 99
Trd, 2591653.729, 89
Trd, 2591654.179, 100
Trd, 2591654.563, 101
Trd, 2591655.246, 89
Trd, 2591655.663, 115
Trd, 2591655.779, 89
Trd, 2591658.129, 107
Trd, 2591658.379, 108
Trd, 2591659.713, 105
Trd, 2591659.979, 91
Trd, 2591659.996, 108
Trd, 2591662.963, 90
Trd, 2591663.079, 91
Trd, 2591663.246, 89
Trd, 2591663.396, 91
Trd, 2591663.896, 92
Trd, 2591664.996, 95
Trd, 2591667.629, 95
Trd, 2591667.779, 95
Trd, 2591668.113, 98
Trd, 2591668.979, 96
Trd, 2591669.496, 101
Trd, 2591669.629, 109
Trd, 2591670.279, 116
Trd, 2591670.646, 100
Trd, 2591671.646, 112
Trd, 2591671.863, 98
Trd, 2591672.513, 95
Trd, 2591672.746, 94
Trd, 2591673.163, 109
Trd, 2591673.346, 104
Trd, 2591673.579, 109
Trd, 2591674.713, 97
Trd, 2591675.079, 106
Trd, 2591675.579, 107
Trd, 2591677.363, 100
Trd, 2591677.379, 107
Trd, 2591677.563, 91
Trd, 2591678.679, 102
Trd, 2591680.113, 100
Trd, 2591680.213, 91
Trd, 2591680.696, 90
Trd, 2591681.463, 96
Trd, 2591682.246, 92
Trd, 2591682.746, 93
Trd, 2591682.896, 97
Trd, 2591683.263, 98
Trd, 2591683.296, 93
Trd, 2591684.846, 92
Trd, 2591686.229, 91
Trd, 2591687.779, 92
Trd, 2591688.363, 91
Trd, 2591688.529, 87
Trd, 2591689.013, 88
Trd, 2591690.113, 85
Trd, 2591690.363, 85
Trd, 2591690.713, 91
Trd, 2591691.196, 94
Trd, 2591691.729, 98
Trd, 2591692.913, 99
Trd, 2591692.946, 101
Trd, 2591693.429, 92
Trd, 2591693.529, 91
Trd, 2591693.563, 105
Trd, 2591693.596, 84
Trd, 2591693.996, 105
Trd, 2591694.079, 89
Trd, 2591696.113, 101
Trd, 2591696.596, 100
Trd, 2591696.613, 101
Trd, 2591697.329, 98
Trd, 2591697.396, 105
Trd, 2591697.896, 102
Trd, 2591698.079, 101
Trd, 2591698.346, 93
Trd, 2591699.596, 91
Trd, 2591701.746, 95
Trd, 2591701.846, 96
Trd, 2591702.263, 96
Trd, 2591703.563, 99
Trd, 2591704.113, 100
Trd, 2591704.213, 98
Trd, 2591704.279, 100
Trd, 2591705.163, 98
Trd, 2591705.279, 101
Trd, 2591705.846, 105
Trd, 2591706.013, 108
Trd, 2591706.846, 96
Trd, 2591708.179, 93
Trd, 2591709.679, 105
Trd, 2591709.729, 106
Trd, 2591712.413, 96
Trd, 2591712.963, 97
Trd, 2591713.179, 99
Trd, 2591713.863, 98
Trd, 2591713.879, 97
Trd, 2591714.079, 95
Trd, 2591714.596, 99
Trd, 2591715.796, 94
Trd, 2591715.913, 96
Trd, 2591715.963, 87
Trd, 2591717.379, 94
Trd, 2591718.213, 97
Trd, 2591718.296, 97
Trd, 2591718.846, 98
Trd, 2591719.413, 97
Trd, 2591719.713, 108
Trd, 2591719.763, 97
Trd, 2591719.863, 112
Trd, 2591722.513, 104
Trd, 2591722.763, 104
Trd, 2591723.513, 105
Trd, 2591723.796, 101
Trd, 2591723.929, 105
Trd, 2591726.163, 100
Trd, 2591726.696, 103
Trd, 2591726.763, 94
Trd, 2591726.813, 90
Trd, 2591726.863, 104
Trd, 2591727.829, 104
Trd, 2591728.079, 105
Trd, 2591728.196, 108
Trd, 2591730.313, 112
Trd, 2591731.129, 102
Trd, 2591732.679, 102
Trd, 2591733.196, 100
Trd, 2591733.346, 100
Trd, 2591733.629, 100
Trd, 2591734.429, 102
Trd, 2591734.513, 98
Trd, 2591734.646, 91
Trd, 2591734.929, 115
Trd, 2591735.063, 118
Trd, 2591737.746, 105
Trd, 2591738.246, 107
Trd, 2591738.713, 113
Trd, 2591738.829, 113
Trd, 2591739.196, 107
Trd, 2591740.229, 103
Trd, 2591740.946, 102
Trd, 2591741.063, 101
Trd, 2591741.196, 103
Trd, 2591741.396, 96
Trd, 2591743.463, 98
Trd, 2591744.063, 92
Trd, 2591744.096, 101
Trd, 2591745.063, 100
Trd, 2591745.963, 95
Trd, 2591746.113, 98
Trd, 2591746.296, 98
Trd, 2591747.313, 92
Trd, 2591747.413, 93
Trd, 2591747.479, 91
Trd, 2591749.179, 87
Trd, 2591749.763, 92
Trd, 2591750.996, 87
Trd, 2591751.113, 91
Trd, 2591751.663, 87
Trd, 2591751.796, 91
Trd, 2591752.163, 93
Trd, 2591752.996, 94
Trd, 2591753.163, 98
Trd, 2591754.429, 105
Trd, 2591754.779, 100
Trd, 2591754.913, 108
Trd, 2591755.546, 98
Trd, 2591756.279, 100
Trd, 2591756.713, 99
Trd, 2591756.879, 96
Trd, 2591758.063, 95
Trd, 2591758.879, 94
Trd, 2591760.396, 94
Trd, 2591761.463, 92
Trd, 2591761.913, 93
Trd, 2591762.379, 91
Trd, 2591762.413, 90
Trd, 2591762.579, 95
Trd, 2591763.063, 96
Trd, 2591763.479, 101
Trd, 2591763.613, 102
Trd, 2591765.529, 101
Trd, 2591765.729, 104
Trd, 2591766.763, 92
Trd, 2591767.146, 102
Trd, 2591767.479, 90
Trd, 2591770.063, 94
Trd, 2591770.546, 93
Trd, 2591770.579, 87
Trd, 2591770.629, 94
Trd, 2591771.063, 94
Trd, 2591771.379, 98
Trd, 2591771.713, 108
Trd, 2591771.946, 105
Trd, 2591772.113, 112
Trd, 2591772.363, 87
Trd, 2591774.663, 102
Trd, 2591774.679, 103
Trd, 2591775.879, 98
Trd, 2591775.896, 98
Trd, 2591777.696, 96
Trd, 2591777.729, 91
Trd, 2591778.346, 95
Trd, 2591779.096, 97
Trd, 2591780.613, 102
Trd, 2591781.396, 101
Trd, 2591781.896, 100
Trd, 2591782.463, 99
Trd, 2591782.563, 101
Trd, 2591783.013, 94
Trd, 2591783.179, 105
Trd, 2591783.846, 93
Trd, 2591784.313, 90
Trd, 2591784.429, 110
Trd, 2591786.663, 98
Trd, 2591786.779, 102
Trd, 2591787.713, 103
Trd, 2591788.746, 102
Trd, 2591788.763, 103
Trd, 2591790.929, 102
Trd, 2591791.363, 101
Trd, 2591791.529, 101
Trd, 2591792.029, 101
Trd, 2591792.363, 101
Trd, 2591792.413, 102
Trd, 2591793.879, 101
Trd, 2591794.429, 96
Trd, 2591794.496, 100
Trd, 2591794.713, 101
Trd, 2591794.946, 102
Trd, 2591794.979, 104
Trd, 2591795.763, 97
Trd, 2591796.663, 98
Trd, 2591797.079, 94
Trd, 2591797.646, 98
Trd, 2591797.829, 93
Trd, 2591798.063, 92
Trd, 2591798.396, 94
Trd, 2591798.563, 91
Trd, 2591799.963, 91
Trd, 2591800.013, 92
Trd, 2591801.079, 105
Trd, 2591802.596, 100
Trd, 2591802.663, 104
Trd, 2591802.696, 99
Trd, 2591803.279, 103
Trd, 2591803.679, 98
Trd, 2591804.329, 101
Trd, 2591804.563, 103
Trd, 2591805.196, 105
Trd, 2591807.063, 103
Trd, 2591808.463, 96
Trd, 2591809.013, 101
Trd, 2591809.863, 101
Trd, 2591810.546, 100
Trd, 2591811.229, 99
Trd, 2591811.563, 98
Trd, 2591811.829, 94
Trd, 2591812.946, 96
Trd, 2591813.063, 91
Trd, 2591813.096, 97
Trd, 2591813.229, 87
Trd, 2591813.496, 98
Trd, 2591813.646, 86
Trd, 2591813.896, 105
Trd, 2591815.446, 87
Trd, 2591815.796, 104
Trd, 2591817.729, 99
Trd, 2591817.963, 99
Trd, 2591819.379, 106
Trd, 2591820.613, 103
Trd, 2591821.163, 102
Trd, 2591821.296, 101
Trd, 2591822.063, 98
Trd, 2591822.363, 98
Trd, 2591823.213, 99
Trd, 2591823.379, 97
Trd, 2591823.946, 99
Trd, 2591824.163, 94
Trd, 2591824.646, 101
Trd, 2591825.396, 101
Trd, 2591826.829, 93
Trd, 2591827.579, 97
Trd, 2591828.546, 98
Trd, 2591828.613, 101
Trd, 2591829.579, 105
Trd, 2591830.396, 105
Trd, 2591830.479, 96
Trd, 2591831.013, 104
Trd, 2591831.513, 99
Trd, 2591832.113, 99
Trd, 2591832.279, 98
Trd, 2591832.329, 91
Trd, 2591832.546, 90
Trd, 2591832.913, 99
Trd, 2591833.929, 97
Trd, 2591834.113, 98
Trd, 2591834.196, 86
Trd, 2591834.963, 105
Trd, 2591836.946, 93
Trd, 2591837.346, 84
Trd, 2591837.363, 96
Trd, 2591838.379, 96
Trd, 2591838.813, 88
Trd, 2591839.213, 95
Trd, 2591839.679, 98
Trd, 2591841.246, 98
Trd, 2591841.729, 97
Trd, 2591842.813, 101
Trd, 2591842.929, 100
Trd, 2591843.479, 103
Trd, 2591843.979, 101
Trd, 2591844.313, 100
Trd, 2591844.646, 89
Trd, 2591844.829, 101
Trd, 2591846.246, 88
Trd, 2591847.113, 94
Trd, 2591847.279, 95
Trd, 2591847.496, 96
Trd, 2591849.046, 108
Trd, 2591849.196, 115
Trd, 2591849.396, 116
Trd, 2591849.646, 105
Trd, 2591850.613, 110
Trd, 2591851.496, 107
Trd, 2591851.813, 110
Trd, 2591852.263, 110
Trd, 2591852.913, 104
Trd, 2591854.313, 101
Trd, 2591854.429, 105
Trd, 2591854.946, 105
Trd, 2591855.296, 105
Trd, 2591856.046, 105
Trd, 2591856.429, 105
Trd, 2591856.579, 107
Trd, 2591857.379, 107
Trd, 2591857.746, 104
Trd, 2591858.446, 104
Trd, 2591859.446, 99
Trd, 2591860.279, 99
Trd, 2591861.813, 101
Trd, 2591862.879, 98
Trd, 2591862.896, 100
Trd, 2591863.013, 100
Trd, 2591863.296, 97
Trd, 2591863.929, 94
Trd, 2591864.479, 91
Trd, 2591865.396, 92
Trd, 2591865.413, 94
Trd, 2591865.963, 98
Trd, 2591867.979, 104
Trd, 2591868.513, 104
Trd, 2591869.663, 104
Trd, 2591870.313, 103
Trd, 2591870.563, 101
Trd, 2591870.696, 100
Trd, 2591871.513, 97
Trd, 2591872.096, 98
Trd, 2591872.129, 99
Trd, 2591872.713, 104
Trd, 2591873.196, 105
Trd, 2591873.496, 105
Trd, 2591873.546, 91
Trd, 2591874.846, 91
Trd, 2591875.829, 104
Trd, 2591876.696, 104
Trd, 2591876.829, 107
Trd, 2591877.763, 106
Trd, 2591877.913, 103
Trd, 2591878.079, 100
Trd, 2591879.163, 87
Trd, 2591880.079, 84
Trd, 2591880.429, 105
Trd, 2591880.563, 106
Trd, 2591881.646, 95
Trd, 2591881.929, 103
Trd, 2591882.146, 85
Trd, 2591882.863, 88
Trd, 2591882.963, 101
Trd, 2591883.596, 100
Trd, 2591883.763, 101
Trd, 2591883.796, 108
Trd, 2591884.329, 104
Trd, 2591884.413, 111
Trd, 2591884.963, 112
Trd, 2591886.096, 101
Trd, 2591888.413, 101
Trd, 2591888.679, 102
Trd, 2591889.413, 94
Trd, 2591889.863, 91
Trd, 2591889.963, 99
Trd, 2591891.113, 85
Trd, 2591891.163, 95
Trd, 2591891.579, 98
Trd, 2591892.213, 86
Trd, 2591894.163, 97
Trd, 2591895.663, 99
Trd, 2591895.679, 98
Trd, 2591896.229, 99
Trd, 2591896.763, 98
Trd, 2591897.629, 103
Trd, 2591898.796, 94
Trd, 2591898.963, 101
Trd, 2591899.813, 98
Trd, 2591899.929, 102
Trd, 2591900.446, 104
Trd, 2591901.213, 103
Trd, 2591901.613, 101
Trd, 2591901.979, 101
Trd, 2591903.196, 97
Trd, 2591903.229, 114
Trd, 2591903.513, 118
Trd, 2591904.079, 101
Trd, 2591904.863, 112
Trd, 2591905.913, 122
Trd, 2591906.346, 117
Trd, 2591906.746, 116
Trd, 2591907.546, 115
Trd, 2591907.813, 118
Trd, 2591908.763, 114
Trd, 2591908.879, 113
Trd, 2591909.413, 114
Trd, 2591910.329, 110
Trd, 2591911.313, 105
Trd, 2591911.546, 105
Trd, 2591911.629, 104
Trd, 2591912.096, 101
Trd, 2591913.429, 96
Trd, 2591913.696, 96
Trd, 2591913.896, 93
Trd, 2591914.513, 91
Trd, 2591914.546, 97
Trd, 2591914.963, 97
Trd, 2591915.546, 96
Trd, 2591916.113, 94
Trd, 2591916.663, 91
Trd, 2591917.079, 95
Trd, 2591917.863, 88
Trd, 2591918.863, 95
Trd, 2591919.896, 98
Trd, 2591920.113, 101
Trd, 2591921.096, 96
Trd, 2591921.946, 96
Trd, 2591922.363, 97
Trd, 2591922.546, 97
Trd, 2591922.579, 98
Trd, 2591923.213, 101
Trd, 2591923.463, 99
Trd, 2591923.879, 97
Trd, 2591924.096, 104
Trd, 2591924.863, 87
Trd, 2591926.179, 104
Trd, 2591926.546, 105
Trd, 2591926.579, 108
Trd, 2591927.413, 110
Trd, 2591927.463, 103
Trd, 2591928.913, 110
Trd, 2591929.129, 106
Trd, 2591929.829, 100
Trd, 2591930.246, 98
Trd, 2591930.863, 94
Trd, 2591930.979, 101
Trd, 2591931.963, 111
Trd, 2591933.996, 108
Trd, 2591934.263, 108
Trd, 2591934.479, 105
Trd, 2591935.246, 101
Trd, 2591935.479, 103
Trd, 2591936.596, 96
Trd, 2591937.063, 94
Trd, 2591938.013, 91
Trd, 2591938.613, 95
Trd, 2591939.463, 88
Trd, 2591940.146, 93
Trd, 2591940.529, 94
Trd, 2591941.129, 101
Trd, 2591942.296, 100
Trd, 2591942.779, 99
Trd, 2591943.046, 93
Trd, 2591943.079, 101
Trd, 2591944.013, 101
Trd, 2591944.096, 105
Trd, 2591945.746, 101
Trd, 2591945.796, 99
Trd, 2591946.379, 106
Trd, 2591946.863, 108
Trd, 2591947.863, 101
Trd, 2591950.079, 101
Trd, 2591950.513, 101
Trd, 2591951.246, 99
Trd, 2591951.479, 99
Trd, 2591951.996, 98
Trd, 2591952.063, 101
Trd, 2591952.479, 105
Trd, 2591952.863, 103
Trd, 2591953.013, 104
Trd, 2591953.213, 104
Trd, 2591954.129, 99
Trd, 2591954.329, 98
Trd, 2591956.246, 96
Trd, 2591956.279, 98
Trd, 2591956.413, 99
Trd, 2591957.013, 102
Trd, 2591957.879, 101
Trd, 2591958.146, 105
Trd, 2591958.396, 112
Trd, 2591960.829, 104
Trd, 2591961.613, 103
Trd, 2591961.779, 103
Trd, 2591961.846, 102
Trd, 2591962.279, 104
Trd, 2591963.929, 101
Trd, 2591963.996, 102
Trd, 2591964.429, 99
Trd, 2591964.813, 98
Trd, 2591965.379, 96
Trd, 2591966.229, 96
Trd, 2591967.063, 95
Trd, 2591967.246, 96
Trd, 2591968.279, 106
Trd, 2591969.163, 106
Trd, 2591969.213, 98
Trd, 2591969.446, 94
Trd, 2591970.346, 90
Trd, 2591970.363, 87
Trd, 2591971.063, 87
Trd, 2591972.296, 100
Trd, 2591972.646, 98
Trd, 2591972.779, 99
Trd, 2591973.496, 99
Trd, 2591973.929, 100
Trd, 2591974.513, 102
Trd, 2591974.579, 98
Trd, 2591975.913, 101
Trd, 2591976.713, 100
Trd, 2591977.279, 99
Trd, 2591977.463, 100
Trd, 2591977.796, 93
Trd, 2591978.729, 94
Trd, 2591979.463, 98
Trd, 2591979.513, 94
Trd, 2591980.679, 91
Trd, 2591980.996, 104
Trd, 2591981.613, 105
Trd, 2591982.413, 106
Trd, 2591983.413, 106
Trd, 2591984.696, 103
Trd, 2591985.346, 100
Trd, 2591985.446, 101
Trd, 2591986.463, 91
Trd, 2591986.829, 101
Trd, 2591987.079, 92
Trd, 2591987.429, 101
Trd, 2591987.979, 101
Trd, 2591988.629, 92
Trd, 2591988.663, 101
Trd, 2591989.129, 94
Trd, 2591990.746, 104
Trd, 2591990.896, 105
Trd, 2591991.963, 107
Trd, 2591993.546, 111
Trd, 2591993.596, 107
Trd, 2591993.796, 105
Trd, 2591993.979, 110
Trd, 2591993.996, 112
Trd, 2591994.463, 114
Trd, 2591994.629, 114
Trd, 2591994.946, 106
Trd, 2591994.996, 99
Trd, 2591995.413, 97
Trd, 2591996.546, 97
Trd, 2591997.879, 104
Trd, 2591997.896, 101
Trd, 2591999.146, 99
Trd, 2591999.596, 98
