Trd, 2590675.996, 97
Trd, 2590676.546, 104
Trd, 2590677.129, 104
Trd, 2590679.413, 107
Trd, 2590679.696, 107
Trd, 2590680.246, 114
Trd, 2590680.929, 109
Trd, 2590681.479, 107
Trd, 2590683.379, 106
Trd, 2590684.713, 97
Trd, 2590685.546, 93
Trd, 2590685.713, 87
Trd, 2590686.213, 111
Trd, 2590686.329, 113
Trd, 2590687.179, 119
Trd, 2590687.529, 95
Trd, 2590687.629, 94
Trd, 2590687.979, 81
Trd, 2590688.296, 120
Trd, 2590689.113, 96
Trd, 2590689.579, 102
Trd, 2590689.996, 104
Trd, 2590690.263, 105
Trd, 2590690.979, 122
Trd, 2590691.846, 108
Trd, 2590692.496, 115
Trd, 2590693.446, 112
Trd, 2590693.463, 105
Trd, 2590694.079, 106
Trd, 2590695.563, 99
Trd, 2590696.046, 112
Trd, 2590696.396, 115
Trd, 2590696.646, 121
Trd, 2590696.746, 102
Trd, 2590697.213, 101
Trd, 2590698.263, 110
Trd, 2590698.363, 108
Trd, 2590699.296, 97
Trd, 2590699.946, 105
Trd, 2590701.446, 102
Trd, 2590701.479, 94
Trd, 2590703.196, 101
Trd, 2590703.313, 101
Trd, 2590703.629, 101
Trd, 2590705.146, 105
Trd, 2590705.379, 104
Trd, 2590707.063, 105
Trd, 2590707.146, 113
Trd, 2590707.279, 94
Trd, 2590707.963, 91
Trd, 2590708.346, 115
Trd, 2590710.046, 116
Trd, 2590710.063, 97
Trd, 2590710.129, 118
Trd, 2590710.163, 122
Trd, 2590710.913, 100
Trd, 2590711.096, 112
Trd, 2590711.263, 93
Trd, 2590711.363, 81
Trd, 2590712.329, 121
Trd, 2590713.413, 107
Trd, 2590714.179, 82
Trd, 2590714.513, 90
Trd, 2590714.929, 82
Trd, 2590715.296, 91
Trd, 2590715.329, 81
Trd, 2590715.596, 107
Trd, 2590718.679, 108
Trd, 2590719.129, 107
Trd, 2590719.696, 109
Trd, 2590720.663, 109
Trd, 2590721.129, 115
Trd, 2590722.113, 119
Trd, 2590722.246, 114
Trd, 2590722.679, 105
Trd, 2590722.796, 121
Trd, 2590723.163, 101
Trd, 2590723.729, 95
Trd, 2590725.296, 100
Trd, 2590725.363, 101
Trd, 2590725.713, 94
Trd, 2590726.679, 91
Trd, 2590728.729, 105
Trd, 2590729.079, 105
Trd, 2590729.563, 102
Trd, 2590729.696, 106
Trd, 2590729.979, 101
Trd, 2590730.213, 115
Trd, 2590730.613, 100
Trd, 2590730.913, 97
Trd, 2590731.096, 101
Trd, 2590731.429, 102
Trd, 2590731.696, 122
Trd, 2590732.113, 95
Trd, 2590732.296, 119
Trd, 2590732.546, 125
Trd, 2590734.029, 95
Trd, 2590736.779, 103
Trd, 2590738.196, 109
Trd, 2590739.079, 113
Trd, 2590739.296, 106
Trd, 2590739.379, 115
Trd, 2590739.513, 100
Trd, 2590739.929, 98
Trd, 2590740.146, 94
Trd, 2590740.263, 91
Trd, 2590742.146, 109
Trd, 2590743.929, 109
Trd, 2590744.163, 111
Trd, 2590744.279, 106
Trd, 2590744.396, 116
Trd, 2590744.496, 118
Trd, 2590746.379, 105
Trd, 2590746.863, 101
Trd, 2590747.013, 116
Trd, 2590747.379, 97
Trd, 2590747.713, 94
Trd, 2590749.046, 107
Trd, 2590750.513, 111
Trd, 2590750.596, 112
Trd, 2590750.629, 94
Trd, 2590753.463, 105
Trd, 2590754.146, 104
Trd, 2590754.213, 103
Trd, 2590754.996, 95
Trd, 2590755.196, 109
Trd, 2590755.396, 91
Trd, 2590755.463, 109
Trd, 2590756.446, 87
Trd, 2590757.446, 114
Trd, 2590757.663, 115
Trd, 2590758.046, 83
Trd, 2590758.479, 121
Trd, 2590758.763, 122
Trd, 2590759.013, 100
Trd, 2590760.046, 102
Trd, 2590760.429, 119
Trd, 2590762.263, 108
Trd, 2590762.946, 102
Trd, 2590764.429, 124
Trd, 2590764.679, 115
Trd, 2590764.913, 124
Trd, 2590764.996, 101
Trd, 2590766.046, 119
Trd, 2590766.396, 121
Trd, 2590766.913, 101
Trd, 2590767.229, 98
Trd, 2590767.279, 93
Trd, 2590767.763, 88
Trd, 2590769.629, 107
Trd, 2590770.563, 102
Trd, 2590770.963, 89
Trd, 2590771.079, 105
Trd, 2590771.629, 122
Trd, 2590772.763, 95
Trd, 2590773.546, 119
Trd, 2590773.679, 122
Trd, 2590773.696, 129
Trd, 2590773.863, 117
Trd, 2590775.963, 101
Trd, 2590776.029, 96
Trd, 2590776.946, 95
Trd, 2590776.963, 94
Trd, 2590777.129, 91
Trd, 2590777.529, 87
Trd, 2590778.229, 98
Trd, 2590778.696, 94
Trd, 2590780.013, 100
Trd, 2590780.363, 102
Trd, 2590780.546, 99
Trd, 2590782.413, 107
Trd, 2590782.829, 115
Trd, 2590783.029, 117
Trd, 2590784.163, 106
Trd, 2590785.829, 108
Trd, 2590785.929, 103
Trd, 2590787.279, 100
Trd, 2590787.429, 103
Trd, 2590787.763, 98
Trd, 2590788.213, 87
Trd, 2590788.913, 91
Trd, 2590789.929, 102
Trd, 2590790.179, 106
Trd, 2590790.363, 109
Trd, 2590791.013, 102
Trd, 2590791.046, 101
Trd, 2590792.296, 114
Trd, 2590793.196, 99
Trd, 2590793.746, 104
Trd, 2590794.396, 117
Trd, 2590795.296, 99
Trd, 2590795.346, 95
Trd, 2590797.546, 115
Trd, 2590797.613, 94
Trd, 2590798.246, 116
Trd, 2590798.379, 117
Trd, 2590799.096, 108
Trd, 2590799.929, 101
Trd, 2590800.613, 98
Trd, 2590800.846, 94
Trd, 2590801.496, 101
Trd, 2590801.913, 113
Trd, 2590802.246, 93
Trd, 2590803.813, 112
Trd, 2590804.479, 104
Trd, 2590804.929, 97
Trd, 2590805.063, 91
Trd, 2590805.229, 113
Trd, 2590805.496, 115
Trd, 2590805.529, 87
Trd, 2590806.313, 81
Trd, 2590806.679, 84
Trd, 2590808.246, 83
Trd, 2590808.413, 101
Trd, 2590808.463, 116
Trd, 2590809.529, 82
Trd, 2590810.013, 82
Trd, 2590810.463, 119
Trd, 2590812.746, 117
Trd, 2590813.179, 112
Trd, 2590813.813, 113
Trd, 2590814.679, 112
Trd, 2590814.963, 118
Trd, 2590814.979, 122
Trd, 2590815.129, 111
Trd, 2590815.863, 111
Trd, 2590816.263, 108
Trd, 2590818.663, 113
Trd, 2590818.929, 103
Trd, 2590819.113, 100
Trd, 2590819.129, 115
Trd, 2590819.379, 97
Trd, 2590819.896, 94
Trd, 2590820.379, 89
Trd, 2590820.979, 111
Trd, 2590821.329, 115
Trd, 2590824.113, 108
Trd, 2590824.346, 109
Trd, 2590824.879, 107
Trd, 2590825.129, 106
Trd, 2590826.279, 114
Trd, 2590826.496, 104
Trd, 2590826.713, 117
Trd, 2590826.946, 122
Trd, 2590827.496, 102
Trd, 2590828.113, 117
Trd, 2590828.646, 100
Trd, 2590829.596, 98
Trd, 2590831.363, 108
Trd, 2590831.713, 101
Trd, 2590832.513, 82
Trd, 2590833.579, 104
Trd, 2590834.396, 106
Trd, 2590834.463, 94
Trd, 2590834.496, 108
Trd, 2590834.963, 87
Trd, 2590835.829, 103
Trd, 2590837.329, 101
Trd, 2590837.496, 112
Trd, 2590837.646, 114
Trd, 2590837.813, 100
Trd, 2590838.229, 115
Trd, 2590839.346, 101
Trd, 2590839.996, 120
Trd, 2590840.663, 106
Trd, 2590841.279, 97
Trd, 2590841.946, 113
Trd, 2590842.063, 91
Trd, 2590842.463, 115
Trd, 2590844.046, 81
Trd, 2590845.113, 100
Trd, 2590845.346, 98
Trd, 2590846.929, 101
Trd, 2590847.629, 118
Trd, 2590848.929, 110
Trd, 2590849.696, 112
Trd, 2590850.346, 112
Trd, 2590851.729, 114
Trd, 2590851.879, 113
Trd, 2590853.196, 110
Trd, 2590853.246, 117
Trd, 2590853.463, 115
Trd, 2590853.913, 121
Trd, 2590854.196, 122
Trd, 2590854.529, 106
Trd, 2590854.946, 122
Trd, 2590857.063, 102
Trd, 2590857.413, 101
Trd, 2590857.779, 110
Trd, 2590858.396, 119
Trd, 2590858.679, 97
Trd, 2590858.829, 94
Trd, 2590860.213, 99
Trd, 2590860.346, 91
Trd, 2590860.429, 87
Trd, 2590861.046, 100
Trd, 2590861.079, 99
Trd, 2590861.163, 101
Trd, 2590861.663, 107
Trd, 2590862.129, 97
Trd, 2590862.246, 109
Trd, 2590864.646, 81
Trd, 2590864.679, 115
Trd, 2590866.379, 118
Trd, 2590866.796, 119
Trd, 2590868.063, 112
Trd, 2590868.996, 114
Trd, 2590869.813, 115
Trd, 2590870.913, 114
Trd, 2590871.213, 112
Trd, 2590871.363, 115
Trd, 2590871.379, 112
Trd, 2590871.913, 107
Trd, 2590871.996, 120
Trd, 2590872.796, 95
Trd, 2590873.129, 113
Trd, 2590873.379, 121
Trd, 2590873.863, 98
Trd, 2590873.946, 94
Trd, 2590874.646, 91
Trd, 2590875.213, 110
Trd, 2590875.763, 102
Trd, 2590876.879, 101
Trd, 2590879.096, 107
Trd, 2590879.113, 116
Trd, 2590879.496, 105
Trd, 2590879.613, 103
Trd, 2590880.229, 118
Trd, 2590880.263, 98
Trd, 2590881.263, 92
Trd, 2590881.579, 91
Trd, 2590882.579, 88
Trd, 2590882.879, 87
Trd, 2590883.246, 101
Trd, 2590884.313, 98
Trd, 2590884.696, 113
Trd, 2590885.029, 114
Trd, 2590885.363, 94
Trd, 2590885.679, 94
Trd, 2590886.596, 115
Trd, 2590888.129, 92
Trd, 2590888.446, 111
Trd, 2590889.113, 112
Trd, 2590889.129, 101
Trd, 2590889.163, 98
Trd, 2590890.479, 108
Trd, 2590890.763, 112
Trd, 2590891.296, 87
Trd, 2590892.196, 113
Trd, 2590892.413, 114
Trd, 2590893.929, 118
Trd, 2590894.229, 102
Trd, 2590894.546, 101
Trd, 2590895.096, 102
Trd, 2590895.529, 85
Trd, 2590895.579, 82
Trd, 2590896.179, 118
Trd, 2590898.696, 114
Trd, 2590900.813, 115
Trd, 2590900.946, 118
Trd, 2590900.996, 107
Trd, 2590901.463, 118
Trd, 2590901.963, 104
Trd, 2590902.446, 104
Trd, 2590902.613, 104
Trd, 2590902.829, 98
Trd, 2590903.496, 115
Trd, 2590903.629, 97
Trd, 2590903.796, 118
Trd, 2590904.163, 94
Trd, 2590905.263, 109
Trd, 2590906.779, 113
Trd, 2590907.929, 108
Trd, 2590908.796, 105
Trd, 2590909.146, 103
Trd, 2590909.713, 101
Trd, 2590910.363, 105
Trd, 2590911.063, 91
Trd, 2590911.279, 96
Trd, 2590912.429, 102
Trd, 2590913.029, 113
Trd, 2590914.313, 99
Trd, 2590914.346, 98
Trd, 2590914.563, 92
Trd, 2590915.496, 93
Trd, 2590915.563, 91
Trd, 2590916.246, 104
Trd, 2590917.263, 105
Trd, 2590918.163, 110
Trd, 2590919.063, 102
Trd, 2590919.529, 108
Trd, 2590919.879, 101
Trd, 2590920.596, 110
Trd, 2590923.596, 100
Trd, 2590925.013, 107
Trd, 2590925.646, 114
Trd, 2590926.013, 112
Trd, 2590926.713, 114
Trd, 2590927.179, 100
Trd, 2590928.146, 100
Trd, 2590928.263, 113
Trd, 2590928.879, 104
Trd, 2590929.829, 115
Trd, 2590930.096, 100
Trd, 2590930.896, 110
Trd, 2590930.946, 100
Trd, 2590931.013, 116
Trd, 2590932.346, 119
Trd, 2590933.413, 98
Trd, 2590934.446, 108
Trd, 2590934.796, 94
Trd, 2590935.013, 95
Trd, 2590935.429, 94
Trd, 2590935.879, 106
Trd, 2590936.479, 115
Trd, 2590937.979, 121
Trd, 2590938.379, 109
Trd, 2590938.979, 109
Trd, 2590939.296, 120
Trd, 2590939.363, 109
Trd, 2590940.379, 108
Trd, 2590942.379, 110
Trd, 2590942.663, 106
Trd, 2590943.063, 101
Trd, 2590943.229, 117
Trd, 2590943.646, 117
Trd, 2590944.129, 117
Trd, 2590944.246, 118
Trd, 2590945.213, 99
Trd, 2590946.179, 98
Trd, 2590948.096, 97
Trd, 2590948.429, 106
Trd, 2590948.679, 103
Trd, 2590949.363, 100
Trd, 2590949.729, 94
Trd, 2590949.829, 92
Trd, 2590949.863, 101
Trd, 2590950.213, 91
Trd, 2590950.829, 101
Trd, 2590951.313, 108
Trd, 2590951.563, 115
Trd, 2590952.046, 122
Trd, 2590952.196, 122
Trd, 2590954.046, 106
Trd, 2590954.413, 104
Trd, 2590954.463, 101
Trd, 2590954.746, 91
Trd, 2590954.879, 87
Trd, 2590956.529, 118
Trd, 2590957.879, 119
Trd, 2590958.363, 113
Trd, 2590958.679, 112
Trd, 2590960.163, 108
Trd, 2590960.979, 114
Trd, 2590962.246, 98
Trd, 2590962.579, 105
Trd, 2590962.996, 112
Trd, 2590963.213, 94
Trd, 2590963.346, 87
Trd, 2590964.029, 102
Trd, 2590964.163, 110
Trd, 2590964.846, 81
Trd, 2590965.496, 97
Trd, 2590967.113, 90
Trd, 2590967.429, 90
Trd, 2590968.313, 97
Trd, 2590968.329, 113
Trd, 2590970.296, 106
Trd, 2590970.513, 113
Trd, 2590970.729, 115
Trd, 2590971.029, 102
Trd, 2590971.863, 101
Trd, 2590972.479, 117
Trd, 2590972.946, 99
Trd, 2590973.213, 98
Trd, 2590973.479, 110
Trd, 2590973.596, 98
Trd, 2590974.046, 113
Trd, 2590976.413, 111
Trd, 2590977.913, 113
Trd, 2590978.229, 108
Trd, 2590978.596, 102
Trd, 2590978.896, 100
Trd, 2590979.846, 115
Trd, 2590981.413, 96
Trd, 2590982.013, 97
Trd, 2590982.113, 101
Trd, 2590983.363, 114
Trd, 2590983.963, 108
Trd, 2590984.863, 97
Trd, 2590985.046, 94
Trd, 2590985.113, 122
Trd, 2590985.246, 108
Trd, 2590986.679, 100
Trd, 2590987.829, 100
Trd, 2590988.746, 101
Trd, 2590989.746, 102
Trd, 2590990.413, 103
Trd, 2590991.063, 101
Trd, 2590991.413, 110
Trd, 2590991.563, 115
Trd, 2590991.713, 94
Trd, 2590992.263, 91
Trd, 2590992.579, 87
Trd, 2590992.813, 106
Trd, 2590994.146, 106
Trd, 2590994.329, 119
Trd, 2590995.479, 109
Trd, 2590996.046, 108
Trd, 2590996.213, 111
Trd, 2590996.979, 115
Trd, 2590997.479, 103
Trd, 2590997.546, 107
Trd, 2590998.529, 110
Trd, 2590998.696, 112
Trd, 2590999.029, 104
Trd, 2591001.563, 101
Trd, 2591004.129, 103
Trd, 2591004.229, 102
Trd, 2591004.396, 95
Trd, 2591005.546, 97
Trd, 2591005.796, 101
Trd, 2591005.829, 94
Trd, 2591005.929, 103
Trd, 2591006.229, 106
Trd, 2591008.013, 92
Trd, 2591008.146, 107
Trd, 2591009.063, 115
Trd, 2591010.329, 116
Trd, 2591010.579, 97
Trd, 2591010.796, 122
Trd, 2591011.046, 121
Trd, 2591011.513, 101
Trd, 2591012.746, 122
Trd, 2591013.313, 94
Trd, 2591014.079, 91
Trd, 2591014.246, 124
Trd, 2591014.563, 125
Trd, 2591015.529, 90
Trd, 2591015.896, 91
Trd, 2591016.029, 92
Trd, 2591016.913, 87
Trd, 2591017.596, 102
Trd, 2591019.896, 104
Trd, 2591020.529, 103
Trd, 2591021.396, 102
Trd, 2591021.479, 101
Trd, 2591021.529, 113
Trd, 2591021.813, 116
Trd, 2591022.263, 120
Trd, 2591022.879, 112
Trd, 2591023.129, 110
Trd, 2591023.146, 114
Trd, 2591024.296, 101
Trd, 2591024.929, 97
Trd, 2591025.829, 110
Trd, 2591025.863, 111
Trd, 2591026.029, 93
Trd, 2591026.679, 110
Trd, 2591030.229, 110
Trd, 2591031.246, 113
Trd, 2591031.646, 110
Trd, 2591031.913, 107
Trd, 2591032.396, 101
Trd, 2591032.829, 98
Trd, 2591033.013, 94
Trd, 2591033.263, 110
Trd, 2591035.213, 93
Trd, 2591035.563, 108
Trd, 2591035.579, 115
Trd, 2591035.913, 114
Trd, 2591036.246, 115
Trd, 2591036.463, 110
Trd, 2591036.646, 115
Trd, 2591036.779, 91
Trd, 2591037.496, 83
Trd, 2591039.429, 106
Trd, 2591039.813, 92
Trd, 2591040.396, 111
Trd, 2591041.213, 118
Trd, 2591041.863, 105
Trd, 2591042.196, 104
Trd, 2591042.363, 100
Trd, 2591043.279, 94
Trd, 2591043.646, 96
Trd, 2591044.696, 109
Trd, 2591045.429, 100
Trd, 2591045.929, 100
Trd, 2591046.413, 100
Trd, 2591046.663, 101
Trd, 2591046.946, 97
Trd, 2591047.096, 108
Trd, 2591049.129, 115
Trd, 2591049.663, 119
Trd, 2591051.263, 101
Trd, 2591052.329, 107
Trd, 2591053.946, 101
Trd, 2591054.229, 119
Trd, 2591054.879, 125
Trd, 2591055.346, 112
Trd, 2591055.613, 129
Trd, 2591056.163, 128
Trd, 2591056.879, 122
Trd, 2591057.029, 98
Trd, 2591058.563, 106
Trd, 2591058.963, 105
Trd, 2591059.863, 102
Trd, 2591060.163, 101
Trd, 2591060.796, 105
Trd, 2591060.863, 115
Trd, 2591062.496, 108
Trd, 2591062.613, 108
Trd, 2591063.379, 112
Trd, 2591064.179, 98
Trd, 2591064.396, 93
Trd, 2591064.713, 108
Trd, 2591065.029, 92
Trd, 2591065.113, 91
Trd, 2591065.479, 87
Trd, 2591066.263, 85
Trd, 2591067.863, 100
Trd, 2591068.729, 88
Trd, 2591069.246, 89
Trd, 2591069.396, 98
Trd, 2591070.179, 115
Trd, 2591070.346, 116
Trd, 2591071.779, 110
Trd, 2591071.946, 101
Trd, 2591072.579, 103
Trd, 2591072.729, 102
Trd, 2591073.496, 107
Trd, 2591074.079, 108
Trd, 2591074.796, 108
Trd, 2591075.196, 103
Trd, 2591075.363, 115
Trd, 2591075.479, 123
Trd, 2591076.063, 102
Trd, 2591076.863, 100
Trd, 2591077.013, 98
Trd, 2591077.863, 94
Trd, 2591079.063, 118
Trd, 2591080.146, 91
Trd, 2591080.879, 87
Trd, 2591081.229, 101
Trd, 2591083.496, 107
Trd, 2591083.763, 82
Trd, 2591084.363, 81
Trd, 2591085.113, 99
Trd, 2591085.596, 114
Trd, 2591085.713, 103
Trd, 2591085.813, 122
Trd, 2591087.146, 105
Trd, 2591087.446, 106
Trd, 2591088.263, 107
Trd, 2591088.296, 119
Trd, 2591088.679, 127
Trd, 2591088.779, 101
Trd, 2591089.279, 125
Trd, 2591090.929, 97
Trd, 2591091.546, 93
Trd, 2591091.663, 103
Trd, 2591091.913, 115
Trd, 2591092.696, 123
Trd, 2591093.629, 119
Trd, 2591093.813, 121
Trd, 2591095.429, 107
Trd, 2591095.563, 119
Trd, 2591097.096, 107
Trd, 2591097.879, 103
Trd, 2591098.313, 110
Trd, 2591099.113, 101
Trd, 2591099.229, 99
Trd, 2591100.046, 115
Trd, 2591100.496, 98
Trd, 2591102.046, 107
Trd, 2591102.496, 107
Trd, 2591103.763, 105
Trd, 2591104.046, 112
Trd, 2591104.629, 93
Trd, 2591105.063, 90
Trd, 2591105.679, 102
Trd, 2591106.879, 99
Trd, 2591107.196, 89
Trd, 2591108.596, 108
Trd, 2591108.613, 111
Trd, 2591109.196, 98
Trd, 2591110.329, 105
Trd, 2591110.996, 111
Trd, 2591111.546, 111
Trd, 2591111.579, 97
Trd, 2591112.679, 112
Trd, 2591113.013, 112
Trd, 2591113.479, 110
Trd, 2591113.779, 108
Trd, 2591113.829, 93
Trd, 2591113.979, 115
Trd, 2591114.196, 116
Trd, 2591114.663, 93
Trd, 2591114.963, 101
Trd, 2591115.196, 87
Trd, 2591117.146, 107
Trd, 2591117.596, 106
Trd, 2591118.513, 107
Trd, 2591118.813, 107
Trd, 2591119.746, 115
Trd, 2591120.579, 118
Trd, 2591120.946, 116
Trd, 2591120.996, 98
Trd, 2591121.113, 119
Trd, 2591121.263, 121
Trd, 2591121.479, 120
Trd, 2591121.679, 92
Trd, 2591121.713, 110
Trd, 2591121.996, 122
Trd, 2591122.946, 101
Trd, 2591126.079, 96
Trd, 2591126.796, 115
Trd, 2591127.096, 115
Trd, 2591128.329, 111
Trd, 2591128.996, 110
Trd, 2591129.096, 109
Trd, 2591129.813, 108
Trd, 2591129.979, 101
Trd, 2591130.163, 100
Trd, 2591131.213, 107
Trd, 2591131.663, 109
Trd, 2591133.896, 108
Trd, 2591134.196, 108
Trd, 2591134.346, 98
Trd, 2591134.846, 103
Trd, 2591135.163, 98
Trd, 2591135.246, 93
Trd, 2591135.363, 112
Trd, 2591135.463, 91
Trd, 2591135.613, 115
Trd, 2591137.463, 115
Trd, 2591137.813, 113
Trd, 2591138.296, 107
Trd, 2591138.763, 101
Trd, 2591141.513, 107
Trd, 2591142.613, 118
Trd, 2591143.479, 118
Trd, 2591144.996, 105
Trd, 2591145.146, 91
Trd, 2591145.296, 88
Trd, 2591146.863, 106
Trd, 2591147.829, 99
Trd, 2591148.579, 102
Trd, 2591148.596, 103
Trd, 2591149.496, 109
Trd, 2591149.929, 108
Trd, 2591150.029, 108
Trd, 2591150.629, 120
Trd, 2591151.763, 103
Trd, 2591151.896, 101
Trd, 2591152.879, 121
Trd, 2591153.429, 102
Trd, 2591154.279, 122
Trd, 2591154.379, 128
Trd, 2591154.446, 117
Trd, 2591154.679, 107
Trd, 2591154.946, 101
Trd, 2591155.729, 118
Trd, 2591156.113, 106
Trd, 2591157.646, 121
Trd, 2591158.029, 103
Trd, 2591158.596, 98
Trd, 2591160.229, 119
Trd, 2591160.496, 101
Trd, 2591160.646, 121
Trd, 2591160.879, 99
Trd, 2591162.079, 97
Trd, 2591163.079, 117
Trd, 2591163.979, 99
Trd, 2591164.929, 108
Trd, 2591165.963, 116
Trd, 2591167.246, 117
Trd, 2591167.913, 105
Trd, 2591168.213, 103
Trd, 2591168.246, 102
Trd, 2591170.296, 104
Trd, 2591170.546, 108
Trd, 2591171.063, 110
Trd, 2591171.629, 118
Trd, 2591171.746, 101
Trd, 2591171.779, 98
Trd, 2591172.029, 95
Trd, 2591174.013, 94
Trd, 2591175.296, 109
Trd, 2591176.346, 114
Trd, 2591176.679, 117
Trd, 2591177.096, 122
Trd, 2591177.379, 125
Trd, 2591177.463, 122
Trd, 2591177.529, 121
Trd, 2591177.546, 101
Trd, 2591177.696, 93
Trd, 2591180.096, 125
Trd, 2591180.596, 101
Trd, 2591180.879, 99
Trd, 2591181.579, 98
Trd, 2591182.629, 108
Trd, 2591183.146, 115
Trd, 2591184.329, 105
Trd, 2591184.963, 114
Trd, 2591185.779, 99
Trd, 2591186.196, 114
Trd, 2591188.146, 111
Trd, 2591188.663, 104
Trd, 2591188.829, 111
Trd, 2591189.096, 107
Trd, 2591189.496, 112
Trd, 2591189.579, 103
Trd, 2591190.079, 115
Trd, 2591190.563, 101
Trd, 2591190.629, 93
Trd, 2591191.513, 94
Trd, 2591191.829, 118
Trd, 2591192.746, 96
Trd, 2591193.246, 91
Trd, 2591194.429, 88
Trd, 2591195.413, 90
Trd, 2591196.529, 100
Trd, 2591197.263, 91
Trd, 2591197.529, 82
Trd, 2591198.313, 94
Trd, 2591198.479, 99
Trd, 2591199.479, 108
Trd, 2591199.629, 104
Trd, 2591200.346, 110
Trd, 2591200.563, 118
Trd, 2591201.163, 110
Trd, 2591201.363, 119
Trd, 2591202.996, 114
Trd, 2591203.096, 105
Trd, 2591204.046, 102
Trd, 2591204.379, 101
Trd, 2591204.463, 100
Trd, 2591205.746, 106
Trd, 2591205.879, 107
Trd, 2591206.979, 104
Trd, 2591207.113, 102
Trd, 2591207.263, 107
Trd, 2591208.096, 115
Trd, 2591208.646, 115
Trd, 2591209.929, 119
Trd, 2591210.163, 107
Trd, 2591211.496, 103
Trd, 2591212.196, 122
Trd, 2591212.946, 123
Trd, 2591213.313, 109
Trd, 2591213.529, 104
Trd, 2591214.746, 101
Trd, 2591216.063, 98
Trd, 2591217.913, 123
Trd, 2591218.063, 99
Trd, 2591218.513, 124
Trd, 2591219.229, 121
Trd, 2591219.413, 103
Trd, 2591219.429, 125
Trd, 2591220.179, 100
Trd, 2591220.413, 100
Trd, 2591221.329, 126
Trd, 2591223.446, 102
Trd, 2591223.479, 103
Trd, 2591224.213, 103
Trd, 2591224.596, 101
Trd, 2591224.896, 101
Trd, 2591225.063, 102
Trd, 2591226.013, 118
Trd, 2591226.363, 108
Trd, 2591226.479, 93
Trd, 2591226.879, 122
Trd, 2591227.963, 104
Trd, 2591228.246, 103
Trd, 2591228.429, 125
Trd, 2591229.796, 91
Trd, 2591231.146, 100
Trd, 2591231.796, 96
Trd, 2591232.879, 95
Trd, 2591233.246, 99
Trd, 2591234.379, 103
Trd, 2591234.429, 99
Trd, 2591234.463, 115
Trd, 2591235.213, 100
Trd, 2591235.729, 98
Trd, 2591236.296, 103
Trd, 2591236.763, 115
Trd, 2591236.913, 96
Trd, 2591237.679, 93
Trd, 2591237.829, 111
Trd, 2591239.496, 107
Trd, 2591240.763, 108
Trd, 2591242.763, 104
Trd, 2591243.696, 106
Trd, 2591243.846, 114
Trd, 2591244.329, 113
Trd, 2591245.363, 112
Trd, 2591245.563, 102
Trd, 2591246.179, 101
Trd, 2591248.446, 114
Trd, 2591248.546, 107
Trd, 2591248.679, 118
Trd, 2591249.213, 100
Trd, 2591249.296, 105
Trd, 2591249.863, 98
Trd, 2591250.596, 113
Trd, 2591251.396, 96
Trd, 2591252.629, 118
Trd, 2591252.979, 93
Trd, 2591253.413, 116
Trd, 2591254.463, 117
Trd, 2591255.463, 100
Trd, 2591255.696, 118
Trd, 2591256.629, 108
Trd, 2591256.679, 98
Trd, 2591257.063, 91
Trd, 2591257.696, 116
Trd, 2591259.196, 96
Trd, 2591259.513, 94
Trd, 2591260.813, 102
Trd, 2591261.979, 120
Trd, 2591262.496, 121
Trd, 2591262.613, 115
Trd, 2591262.929, 102
Trd, 2591263.346, 102
Trd, 2591264.113, 115
Trd, 2591264.163, 122
Trd, 2591265.329, 118
Trd, 2591267.013, 111
Trd, 2591267.746, 109
Trd, 2591268.246, 108
Trd, 2591268.779, 109
Trd, 2591269.513, 107
Trd, 2591269.829, 108
Trd, 2591269.846, 116
Trd, 2591269.963, 101
Trd, 2591270.929, 100
Trd, 2591271.246, 98
Trd, 2591272.779, 100
Trd, 2591272.863, 107
Trd, 2591273.763, 92
Trd, 2591273.813, 122
Trd, 2591275.413, 97
Trd, 2591275.829, 117
Trd, 2591277.763, 121
Trd, 2591279.129, 108
Trd, 2591279.463, 108
Trd, 2591280.946, 106
Trd, 2591280.963, 114
Trd, 2591281.129, 115
Trd, 2591281.329, 100
Trd, 2591281.379, 112
Trd, 2591282.163, 98
Trd, 2591282.246, 118
Trd, 2591283.296, 101
Trd, 2591284.696, 95
Trd, 2591284.929, 98
Trd, 2591285.229, 101
Trd, 2591285.396, 94
Trd, 2591285.829, 91
Trd, 2591287.196, 89
Trd, 2591287.296, 87
Trd, 2591287.413, 111
Trd, 2591289.313, 115
Trd, 2591289.996, 118
Trd, 2591290.563, 118
Trd, 2591291.246, 116
Trd, 2591291.429, 109
Trd, 2591292.129, 108
Trd, 2591292.829, 99
Trd, 2591294.496, 120
Trd, 2591295.513, 109
Trd, 2591295.629, 99
Trd, 2591296.513, 93
Trd, 2591297.713, 106
Trd, 2591297.963, 92
Trd, 2591299.029, 107
Trd, 2591299.613, 108
Trd, 2591299.629, 94
Trd, 2591299.679, 111
Trd, 2591300.913, 108
Trd, 2591300.963, 107
Trd, 2591301.946, 114
Trd, 2591302.213, 121
Trd, 2591302.496, 103
Trd, 2591303.229, 101
Trd, 2591303.763, 104
Trd, 2591304.229, 98
Trd, 2591305.046, 103
Trd, 2591305.646, 94
Trd, 2591306.246, 104
Trd, 2591306.263, 115
Trd, 2591306.463, 91
Trd, 2591307.263, 98
Trd, 2591307.663, 87
Trd, 2591308.646, 90
Trd, 2591308.813, 117
Trd, 2591308.929, 118
Trd, 2591309.046, 89
Trd, 2591310.696, 105
Trd, 2591312.079, 107
Trd, 2591312.113, 109
Trd, 2591312.496, 101
Trd, 2591312.746, 100
Trd, 2591313.213, 122
Trd, 2591315.079, 101
Trd, 2591316.813, 114
Trd, 2591318.279, 115
Trd, 2591318.329, 118
Trd, 2591319.196, 108
Trd, 2591319.463, 119
Trd, 2591320.229, 106
Trd, 2591320.679, 120
Trd, 2591321.179, 104
Trd, 2591322.196, 100
Trd, 2591322.413, 104
Trd, 2591322.929, 102
Trd, 2591323.246, 116
Trd, 2591323.329, 97
Trd, 2591323.646, 120
Trd, 2591323.963, 122
Trd, 2591324.896, 125
Trd, 2591325.196, 110
Trd, 2591327.963, 115
Trd, 2591328.213, 107
Trd, 2591328.646, 120
Trd, 2591328.929, 116
Trd, 2591329.496, 109
Trd, 2591330.813, 108
Trd, 2591331.429, 107
Trd, 2591332.313, 110
Trd, 2591332.479, 98
Trd, 2591334.463, 109
Trd, 2591334.596, 103
Trd, 2591335.129, 101
Trd, 2591336.363, 100
Trd, 2591336.396, 99
Trd, 2591336.646, 100
Trd, 2591337.646, 101
Trd, 2591338.946, 97
Trd, 2591339.779, 104
Trd, 2591340.713, 96
Trd, 2591341.379, 96
Trd, 2591341.463, 106
Trd, 2591341.679, 107
Trd, 2591342.429, 115
Trd, 2591342.446, 96
Trd, 2591343.129, 118
Trd, 2591344.346, 120
Trd, 2591344.529, 97
Trd, 2591344.613, 110
Trd, 2591345.279, 116
Trd, 2591345.763, 108
Trd, 2591347.346, 108
Trd, 2591347.763, 101
Trd, 2591347.979, 98
Trd, 2591349.046, 102
Trd, 2591350.129, 105
Trd, 2591350.713, 101
Trd, 2591353.513, 112
Trd, 2591353.696, 104
Trd, 2591353.779, 113
Trd, 2591353.829, 103
Trd, 2591354.146, 103
Trd, 2591355.813, 107
Trd, 2591356.979, 114
Trd, 2591357.346, 102
Trd, 2591358.213, 98
Trd, 2591359.396, 110
Trd, 2591359.446, 104
Trd, 2591359.496, 111
Trd, 2591360.029, 103
Trd, 2591360.179, 118
Trd, 2591361.413, 98
Trd, 2591361.463, 94
Trd, 2591361.696, 115
Trd, 2591361.729, 91
Trd, 2591362.146, 119
Trd, 2591364.896, 114
Trd, 2591365.929, 112
Trd, 2591366.263, 108
Trd, 2591366.896, 101
Trd, 2591366.913, 114
Trd, 2591367.496, 115
Trd, 2591368.813, 114
Trd, 2591369.279, 115
Trd, 2591369.513, 111
Trd, 2591369.596, 117
Trd, 2591369.996, 98
Trd, 2591370.146, 118
Trd, 2591370.529, 91
Trd, 2591371.846, 95
Trd, 2591372.713, 122
Trd, 2591372.779, 125
Trd, 2591374.046, 104
Trd, 2591375.013, 110
Trd, 2591375.146, 106
Trd, 2591375.646, 105
Trd, 2591376.213, 100
Trd, 2591376.429, 98
Trd, 2591377.563, 94
Trd, 2591377.596, 91
Trd, 2591377.729, 107
Trd, 2591378.379, 99
Trd, 2591378.563, 88
Trd, 2591379.813, 99
Trd, 2591379.996, 115
Trd, 2591380.796, 118
Trd, 2591381.913, 122
Trd, 2591381.946, 94
Trd, 2591382.779, 112
Trd, 2591386.279, 97
Trd, 2591386.296, 115
Trd, 2591386.629, 120
Trd, 2591386.679, 121
Trd, 2591387.029, 91
Trd, 2591388.013, 93
Trd, 2591388.279, 93
Trd, 2591389.196, 127
Trd, 2591389.779, 108
Trd, 2591390.413, 113
Trd, 2591391.796, 101
Trd, 2591391.813, 121
Trd, 2591393.413, 101
Trd, 2591393.746, 122
Trd, 2591394.429, 109
Trd, 2591394.613, 111
Trd, 2591394.929, 102
Trd, 2591395.763, 103
Trd, 2591395.846, 100
Trd, 2591395.979, 121
Trd, 2591396.613, 94
Trd, 2591397.879, 93
Trd, 2591399.013, 116
Trd, 2591399.563, 107
Trd, 2591401.079, 108
Trd, 2591401.446, 101
Trd, 2591401.613, 116
Trd, 2591402.029, 99
Trd, 2591403.113, 101
Trd, 2591403.263, 98
Trd, 2591403.446, 102
Trd, 2591403.479, 118
Trd, 2591404.079, 107
Trd, 2591404.179, 121
Trd, 2591404.863, 114
Trd, 2591405.679, 114
Trd, 2591406.163, 116
Trd, 2591406.979, 101
Trd, 2591407.096, 106
Trd, 2591407.929, 96
Trd, 2591408.429, 94
Trd, 2591408.779, 108
Trd, 2591408.996, 110
Trd, 2591409.329, 92
Trd, 2591410.579, 115
Trd, 2591411.663, 98
Trd, 2591413.013, 112
Trd, 2591415.913, 115
Trd, 2591416.246, 120
Trd, 2591416.613, 115
Trd, 2591416.929, 122
Trd, 2591417.813, 119
Trd, 2591417.829, 97
Trd, 2591418.229, 93
Trd, 2591420.179, 112
Trd, 2591421.146, 123
Trd, 2591421.163, 102
Trd, 2591421.413, 121
Trd, 2591422.346, 109
Trd, 2591422.513, 119
Trd, 2591422.913, 108
Trd, 2591423.379, 101
Trd, 2591424.246, 107
Trd, 2591425.313, 114
Trd, 2591425.379, 125
Trd, 2591425.746, 108
Trd, 2591425.779, 101
Trd, 2591426.679, 119
Trd, 2591427.229, 105
Trd, 2591427.879, 105
Trd, 2591428.229, 125
Trd, 2591428.313, 128
Trd, 2591428.929, 102
Trd, 2591429.329, 91
Trd, 2591429.813, 97
Trd, 2591430.696, 125
Trd, 2591431.946, 98
Trd, 2591432.296, 107
Trd, 2591432.563, 115
Trd, 2591432.913, 91
Trd, 2591433.863, 114
Trd, 2591434.013, 116
Trd, 2591435.229, 101
Trd, 2591436.013, 103
Trd, 2591436.129, 111
Trd, 2591436.613, 101
Trd, 2591437.096, 99
Trd, 2591437.546, 94
Trd, 2591439.346, 108
Trd, 2591440.079, 104
Trd, 2591441.646, 97
Trd, 2591442.163, 105
Trd, 2591442.379, 89
Trd, 2591442.529, 115
Trd, 2591443.246, 107
Trd, 2591443.379, 94
Trd, 2591444.146, 94
Trd, 2591445.079, 115
Trd, 2591445.246, 83
Trd, 2591446.429, 116
Trd, 2591446.979, 115
Trd, 2591447.729, 103
Trd, 2591449.779, 103
Trd, 2591449.863, 117
Trd, 2591450.213, 101
Trd, 2591450.296, 98
Trd, 2591450.313, 117
Trd, 2591450.379, 94
Trd, 2591451.746, 120
Trd, 2591451.829, 107
Trd, 2591452.046, 104
Trd, 2591452.179, 122
Trd, 2591453.229, 87
Trd, 2591453.346, 82
Trd, 2591453.496, 103
Trd, 2591454.046, 104
Trd, 2591454.446, 119
Trd, 2591455.079, 124
Trd, 2591455.579, 122
Trd, 2591456.079, 107
Trd, 2591456.146, 103
Trd, 2591456.463, 96
Trd, 2591457.229, 99
Trd, 2591458.463, 103
Trd, 2591459.063, 99
Trd, 2591459.229, 98
Trd, 2591459.496, 100
Trd, 2591459.846, 102
Trd, 2591461.379, 87
Trd, 2591462.063, 83
Trd, 2591462.463, 102
Trd, 2591463.863, 106
Trd, 2591464.029, 115
Trd, 2591464.363, 94
Trd, 2591464.679, 91
Trd, 2591467.563, 112
Trd, 2591467.746, 112
Trd, 2591468.013, 114
Trd, 2591468.563, 112
Trd, 2591469.363, 112
Trd, 2591469.696, 112
Trd, 2591469.813, 111
Trd, 2591470.146, 119
Trd, 2591471.529, 113
Trd, 2591471.746, 108
Trd, 2591472.013, 99
Trd, 2591472.246, 118
Trd, 2591473.196, 103
Trd, 2591473.629, 117
Trd, 2591474.596, 108
Trd, 2591475.663, 102
Trd, 2591476.113, 96
Trd, 2591476.279, 105
Trd, 2591476.779, 106
Trd, 2591477.079, 116
Trd, 2591477.313, 119
Trd, 2591478.229, 122
Trd, 2591478.496, 98
Trd, 2591478.913, 97
Trd, 2591479.463, 125
Trd, 2591479.946, 96
Trd, 2591479.979, 91
Trd, 2591482.879, 100
Trd, 2591483.179, 112
Trd, 2591484.413, 113
Trd, 2591485.779, 110
Trd, 2591486.079, 115
Trd, 2591487.096, 103
Trd, 2591487.829, 104
Trd, 2591488.196, 93
Trd, 2591489.113, 96
Trd, 2591489.463, 113
Trd, 2591490.029, 95
Trd, 2591490.179, 93
Trd, 2591490.363, 100
Trd, 2591491.996, 111
Trd, 2591492.129, 111
Trd, 2591492.929, 107
Trd, 2591493.146, 109
Trd, 2591493.579, 111
Trd, 2591493.696, 101
Trd, 2591494.079, 91
Trd, 2591499.279, 106
Trd, 2591499.463, 105
Trd, 2591499.963, 109
Trd, 2591500.179, 104
Trd, 2591500.329, 101
Trd, 2591501.063, 108
Trd, 2591501.196, 115
Trd, 2591501.646, 115
Trd, 2591502.246, 115
Trd, 2591503.629, 108
Trd, 2591503.696, 101
Trd, 2591503.846, 116
Trd, 2591506.079, 114
Trd, 2591507.329, 95
Trd, 2591508.163, 111
Trd, 2591509.329, 109
Trd, 2591510.096, 113
Trd, 2591510.696, 113
Trd, 2591510.879, 112
Trd, 2591511.263, 107
Trd, 2591511.779, 96
Trd, 2591511.896, 94
Trd, 2591512.313, 115
Trd, 2591512.379, 118
Trd, 2591512.629, 120
Trd, 2591512.829, 91
Trd, 2591512.946, 93
Trd, 2591513.146, 87
Trd, 2591513.913, 121
Trd, 2591514.546, 122
Trd, 2591514.946, 121
Trd, 2591515.046, 106
Trd, 2591518.529, 112
Trd, 2591518.596, 112
Trd, 2591519.146, 110
Trd, 2591519.379, 87
Trd, 2591520.563, 101
Trd, 2591522.013, 107
Trd, 2591522.579, 106
Trd, 2591522.879, 119
Trd, 2591523.429, 108
Trd, 2591524.113, 101
Trd, 2591524.679, 104
Trd, 2591525.713, 97
Trd, 2591526.846, 98
Trd, 2591527.013, 111
Trd, 2591528.846, 101
Trd, 2591529.113, 96
Trd, 2591529.246, 94
Trd, 2591529.796, 91
Trd, 2591529.996, 87
Trd, 2591530.496, 98
Trd, 2591531.146, 99
Trd, 2591531.196, 103
Trd, 2591532.563, 96
Trd, 2591532.746, 87
Trd, 2591533.046, 86
Trd, 2591533.463, 115
Trd, 2591533.713, 109
Trd, 2591534.429, 113
Trd, 2591536.296, 88
Trd, 2591536.646, 87
Trd, 2591537.296, 88
Trd, 2591537.396, 101
Trd, 2591537.429, 106
Trd, 2591537.613, 115
Trd, 2591537.679, 115
Trd, 2591539.096, 118
Trd, 2591539.179, 86
Trd, 2591539.213, 85
Trd, 2591540.579, 106
Trd, 2591542.996, 105
Trd, 2591544.329, 103
Trd, 2591545.013, 106
Trd, 2591545.379, 100
Trd, 2591545.646, 108
Trd, 2591545.829, 98
Trd, 2591546.963, 100
Trd, 2591547.429, 97
Trd, 2591547.829, 98
Trd, 2591547.929, 94
Trd, 2591548.246, 101
Trd, 2591548.679, 101
Trd, 2591550.579, 115
Trd, 2591551.696, 100
Trd, 2591551.813, 98
Trd, 2591552.346, 94
Trd, 2591553.029, 121
Trd, 2591553.146, 102
Trd, 2591553.979, 102
Trd, 2591554.563, 118
Trd, 2591556.013, 123
Trd, 2591556.513, 124
Trd, 2591556.946, 109
Trd, 2591557.213, 125
Trd, 2591557.329, 106
Trd, 2591557.896, 108
Trd, 2591558.213, 107
Trd, 2591559.079, 115
Trd, 2591559.113, 119
Trd, 2591560.163, 102
Trd, 2591561.179, 103
Trd, 2591561.763, 106
Trd, 2591562.046, 103
Trd, 2591563.929, 104
Trd, 2591563.996, 119
Trd, 2591565.063, 115
Trd, 2591567.696, 119
Trd, 2591567.963, 114
Trd, 2591569.246, 106
Trd, 2591569.413, 100
Trd, 2591569.429, 120
Trd, 2591570.346, 99
Trd, 2591570.529, 98
Trd, 2591570.546, 125
Trd, 2591571.596, 117
Trd, 2591571.896, 94
Trd, 2591572.163, 96
Trd, 2591572.546, 110
Trd, 2591573.513, 98
Trd, 2591573.646, 94
Trd, 2591576.563, 105
Trd, 2591577.779, 102
Trd, 2591578.079, 105
Trd, 2591578.696, 107
Trd, 2591579.013, 98
Trd, 2591579.379, 102
Trd, 2591580.029, 115
Trd, 2591580.313, 114
Trd, 2591580.979, 115
Trd, 2591580.996, 110
Trd, 2591581.063, 122
Trd, 2591581.829, 119
Trd, 2591581.963, 100
Trd, 2591583.079, 90
Trd, 2591583.213, 125
Trd, 2591583.596, 126
Trd, 2591584.096, 129
Trd, 2591584.779, 88
Trd, 2591585.079, 87
Trd, 2591585.563, 84
Trd, 2591585.663, 125
Trd, 2591586.363, 108
Trd, 2591587.263, 98
Trd, 2591588.546, 98
Trd, 2591590.213, 93
Trd, 2591591.896, 92
Trd, 2591592.246, 95
Trd, 2591592.729, 107
Trd, 2591593.213, 101
Trd, 2591593.679, 115
Trd, 2591594.913, 101
Trd, 2591595.229, 110
Trd, 2591596.679, 110
Trd, 2591598.279, 95
Trd, 2591598.713, 91
Trd, 2591598.763, 101
Trd, 2591598.879, 102
Trd, 2591599.079, 87
Trd, 2591599.446, 116
Trd, 2591600.246, 88
Trd, 2591600.863, 117
Trd, 2591601.179, 120
Trd, 2591601.246, 88
Trd, 2591601.846, 108
Trd, 2591602.129, 111
Trd, 2591603.146, 119
Trd, 2591604.063, 112
Trd, 2591605.729, 112
Trd, 2591605.946, 106
Trd, 2591606.346, 115
Trd, 2591606.413, 116
Trd, 2591607.463, 105
Trd, 2591607.929, 104
Trd, 2591608.179, 94
Trd, 2591609.946, 93
Trd, 2591610.013, 94
Trd, 2591610.713, 91
Trd, 2591610.863, 98
Trd, 2591611.579, 102
Trd, 2591611.679, 81
Trd, 2591612.479, 110
Trd, 2591613.546, 111
Trd, 2591614.246, 112
Trd, 2591614.579, 112
Trd, 2591615.129, 112
Trd, 2591615.179, 105
Trd, 2591619.063, 99
Trd, 2591619.629, 101
Trd, 2591620.096, 103
Trd, 2591620.163, 104
Trd, 2591621.213, 109
Trd, 2591621.579, 109
Trd, 2591621.979, 115
Trd, 2591622.079, 118
Trd, 2591622.863, 118
Trd, 2591623.529, 122
Trd, 2591623.646, 107
Trd, 2591624.113, 98
Trd, 2591624.229, 87
Trd, 2591624.513, 108
Trd, 2591626.113, 94
Trd, 2591626.796, 115
Trd, 2591627.996, 119
Trd, 2591628.096, 83
Trd, 2591629.129, 85
Trd, 2591629.313, 108
Trd, 2591630.796, 99
Trd, 2591631.063, 103
Trd, 2591631.263, 119
Trd, 2591631.396, 98
Trd, 2591632.063, 100
Trd, 2591632.713, 98
Trd, 2591633.079, 117
Trd, 2591635.079, 102
Trd, 2591635.979, 110
Trd, 2591636.246, 108
Trd, 2591636.929, 104
Trd, 2591638.813, 115
Trd, 2591639.679, 115
Trd, 2591639.963, 103
Trd, 2591640.029, 115
Trd, 2591640.546, 109
Trd, 2591640.996, 110
Trd, 2591641.729, 115
Trd, 2591642.529, 122
Trd, 2591642.879, 99
Trd, 2591642.946, 124
Trd, 2591643.463, 98
Trd, 2591644.246, 112
Trd, 2591645.296, 94
Trd, 2591646.196, 116
Trd, 2591646.496, 93
Trd, 2591647.129, 92
Trd, 2591647.379, 91
Trd, 2591648.446, 88
Trd, 2591649.529, 102
Trd, 2591650.913, 115
Trd, 2591650.946, 90
Trd, 2591651.546, 96
Trd, 2591651.596, 116
Trd, 2591653.029, 108
Trd, 2591653.279, 94
Trd, 2591653.846, 122
Trd, 2591653.913, 122
Trd, 2591654.596, 105
Trd, 2591655.063, 102
Trd, 2591655.729, 101
Trd, 2591656.579, 119
Trd, 2591657.179, 93
Trd, 2591657.196, 125
Trd, 2591657.263, 126
Trd, 2591658.079, 121
Trd, 2591658.196, 91
Trd, 2591659.863, 109
Trd, 2591660.013, 108
Trd, 2591660.329, 127
Trd, 2591661.379, 98
Trd, 2591661.879, 116
Trd, 2591662.796, 96
Trd, 2591662.963, 97
Trd, 2591663.363, 120
Trd, 2591663.863, 94
Trd, 2591664.096, 119
Trd, 2591665.463, 106
Trd, 2591668.046, 99
Trd, 2591669.646, 101
Trd, 2591669.763, 102
Trd, 2591670.813, 108
Trd, 2591671.396, 113
Trd, 2591672.763, 115
Trd, 2591672.996, 100
Trd, 2591673.546, 117
Trd, 2591673.896, 101
Trd, 2591674.046, 120
Trd, 2591674.813, 99
Trd, 2591675.146, 119
Trd, 2591676.879, 100
Trd, 2591676.979, 98
Trd, 2591677.463, 96
Trd, 2591677.513, 96
Trd, 2591678.479, 119
Trd, 2591679.529, 122
Trd, 2591680.013, 125
Trd, 2591680.946, 109
Trd, 2591681.896, 118
Trd, 2591682.563, 118
Trd, 2591682.946, 105
Trd, 2591683.146, 97
Trd, 2591683.896, 96
Trd, 2591683.979, 105
Trd, 2591684.696, 101
Trd, 2591685.629, 108
Trd, 2591686.313, 119
Trd, 2591686.529, 122
Trd, 2591686.929, 96
Trd, 2591687.229, 118
Trd, 2591688.429, 96
Trd, 2591689.546, 95
Trd, 2591689.946, 110
Trd, 2591691.013, 94
Trd, 2591691.563, 127
Trd, 2591692.679, 119
Trd, 2591692.746, 121
Trd, 2591693.113, 108
Trd, 2591693.479, 109
Trd, 2591693.679, 108
Trd, 2591693.729, 122
Trd, 2591695.046, 100
Trd, 2591695.296, 127
Trd, 2591695.879, 126
Trd, 2591696.296, 98
Trd, 2591697.529, 124
Trd, 2591698.346, 104
Trd, 2591698.613, 97
Trd, 2591699.179, 95
Trd, 2591700.329, 101
Trd, 2591701.346, 104
Trd, 2591701.563, 105
Trd, 2591702.113, 99
Trd, 2591702.513, 96
Trd, 2591704.229, 91
Trd, 2591704.379, 90
Trd, 2591704.879, 88
Trd, 2591705.329, 97
Trd, 2591705.996, 114
Trd, 2591706.579, 87
Trd, 2591706.646, 115
Trd, 2591706.896, 117
Trd, 2591707.579, 108
Trd, 2591707.963, 81
Trd, 2591708.929, 108
Trd, 2591709.329, 88
Trd, 2591709.396, 120
Trd, 2591710.646, 101
Trd, 2591711.646, 114
Trd, 2591712.846, 92
Trd, 2591713.313, 89
Trd, 2591714.279, 109
Trd, 2591714.763, 90
Trd, 2591714.829, 115
Trd, 2591715.313, 118
Trd, 2591715.829, 122
Trd, 2591716.796, 98
Trd, 2591718.179, 101
Trd, 2591718.913, 109
Trd, 2591721.313, 109
Trd, 2591721.946, 108
Trd, 2591722.096, 100
Trd, 2591722.296, 112
Trd, 2591722.529, 111
Trd, 2591723.346, 101
Trd, 2591724.463, 102
Trd, 2591724.729, 113
Trd, 2591724.963, 115
Trd, 2591725.563, 101
Trd, 2591726.346, 100
Trd, 2591726.846, 116
Trd, 2591726.979, 101
Trd, 2591727.896, 112
Trd, 2591728.963, 111
Trd, 2591729.146, 113
Trd, 2591729.629, 109
Trd, 2591729.779, 108
Trd, 2591730.213, 98
Trd, 2591731.396, 99
Trd, 2591731.663, 94
Trd, 2591732.713, 101
Trd, 2591732.863, 115
Trd, 2591734.896, 101
Trd, 2591735.546, 91
Trd, 2591736.096, 105
Trd, 2591736.246, 122
Trd, 2591737.929, 98
Trd, 2591738.563, 103
Trd, 2591739.029, 111
Trd, 2591739.679, 109
Trd, 2591739.996, 99
Trd, 2591740.396, 115
Trd, 2591740.629, 100
Trd, 2591741.646, 98
Trd, 2591743.079, 102
Trd, 2591743.129, 121
Trd, 2591744.446, 97
Trd, 2591744.463, 94
Trd, 2591746.213, 92
Trd, 2591746.496, 91
Trd, 2591747.096, 113
Trd, 2591747.963, 122
Trd, 2591748.396, 119
Trd, 2591748.479, 123
Trd, 2591748.696, 109
Trd, 2591749.179, 108
Trd, 2591749.263, 87
Trd, 2591750.513, 125
Trd, 2591751.829, 113
Trd, 2591752.363, 103
Trd, 2591753.096, 101
Trd, 2591753.613, 124
Trd, 2591753.979, 124
Trd, 2591755.096, 125
Trd, 2591755.363, 125
Trd, 2591755.696, 118
Trd, 2591756.729, 100
Trd, 2591757.429, 122
Trd, 2591757.829, 100
Trd, 2591758.013, 98
Trd, 2591758.879, 103
Trd, 2591759.329, 102
Trd, 2591759.913, 119
Trd, 2591760.446, 100
Trd, 2591760.563, 94
Trd, 2591760.629, 87
Trd, 2591762.763, 119
Trd, 2591764.013, 118
Trd, 2591765.029, 108
Trd, 2591765.463, 93
Trd, 2591766.029, 108
Trd, 2591766.196, 109
Trd, 2591766.396, 94
Trd, 2591766.879, 92
Trd, 2591767.713, 91
Trd, 2591769.663, 103
Trd, 2591770.063, 114
Trd, 2591770.079, 102
Trd, 2591770.146, 118
Trd, 2591771.063, 108
Trd, 2591771.163, 96
Trd, 2591772.396, 114
Trd, 2591772.946, 114
Trd, 2591773.096, 91
Trd, 2591773.413, 113
Trd, 2591776.079, 107
Trd, 2591777.079, 112
Trd, 2591777.179, 115
Trd, 2591777.313, 101
Trd, 2591778.463, 103
Trd, 2591778.563, 100
Trd, 2591779.463, 119
Trd, 2591779.496, 120
Trd, 2591780.329, 98
Trd, 2591780.846, 102
Trd, 2591780.996, 103
Trd, 2591782.213, 101
Trd, 2591782.463, 101
Trd, 2591783.163, 101
Trd, 2591784.546, 94
Trd, 2591784.929, 107
Trd, 2591785.929, 102
Trd, 2591785.979, 100
Trd, 2591786.113, 120
Trd, 2591786.179, 93
Trd, 2591789.313, 117
Trd, 2591789.479, 122
Trd, 2591789.596, 122
Trd, 2591790.713, 118
Trd, 2591790.963, 113
Trd, 2591791.179, 94
Trd, 2591792.096, 93
Trd, 2591792.496, 102
Trd, 2591792.879, 92
Trd, 2591793.513, 94
Trd, 2591793.879, 101
Trd, 2591794.946, 98
Trd, 2591795.646, 99
Trd, 2591795.729, 116
Trd, 2591796.129, 111
Trd, 2591796.846, 95
Trd, 2591797.696, 112
Trd, 2591798.396, 118
Trd, 2591798.763, 122
Trd, 2591799.046, 99
Trd, 2591800.196, 97
Trd, 2591800.629, 98
Trd, 2591801.096, 102
Trd, 2591801.313, 95
Trd, 2591801.496, 94
Trd, 2591802.929, 91
Trd, 2591803.179, 87
Trd, 2591803.396, 96
Trd, 2591803.779, 81
Trd, 2591805.879, 104
Trd, 2591805.996, 101
Trd, 2591807.329, 104
Trd, 2591807.813, 102
Trd, 2591807.829, 115
Trd, 2591809.346, 102
Trd, 2591809.579, 97
Trd, 2591809.896, 109
Trd, 2591810.146, 108
Trd, 2591810.846, 109
Trd, 2591811.013, 111
Trd, 2591811.046, 115
Trd, 2591811.279, 119
Trd, 2591812.663, 100
Trd, 2591814.096, 96
Trd, 2591814.646, 101
Trd, 2591815.346, 95
Trd, 2591816.696, 114
Trd, 2591818.113, 108
Trd, 2591818.346, 119
Trd, 2591818.813, 102
Trd, 2591819.496, 121
Trd, 2591820.696, 118
Trd, 2591820.763, 121
Trd, 2591821.379, 122
Trd, 2591821.563, 125
Trd, 2591821.996, 104
Trd, 2591822.163, 101
Trd, 2591823.446, 98
Trd, 2591824.479, 97
Trd, 2591824.546, 91
Trd, 2591825.679, 100
Trd, 2591825.796, 112
Trd, 2591825.913, 97
Trd, 2591826.546, 94
Trd, 2591827.496, 95
Trd, 2591828.179, 109
Trd, 2591831.096, 91
Trd, 2591831.113, 112
Trd, 2591831.146, 89
Trd, 2591831.946, 112
Trd, 2591832.329, 116
Trd, 2591832.396, 122
Trd, 2591833.946, 93
Trd, 2591834.513, 99
Trd, 2591834.579, 100
Trd, 2591834.896, 101
Trd, 2591835.163, 94
Trd, 2591835.529, 115
Trd, 2591835.979, 105
Trd, 2591836.296, 93
Trd, 2591837.596, 107
Trd, 2591839.196, 122
Trd, 2591839.629, 106
Trd, 2591840.163, 115
Trd, 2591840.479, 101
Trd, 2591840.796, 117
Trd, 2591842.946, 98
Trd, 2591846.063, 99
Trd, 2591846.713, 102
Trd, 2591846.729, 94
Trd, 2591846.896, 93
Trd, 2591847.463, 92
Trd, 2591847.796, 91
Trd, 2591848.846, 116
Trd, 2591848.963, 120
Trd, 2591850.579, 99
Trd, 2591851.479, 106
Trd, 2591851.896, 104
Trd, 2591852.463, 104
Trd, 2591853.496, 104
Trd, 2591853.796, 110
Trd, 2591853.879, 102
Trd, 2591854.013, 111
Trd, 2591854.146, 118
Trd, 2591854.246, 122
Trd, 2591856.846, 109
Trd, 2591857.029, 115
Trd, 2591857.396, 101
Trd, 2591857.529, 97
Trd, 2591857.729, 116
Trd, 2591858.279, 91
Trd, 2591858.696, 87
Trd, 2591859.629, 85
Trd, 2591860.113, 103
Trd, 2591860.896, 95
Trd, 2591861.796, 107
Trd, 2591862.863, 101
Trd, 2591863.263, 110
Trd, 2591863.713, 111
Trd, 2591864.529, 115
Trd, 2591864.729, 99
Trd, 2591864.996, 101
Trd, 2591866.863, 102
Trd, 2591867.279, 101
Trd, 2591867.529, 105
Trd, 2591867.563, 96
Trd, 2591870.679, 98
Trd, 2591870.946, 112
Trd, 2591871.413, 97
Trd, 2591872.563, 112
Trd, 2591872.579, 115
Trd, 2591873.029, 119
Trd, 2591873.579, 96
Trd, 2591873.829, 94
Trd, 2591875.679, 108
Trd, 2591876.263, 120
Trd, 2591876.346, 96
Trd, 2591877.313, 118
Trd, 2591877.696, 95
Trd, 2591877.929, 94
Trd, 2591880.129, 91
Trd, 2591880.646, 102
Trd, 2591880.946, 98
Trd, 2591881.213, 87
Trd, 2591881.413, 103
Trd, 2591881.863, 104
Trd, 2591882.096, 100
Trd, 2591882.196, 114
Trd, 2591882.546, 83
Trd, 2591883.679, 101
Trd, 2591883.963, 96
Trd, 2591884.079, 102
Trd, 2591885.879, 111
Trd, 2591886.696, 109
Trd, 2591887.163, 108
Trd, 2591887.579, 115
Trd, 2591887.829, 116
Trd, 2591888.946, 102
Trd, 2591888.963, 121
Trd, 2591890.396, 103
Trd, 2591890.696, 100
Trd, 2591891.179, 120
Trd, 2591892.496, 97
Trd, 2591893.129, 96
Trd, 2591893.579, 102
Trd, 2591893.929, 115
Trd, 2591894.079, 97
Trd, 2591895.779, 100
Trd, 2591895.879, 93
Trd, 2591895.963, 100
Trd, 2591897.363, 99
Trd, 2591898.179, 108
Trd, 2591899.279, 103
Trd, 2591899.313, 113
Trd, 2591900.363, 106
Trd, 2591900.729, 97
Trd, 2591902.646, 92
Trd, 2591903.013, 100
Trd, 2591903.596, 102
Trd, 2591903.763, 115
Trd, 2591904.979, 94
Trd, 2591905.779, 93
Trd, 2591905.996, 111
Trd, 2591906.446, 94
Trd, 2591908.613, 102
Trd, 2591908.929, 114
Trd, 2591909.263, 97
Trd, 2591910.063, 89
Trd, 2591910.129, 88
Trd, 2591911.246, 101
Trd, 2591911.696, 98
Trd, 2591911.763, 106
Trd, 2591911.796, 121
Trd, 2591912.496, 120
Trd, 2591912.679, 105
Trd, 2591912.813, 122
Trd, 2591913.763, 108
Trd, 2591915.013, 111
Trd, 2591916.446, 110
Trd, 2591917.096, 114
Trd, 2591917.213, 115
Trd, 2591917.263, 112
Trd, 2591918.129, 116
Trd, 2591919.979, 111
Trd, 2591920.113, 118
Trd, 2591920.863, 106
Trd, 2591921.546, 106
Trd, 2591921.796, 109
Trd, 2591922.813, 119
Trd, 2591922.863, 105
Trd, 2591923.479, 99
Trd, 2591923.746, 98
Trd, 2591923.979, 120
Trd, 2591925.413, 93
Trd, 2591925.529, 91
Trd, 2591927.479, 87
Trd, 2591928.996, 81
Trd, 2591929.329, 104
Trd, 2591930.096, 99
Trd, 2591930.713, 102
Trd, 2591930.763, 100
Trd, 2591930.813, 115
Trd, 2591931.346, 110
Trd, 2591931.596, 110
Trd, 2591931.613, 104
Trd, 2591931.963, 103
Trd, 2591933.263, 105
Trd, 2591933.396, 115
Trd, 2591933.446, 116
Trd, 2591934.196, 118
Trd, 2591934.846, 105
Trd, 2591934.896, 118
Trd, 2591935.229, 101
Trd, 2591935.613, 119
Trd, 2591937.463, 103
Trd, 2591937.663, 97
Trd, 2591938.163, 102
Trd, 2591939.513, 96
Trd, 2591939.979, 94
Trd, 2591940.029, 91
Trd, 2591940.913, 88
Trd, 2591942.013, 106
Trd, 2591942.129, 87
Trd, 2591943.363, 116
Trd, 2591943.629, 104
Trd, 2591944.179, 101
Trd, 2591944.229, 113
Trd, 2591944.329, 115
Trd, 2591944.929, 117
Trd, 2591946.196, 91
Trd, 2591946.629, 91
Trd, 2591947.829, 101
Trd, 2591948.996, 116
Trd, 2591949.546, 100
Trd, 2591950.213, 110
Trd, 2591950.429, 98
Trd, 2591951.713, 112
Trd, 2591951.813, 107
Trd, 2591952.313, 119
Trd, 2591953.479, 97
Trd, 2591955.679, 109
Trd, 2591956.463, 109
Trd, 2591956.679, 107
Trd, 2591956.763, 111
Trd, 2591956.896, 101
Trd, 2591957.329, 94
Trd, 2591957.379, 115
Trd, 2591957.846, 119
Trd, 2591958.546, 122
Trd, 2591958.696, 111
Trd, 2591959.229, 93
Trd, 2591960.196, 119
Trd, 2591960.263, 122
Trd, 2591961.213, 125
Trd, 2591961.979, 117
Trd, 2591963.029, 115
Trd, 2591963.479, 113
Trd, 2591964.463, 111
Trd, 2591965.029, 108
Trd, 2591965.929, 115
Trd, 2591966.079, 97
Trd, 2591966.696, 112
Trd, 2591966.779, 88
Trd, 2591967.963, 115
Trd, 2591969.746, 116
Trd, 2591970.146, 112
Trd, 2591970.213, 107
Trd, 2591971.329, 100
Trd, 2591971.496, 98
Trd, 2591971.613, 91
Trd, 2591971.963, 101
Trd, 2591972.663, 112
Trd, 2591972.913, 95
Trd, 2591973.013, 94
Trd, 2591973.563, 120
Trd, 2591974.396, 118
Trd, 2591974.796, 118
Trd, 2591975.963, 109
Trd, 2591976.679, 100
Trd, 2591978.463, 108
Trd, 2591979.213, 120
Trd, 2591980.513, 114
Trd, 2591981.396, 112
Trd, 2591981.596, 111
Trd, 2591981.846, 111
Trd, 2591982.229, 113
Trd, 2591982.463, 110
Trd, 2591982.546, 108
Trd, 2591983.813, 94
Trd, 2591983.896, 91
Trd, 2591983.946, 96
Trd, 2591984.829, 88
Trd, 2591984.879, 87
Trd, 2591985.046, 82
Trd, 2591985.579, 112
Trd, 2591985.779, 113
Trd, 2591986.196, 115
Trd, 2591986.596, 116
Trd, 2591988.746, 118
Trd, 2591989.996, 99
Trd, 2591990.079, 94
Trd, 2591990.096, 105
Trd, 2591990.146, 81
Trd, 2591990.696, 81
Trd, 2591991.146, 99
Trd, 2591992.563, 99
Trd, 2591992.713, 108
Trd, 2591993.629, 104
Trd, 2591993.963, 104
Trd, 2591994.913, 108
Trd, 2591995.663, 108
Trd, 2591995.813, 109
Trd, 2591995.963, 106
Trd, 2591996.313, 115
Trd, 2591996.846, 97
Trd, 2591997.446, 118
Trd, 2591997.496, 91
