Trd, 2590669.129, 103
Trd, 2590669.346, 106
Trd, 2590669.563, 101
Trd, 2590669.613, 106
Trd, 2590669.813, 94
Trd, 2590669.913, 103
Trd, 2590670.313, 92
Trd, 2590673.229, 104
Trd, 2590673.296, 99
Trd, 2590674.179, 98
Trd, 2590674.196, 99
Trd, 2590676.029, 98
Trd, 2590677.296, 93
Trd, 2590677.779, 93
Trd, 2590677.813, 95
Trd, 2590678.229, 96
Trd, 2590678.379, 107
Trd, 2590678.479, 92
Trd, 2590678.646, 91
Trd, 2590678.796, 84
Trd, 2590679.646, 82
Trd, 2590679.713, 111
Trd, 2590679.746, 82
Trd, 2590680.096, 112
Trd, 2590682.179, 107
Trd, 2590682.846, 94
Trd, 2590683.029, 108
Trd, 2590684.613, 107
Trd, 2590684.763, 102
Trd, 2590685.313, 101
Trd, 2590685.479, 107
Trd, 2590686.846, 119
Trd, 2590687.879, 107
Trd, 2590689.196, 111
Trd, 2590689.979, 116
Trd, 2590690.329, 116
Trd, 2590690.479, 116
Trd, 2590691.096, 117
Trd, 2590691.279, 114
Trd, 2590693.629, 106
Trd, 2590693.679, 105
Trd, 2590693.846, 104
Trd, 2590694.113, 99
Trd, 2590694.296, 107
Trd, 2590694.363, 108
Trd, 2590694.496, 111
Trd, 2590695.363, 96
Trd, 2590696.013, 100
Trd, 2590697.329, 98
Trd, 2590697.846, 96
Trd, 2590699.096, 91
Trd, 2590699.113, 97
Trd, 2590700.479, 94
Trd, 2590700.679, 98
Trd, 2590700.746, 84
Trd, 2590701.663, 93
Trd, 2590701.896, 84
Trd, 2590701.979, 77
Trd, 2590702.329, 101
Trd, 2590705.063, 93
Trd, 2590705.279, 92
Trd, 2590705.696, 94
Trd, 2590706.046, 95
Trd, 2590706.446, 93
Trd, 2590706.729, 108
Trd, 2590708.096, 96
Trd, 2590708.346, 104
Trd, 2590709.613, 98
Trd, 2590711.146, 103
Trd, 2590711.163, 102
Trd, 2590711.396, 101
Trd, 2590711.546, 104
Trd, 2590711.779, 102
Trd, 2590712.813, 102
Trd, 2590712.946, 105
Trd, 2590713.179, 110
Trd, 2590713.613, 112
Trd, 2590713.713, 102
Trd, 2590714.313, 111
Trd, 2590714.496, 97
Trd, 2590715.663, 92
Trd, 2590716.196, 91
Trd, 2590718.729, 100
Trd, 2590720.196, 100
Trd, 2590721.463, 110
Trd, 2590722.029, 109
Trd, 2590722.329, 109
Trd, 2590723.096, 109
Trd, 2590723.113, 108
Trd, 2590723.129, 111
Trd, 2590723.696, 102
Trd, 2590725.096, 102
Trd, 2590725.746, 116
Trd, 2590726.146, 101
Trd, 2590726.679, 99
Trd, 2590727.063, 94
Trd, 2590728.596, 98
Trd, 2590728.829, 99
Trd, 2590729.413, 95
Trd, 2590730.796, 105
Trd, 2590730.829, 103
Trd, 2590732.496, 103
Trd, 2590733.113, 102
Trd, 2590733.263, 108
Trd, 2590734.663, 112
Trd, 2590735.363, 108
Trd, 2590735.646, 127
Trd, 2590737.596, 110
Trd, 2590737.846, 105
Trd, 2590738.163, 109
Trd, 2590738.546, 102
Trd, 2590738.779, 101
Trd, 2590738.979, 108
Trd, 2590739.546, 98
Trd, 2590740.079, 98
Trd, 2590741.113, 99
Trd, 2590741.196, 94
Trd, 2590742.013, 84
Trd, 2590742.696, 99
Trd, 2590743.146, 98
Trd, 2590745.329, 94
Trd, 2590746.629, 97
Trd, 2590747.029, 97
Trd, 2590747.079, 98
Trd, 2590747.479, 100
Trd, 2590747.779, 99
Trd, 2590748.029, 107
Trd, 2590748.213, 108
Trd, 2590748.446, 110
Trd, 2590749.863, 118
Trd, 2590750.613, 117
Trd, 2590751.046, 117
Trd, 2590751.179, 112
Trd, 2590751.529, 116
Trd, 2590752.896, 104
Trd, 2590753.896, 102
Trd, 2590754.396, 101
Trd, 2590755.429, 88
Trd, 2590755.663, 105
Trd, 2590757.646, 92
Trd, 2590757.896, 92
Trd, 2590758.179, 91
Trd, 2590758.296, 91
Trd, 2590759.029, 92
Trd, 2590759.496, 93
Trd, 2590759.746, 93
Trd, 2590760.279, 98
Trd, 2590761.046, 97
Trd, 2590761.113, 98
Trd, 2590761.446, 95
Trd, 2590761.579, 94
Trd, 2590761.596, 93
Trd, 2590762.396, 108
Trd, 2590762.513, 93
Trd, 2590763.746, 111
Trd, 2590765.746, 100
Trd, 2590766.596, 101
Trd, 2590766.646, 98
Trd, 2590767.563, 98
Trd, 2590768.596, 97
Trd, 2590769.546, 101
Trd, 2590770.829, 104
Trd, 2590770.963, 105
Trd, 2590771.579, 106
Trd, 2590773.879, 107
Trd, 2590774.329, 106
Trd, 2590775.363, 107
Trd, 2590775.396, 105
Trd, 2590775.446, 108
Trd, 2590775.646, 98
Trd, 2590776.563, 108
Trd, 2590776.879, 100
Trd, 2590777.763, 99
Trd, 2590778.463, 98
Trd, 2590779.113, 99
Trd, 2590779.296, 103
Trd, 2590779.779, 99
Trd, 2590780.629, 105
Trd, 2590780.696, 99
Trd, 2590781.846, 101
Trd, 2590783.913, 110
Trd, 2590784.413, 107
Trd, 2590785.129, 108
Trd, 2590785.513, 106
Trd, 2590785.946, 105
Trd, 2590786.079, 94
Trd, 2590786.113, 87
Trd, 2590786.979, 88
Trd, 2590787.013, 106
Trd, 2590788.446, 105
Trd, 2590788.646, 105
Trd, 2590789.663, 103
Trd, 2590789.963, 105
Trd, 2590790.479, 99
Trd, 2590791.196, 106
Trd, 2590791.829, 98
Trd, 2590792.729, 97
Trd, 2590793.046, 96
Trd, 2590793.163, 97
Trd, 2590793.296, 105
Trd, 2590795.013, 108
Trd, 2590795.996, 112
Trd, 2590796.529, 116
Trd, 2590796.563, 110
Trd, 2590797.146, 121
Trd, 2590797.929, 108
Trd, 2590798.013, 105
Trd, 2590799.313, 101
Trd, 2590800.046, 115
Trd, 2590800.513, 98
Trd, 2590802.463, 100
Trd, 2590802.596, 99
Trd, 2590802.896, 99
Trd, 2590803.513, 98
Trd, 2590807.813, 99
Trd, 2590807.846, 100
Trd, 2590807.913, 108
Trd, 2590807.946, 99
Trd, 2590808.579, 109
Trd, 2590808.813, 102
Trd, 2590809.096, 112
Trd, 2590809.379, 98
Trd, 2590809.496, 117
Trd, 2590809.763, 118
Trd, 2590809.913, 95
Trd, 2590810.279, 95
Trd, 2590810.329, 94
Trd, 2590810.413, 90
Trd, 2590810.646, 95
Trd, 2590811.313, 93
Trd, 2590812.446, 81
Trd, 2590813.229, 119
Trd, 2590814.113, 125
Trd, 2590814.429, 114
Trd, 2590815.663, 90
Trd, 2590816.446, 91
Trd, 2590816.713, 92
Trd, 2590817.246, 100
Trd, 2590817.446, 100
Trd, 2590818.229, 101
Trd, 2590818.963, 101
Trd, 2590819.013, 100
Trd, 2590819.029, 98
Trd, 2590819.546, 108
Trd, 2590822.063, 95
Trd, 2590822.146, 108
Trd, 2590822.663, 90
Trd, 2590823.279, 99
Trd, 2590823.829, 91
Trd, 2590823.863, 107
Trd, 2590823.896, 90
Trd, 2590824.979, 109
Trd, 2590826.479, 90
Trd, 2590827.696, 92
Trd, 2590828.513, 94
Trd, 2590828.529, 105
Trd, 2590830.629, 106
Trd, 2590830.846, 107
Trd, 2590831.046, 98
Trd, 2590831.813, 104
Trd, 2590832.029, 103
Trd, 2590832.629, 103
Trd, 2590834.746, 109
Trd, 2590834.846, 108
Trd, 2590834.979, 110
Trd, 2590835.446, 104
Trd, 2590835.479, 103
Trd, 2590836.079, 101
Trd, 2590836.196, 111
Trd, 2590837.163, 106
Trd, 2590838.696, 107
Trd, 2590838.813, 103
Trd, 2590839.013, 112
Trd, 2590839.463, 104
Trd, 2590840.163, 95
Trd, 2590840.996, 98
Trd, 2590841.779, 105
Trd, 2590842.613, 101
Trd, 2590843.546, 106
Trd, 2590844.229, 103
Trd, 2590845.729, 102
Trd, 2590846.113, 103
Trd, 2590846.546, 103
Trd, 2590846.746, 103
Trd, 2590847.296, 104
Trd, 2590847.729, 101
Trd, 2590848.313, 106
Trd, 2590848.863, 98
Trd, 2590849.229, 98
Trd, 2590849.946, 106
Trd, 2590850.513, 92
Trd, 2590851.029, 95
Trd, 2590851.463, 108
Trd, 2590853.313, 99
Trd, 2590853.463, 98
Trd, 2590853.696, 93
Trd, 2590853.763, 101
Trd, 2590854.713, 112
Trd, 2590854.896, 98
Trd, 2590855.079, 115
Trd, 2590856.629, 98
Trd, 2590857.563, 93
Trd, 2590857.796, 100
Trd, 2590858.563, 94
Trd, 2590859.413, 111
Trd, 2590861.096, 102
Trd, 2590861.396, 101
Trd, 2590861.529, 101
Trd, 2590861.896, 99
Trd, 2590862.096, 91
Trd, 2590862.129, 100
Trd, 2590863.346, 98
Trd, 2590863.546, 93
Trd, 2590863.613, 97
Trd, 2590865.129, 96
Trd, 2590865.346, 91
Trd, 2590865.946, 95
Trd, 2590866.713, 85
Trd, 2590869.096, 92
Trd, 2590869.196, 93
Trd, 2590870.146, 93
Trd, 2590870.779, 99
Trd, 2590871.996, 98
Trd, 2590872.179, 106
Trd, 2590872.313, 98
Trd, 2590872.779, 97
Trd, 2590873.079, 94
Trd, 2590874.613, 104
Trd, 2590874.629, 94
Trd, 2590874.813, 87
Trd, 2590876.263, 92
Trd, 2590876.663, 93
Trd, 2590878.479, 97
Trd, 2590878.963, 102
Trd, 2590879.613, 98
Trd, 2590880.463, 100
Trd, 2590880.779, 101
Trd, 2590881.196, 106
Trd, 2590881.629, 104
Trd, 2590881.646, 110
Trd, 2590883.563, 103
Trd, 2590885.729, 106
Trd, 2590885.879, 106
Trd, 2590886.463, 106
Trd, 2590886.863, 106
Trd, 2590887.379, 106
Trd, 2590887.563, 107
Trd, 2590888.479, 108
Trd, 2590888.829, 105
Trd, 2590889.013, 101
Trd, 2590889.246, 98
Trd, 2590890.196, 91
Trd, 2590890.613, 111
Trd, 2590890.729, 112
Trd, 2590891.513, 94
Trd, 2590891.979, 85
Trd, 2590892.213, 92
Trd, 2590892.313, 84
Trd, 2590894.313, 101
Trd, 2590894.729, 103
Trd, 2590894.963, 109
Trd, 2590895.246, 113
Trd, 2590895.396, 91
Trd, 2590895.446, 116
Trd, 2590896.296, 97
Trd, 2590897.813, 97
Trd, 2590898.846, 111
Trd, 2590900.063, 99
Trd, 2590902.129, 101
Trd, 2590903.329, 102
Trd, 2590903.363, 99
Trd, 2590904.929, 100
Trd, 2590905.529, 97
Trd, 2590906.579, 102
Trd, 2590907.196, 103
Trd, 2590907.563, 104
Trd, 2590907.713, 103
Trd, 2590908.013, 101
Trd, 2590908.863, 104
Trd, 2590908.879, 106
Trd, 2590910.563, 104
Trd, 2590910.863, 108
Trd, 2590911.046, 108
Trd, 2590912.729, 104
Trd, 2590913.513, 108
Trd, 2590914.379, 106
Trd, 2590915.063, 103
Trd, 2590915.629, 101
Trd, 2590915.829, 97
Trd, 2590917.096, 102
Trd, 2590917.913, 96
Trd, 2590917.963, 103
Trd, 2590918.663, 102
Trd, 2590919.413, 101
Trd, 2590920.063, 100
Trd, 2590920.196, 105
Trd, 2590921.279, 115
Trd, 2590921.413, 101
Trd, 2590921.796, 100
Trd, 2590922.246, 101
Trd, 2590922.313, 115
Trd, 2590923.513, 103
Trd, 2590923.996, 103
Trd, 2590924.029, 112
Trd, 2590925.129, 119
Trd, 2590925.346, 108
Trd, 2590925.829, 105
Trd, 2590926.213, 104
Trd, 2590928.013, 101
Trd, 2590928.896, 98
Trd, 2590930.429, 96
Trd, 2590930.546, 96
Trd, 2590930.646, 95
Trd, 2590931.063, 96
Trd, 2590932.563, 104
Trd, 2590932.846, 94
Trd, 2590933.313, 104
Trd, 2590934.979, 111
Trd, 2590935.196, 111
Trd, 2590937.296, 103
Trd, 2590939.329, 108
Trd, 2590939.863, 108
Trd, 2590940.063, 107
Trd, 2590940.129, 105
Trd, 2590940.563, 102
Trd, 2590940.779, 102
Trd, 2590941.413, 106
Trd, 2590941.929, 101
Trd, 2590942.513, 104
Trd, 2590942.629, 104
Trd, 2590942.829, 94
Trd, 2590945.563, 101
Trd, 2590946.863, 98
Trd, 2590947.029, 99
Trd, 2590947.213, 94
Trd, 2590947.546, 100
Trd, 2590947.679, 92
Trd, 2590947.896, 84
Trd, 2590948.113, 105
Trd, 2590950.413, 93
Trd, 2590951.279, 96
Trd, 2590951.796, 96
Trd, 2590953.029, 98
Trd, 2590953.679, 99
Trd, 2590954.129, 99
Trd, 2590954.896, 112
Trd, 2590954.979, 122
Trd, 2590956.363, 110
Trd, 2590956.496, 98
Trd, 2590956.513, 94
Trd, 2590958.713, 106
Trd, 2590959.496, 101
Trd, 2590959.746, 104
Trd, 2590959.879, 102
Trd, 2590960.346, 102
Trd, 2590960.913, 101
Trd, 2590961.696, 99
Trd, 2590962.046, 96
Trd, 2590962.246, 95
Trd, 2590963.179, 93
Trd, 2590963.529, 92
Trd, 2590963.679, 91
Trd, 2590964.063, 93
Trd, 2590964.279, 99
Trd, 2590964.996, 102
Trd, 2590965.779, 101
Trd, 2590966.479, 100
Trd, 2590967.946, 107
Trd, 2590968.229, 108
Trd, 2590969.696, 109
Trd, 2590969.796, 110
Trd, 2590970.929, 112
Trd, 2590970.979, 102
Trd, 2590972.163, 115
Trd, 2590972.446, 106
Trd, 2590972.479, 105
Trd, 2590973.196, 120
Trd, 2590973.963, 106
Trd, 2590974.146, 125
Trd, 2590974.263, 104
Trd, 2590976.163, 104
Trd, 2590977.263, 104
Trd, 2590977.396, 103
Trd, 2590977.813, 101
Trd, 2590978.296, 115
Trd, 2590979.013, 123
Trd, 2590980.213, 117
Trd, 2590980.463, 102
Trd, 2590980.929, 98
Trd, 2590982.379, 96
Trd, 2590982.629, 91
Trd, 2590982.863, 94
Trd, 2590983.479, 103
Trd, 2590983.529, 110
Trd, 2590983.946, 94
Trd, 2590984.213, 116
Trd, 2590984.663, 92
Trd, 2590985.929, 87
Trd, 2590986.529, 91
Trd, 2590988.446, 105
Trd, 2590989.529, 103
Trd, 2590989.846, 103
Trd, 2590990.346, 106
Trd, 2590990.363, 105
Trd, 2590991.329, 105
Trd, 2590991.646, 98
Trd, 2590992.963, 101
Trd, 2590994.463, 97
Trd, 2590994.513, 96
Trd, 2590995.729, 93
Trd, 2590996.096, 95
Trd, 2590996.679, 93
Trd, 2590997.129, 94
Trd, 2590997.763, 105
Trd, 2590998.063, 100
Trd, 2590999.029, 101
Trd, 2590999.496, 101
Trd, 2590999.963, 99
Trd, 2591000.513, 100
Trd, 2591000.746, 94
Trd, 2591001.813, 94
Trd, 2591002.079, 94
Trd, 2591002.546, 95
Trd, 2591003.046, 93
Trd, 2591004.396, 98
Trd, 2591004.429, 101
Trd, 2591005.863, 100
Trd, 2591005.879, 99
Trd, 2591006.613, 100
Trd, 2591007.113, 104
Trd, 2591008.379, 102
Trd, 2591009.246, 102
Trd, 2591009.713, 103
Trd, 2591010.913, 105
Trd, 2591011.263, 112
Trd, 2591011.779, 111
Trd, 2591012.579, 104
Trd, 2591012.646, 117
Trd, 2591013.363, 107
Trd, 2591013.713, 118
Trd, 2591013.813, 102
Trd, 2591014.313, 101
Trd, 2591014.546, 103
Trd, 2591014.696, 100
Trd, 2591015.446, 98
Trd, 2591016.363, 91
Trd, 2591016.579, 94
Trd, 2591018.613, 93
Trd, 2591018.863, 93
Trd, 2591020.613, 95
Trd, 2591021.196, 105
Trd, 2591021.696, 97
Trd, 2591021.913, 95
Trd, 2591022.763, 94
Trd, 2591023.179, 105
Trd, 2591024.979, 104
Trd, 2591025.446, 97
Trd, 2591027.446, 99
Trd, 2591027.629, 107
Trd, 2591027.646, 107
Trd, 2591027.746, 110
Trd, 2591028.513, 100
Trd, 2591029.229, 101
Trd, 2591031.063, 103
Trd, 2591031.329, 104
Trd, 2591031.363, 102
Trd, 2591031.663, 101
Trd, 2591031.979, 93
Trd, 2591032.763, 96
Trd, 2591033.229, 92
Trd, 2591033.463, 97
Trd, 2591034.746, 106
Trd, 2591035.713, 103
Trd, 2591036.363, 105
Trd, 2591037.879, 103
Trd, 2591038.663, 105
Trd, 2591038.879, 104
Trd, 2591038.963, 109
Trd, 2591039.179, 118
Trd, 2591041.063, 106
Trd, 2591041.796, 105
Trd, 2591041.829, 118
Trd, 2591043.979, 107
Trd, 2591044.263, 105
Trd, 2591044.513, 101
Trd, 2591044.963, 99
Trd, 2591045.113, 97
Trd, 2591045.146, 107
Trd, 2591045.346, 94
Trd, 2591045.713, 91
Trd, 2591046.029, 111
Trd, 2591047.346, 86
Trd, 2591049.079, 107
Trd, 2591049.396, 109
Trd, 2591050.729, 105
Trd, 2591050.779, 106
Trd, 2591051.429, 105
Trd, 2591051.679, 106
Trd, 2591052.096, 112
Trd, 2591052.113, 102
Trd, 2591054.613, 115
Trd, 2591055.379, 101
Trd, 2591056.296, 104
Trd, 2591056.496, 103
Trd, 2591057.346, 106
Trd, 2591057.529, 107
Trd, 2591057.979, 112
Trd, 2591058.046, 106
Trd, 2591058.646, 117
Trd, 2591059.379, 105
Trd, 2591059.829, 114
Trd, 2591060.913, 100
Trd, 2591061.279, 98
Trd, 2591061.879, 95
Trd, 2591062.229, 109
Trd, 2591064.213, 97
Trd, 2591064.496, 92
Trd, 2591064.996, 91
Trd, 2591066.429, 93
Trd, 2591066.963, 92
Trd, 2591067.246, 92
Trd, 2591067.396, 92
Trd, 2591067.479, 93
Trd, 2591068.479, 102
Trd, 2591069.163, 111
Trd, 2591069.563, 115
Trd, 2591070.696, 102
Trd, 2591071.779, 112
Trd, 2591071.863, 100
Trd, 2591072.163, 97
Trd, 2591072.929, 95
Trd, 2591073.446, 94
Trd, 2591074.129, 107
Trd, 2591075.213, 101
Trd, 2591075.296, 106
Trd, 2591075.896, 91
Trd, 2591076.413, 83
Trd, 2591077.263, 92
Trd, 2591077.479, 85
Trd, 2591077.779, 96
Trd, 2591079.029, 92
Trd, 2591079.046, 106
Trd, 2591079.929, 105
Trd, 2591080.829, 108
Trd, 2591081.029, 108
Trd, 2591081.563, 108
Trd, 2591082.196, 109
Trd, 2591084.263, 106
Trd, 2591084.463, 106
Trd, 2591084.646, 105
Trd, 2591084.796, 112
Trd, 2591084.863, 115
Trd, 2591085.463, 118
Trd, 2591085.963, 99
Trd, 2591086.546, 95
Trd, 2591087.879, 98
Trd, 2591088.963, 97
Trd, 2591089.346, 97
Trd, 2591089.613, 98
Trd, 2591089.646, 94
Trd, 2591090.546, 91
Trd, 2591090.946, 81
Trd, 2591092.346, 83
Trd, 2591092.829, 82
Trd, 2591092.863, 84
Trd, 2591093.013, 98
Trd, 2591094.029, 96
Trd, 2591095.313, 105
Trd, 2591096.029, 93
Trd, 2591096.063, 92
Trd, 2591097.479, 96
Trd, 2591098.613, 94
Trd, 2591099.129, 92
Trd, 2591099.746, 88
Trd, 2591099.979, 90
Trd, 2591100.013, 94
Trd, 2591100.863, 87
Trd, 2591100.963, 99
Trd, 2591101.946, 112
Trd, 2591102.863, 108
Trd, 2591102.929, 118
Trd, 2591104.113, 92
Trd, 2591105.696, 89
Trd, 2591106.146, 89
Trd, 2591106.796, 89
Trd, 2591107.329, 85
Trd, 2591107.446, 84
Trd, 2591107.896, 83
Trd, 2591108.863, 87
Trd, 2591109.579, 89
Trd, 2591110.046, 96
Trd, 2591110.413, 94
Trd, 2591111.229, 96
Trd, 2591112.063, 97
Trd, 2591112.296, 108
Trd, 2591113.313, 99
Trd, 2591113.663, 107
Trd, 2591113.896, 95
Trd, 2591114.129, 94
Trd, 2591114.313, 110
Trd, 2591114.396, 110
Trd, 2591115.113, 110
Trd, 2591117.496, 96
Trd, 2591117.879, 97
Trd, 2591119.546, 107
Trd, 2591120.296, 107
Trd, 2591121.046, 107
Trd, 2591121.179, 106
Trd, 2591121.796, 105
Trd, 2591122.513, 106
Trd, 2591122.629, 105
Trd, 2591123.746, 105
Trd, 2591124.196, 105
Trd, 2591125.996, 103
Trd, 2591126.296, 101
Trd, 2591126.496, 112
Trd, 2591127.546, 110
Trd, 2591128.329, 109
Trd, 2591128.529, 98
Trd, 2591129.263, 96
Trd, 2591129.779, 94
Trd, 2591130.613, 92
Trd, 2591130.863, 92
Trd, 2591131.013, 94
Trd, 2591131.513, 93
Trd, 2591131.963, 95
Trd, 2591133.596, 98
Trd, 2591134.779, 99
Trd, 2591135.529, 97
Trd, 2591136.046, 106
Trd, 2591136.563, 105
Trd, 2591136.946, 98
Trd, 2591137.096, 96
Trd, 2591137.729, 89
Trd, 2591139.013, 99
Trd, 2591140.079, 96
Trd, 2591140.413, 95
Trd, 2591140.513, 97
Trd, 2591141.046, 104
Trd, 2591141.496, 98
Trd, 2591142.129, 95
Trd, 2591143.729, 102
Trd, 2591144.296, 102
Trd, 2591144.313, 101
Trd, 2591145.013, 99
Trd, 2591145.429, 99
Trd, 2591145.829, 98
Trd, 2591146.529, 94
Trd, 2591146.913, 94
Trd, 2591148.879, 105
Trd, 2591149.029, 106
Trd, 2591149.263, 94
Trd, 2591151.513, 98
Trd, 2591152.229, 99
Trd, 2591152.429, 108
Trd, 2591152.646, 96
Trd, 2591153.363, 95
Trd, 2591153.413, 91
Trd, 2591154.046, 107
Trd, 2591154.896, 104
Trd, 2591155.229, 105
Trd, 2591155.996, 106
Trd, 2591156.079, 98
Trd, 2591156.896, 108
Trd, 2591159.029, 109
Trd, 2591159.396, 107
Trd, 2591160.029, 106
Trd, 2591160.296, 105
Trd, 2591160.313, 112
Trd, 2591161.129, 108
Trd, 2591162.196, 111
Trd, 2591162.563, 107
Trd, 2591162.663, 107
Trd, 2591163.046, 106
Trd, 2591163.263, 113
Trd, 2591163.346, 98
Trd, 2591165.296, 96
Trd, 2591166.329, 99
Trd, 2591166.546, 98
Trd, 2591166.779, 91
Trd, 2591167.529, 86
Trd, 2591169.579, 97
Trd, 2591169.729, 112
Trd, 2591170.913, 98
Trd, 2591171.679, 96
Trd, 2591172.796, 101
Trd, 2591173.113, 97
Trd, 2591173.596, 96
Trd, 2591174.229, 99
Trd, 2591175.763, 94
Trd, 2591175.796, 99
Trd, 2591176.196, 91
Trd, 2591176.579, 101
Trd, 2591176.813, 110
Trd, 2591177.146, 98
Trd, 2591177.329, 94
Trd, 2591178.429, 85
Trd, 2591181.079, 103
Trd, 2591182.629, 104
Trd, 2591183.263, 101
Trd, 2591183.746, 103
Trd, 2591184.929, 103
Trd, 2591184.963, 101
Trd, 2591185.029, 104
Trd, 2591185.096, 97
Trd, 2591187.679, 90
Trd, 2591188.263, 91
Trd, 2591188.529, 92
Trd, 2591188.546, 95
Trd, 2591189.546, 86
Trd, 2591190.246, 89
Trd, 2591190.979, 97
Trd, 2591191.846, 97
Trd, 2591193.913, 102
Trd, 2591194.113, 101
Trd, 2591195.229, 99
Trd, 2591195.679, 103
Trd, 2591196.346, 99
Trd, 2591197.296, 100
Trd, 2591198.113, 100
Trd, 2591198.146, 103
Trd, 2591198.729, 99
Trd, 2591198.913, 105
Trd, 2591199.296, 98
Trd, 2591199.829, 110
Trd, 2591200.529, 112
Trd, 2591200.629, 115
Trd, 2591201.579, 98
Trd, 2591201.963, 97
Trd, 2591202.879, 95
Trd, 2591204.363, 101
Trd, 2591205.896, 103
Trd, 2591206.179, 103
Trd, 2591206.363, 101
Trd, 2591206.963, 101
Trd, 2591207.679, 100
Trd, 2591207.696, 104
Trd, 2591209.079, 98
Trd, 2591209.213, 97
Trd, 2591209.863, 97
Trd, 2591210.029, 102
Trd, 2591210.879, 105
Trd, 2591211.963, 103
Trd, 2591211.996, 102
Trd, 2591213.929, 108
Trd, 2591214.529, 103
Trd, 2591214.696, 109
Trd, 2591215.063, 103
Trd, 2591216.313, 104
Trd, 2591216.379, 105
Trd, 2591216.479, 101
Trd, 2591218.079, 109
Trd, 2591218.313, 100
Trd, 2591218.396, 95
Trd, 2591220.446, 94
Trd, 2591221.313, 94
Trd, 2591221.446, 105
Trd, 2591222.163, 112
Trd, 2591222.229, 92
Trd, 2591222.246, 114
Trd, 2591223.113, 98
Trd, 2591223.396, 93
Trd, 2591223.563, 118
Trd, 2591223.996, 93
Trd, 2591224.579, 93
Trd, 2591224.746, 105
Trd, 2591225.513, 99
Trd, 2591226.896, 105
Trd, 2591227.363, 112
Trd, 2591228.813, 105
Trd, 2591228.896, 104
Trd, 2591229.346, 102
Trd, 2591229.529, 104
Trd, 2591231.946, 100
Trd, 2591231.963, 98
Trd, 2591232.513, 94
Trd, 2591234.063, 101
Trd, 2591235.513, 109
Trd, 2591235.729, 109
Trd, 2591235.996, 110
Trd, 2591236.563, 111
Trd, 2591237.079, 111
Trd, 2591237.429, 112
Trd, 2591237.563, 110
Trd, 2591237.979, 108
Trd, 2591239.046, 105
Trd, 2591240.846, 102
Trd, 2591241.229, 110
Trd, 2591241.479, 101
Trd, 2591241.579, 108
Trd, 2591241.596, 98
Trd, 2591243.129, 102
Trd, 2591243.513, 103
Trd, 2591243.729, 102
Trd, 2591243.813, 101
Trd, 2591245.196, 115
Trd, 2591245.246, 119
Trd, 2591245.279, 125
Trd, 2591247.413, 103
Trd, 2591247.896, 101
Trd, 2591248.963, 101
Trd, 2591249.113, 102
Trd, 2591249.346, 94
Trd, 2591249.713, 100
Trd, 2591249.929, 100
Trd, 2591250.229, 91
Trd, 2591251.346, 98
Trd, 2591251.579, 98
Trd, 2591251.846, 97
Trd, 2591252.563, 101
Trd, 2591252.913, 109
Trd, 2591253.596, 82
Trd, 2591254.746, 108
Trd, 2591254.813, 112
Trd, 2591255.913, 118
Trd, 2591255.946, 95
Trd, 2591256.913, 98
Trd, 2591257.596, 99
Trd, 2591259.946, 106
Trd, 2591260.013, 105
Trd, 2591260.279, 102
Trd, 2591261.013, 101
Trd, 2591261.079, 97
Trd, 2591261.363, 94
Trd, 2591263.113, 96
Trd, 2591263.546, 96
Trd, 2591263.713, 96
Trd, 2591263.863, 96
Trd, 2591264.513, 97
Trd, 2591264.646, 100
Trd, 2591264.863, 97
Trd, 2591265.213, 90
Trd, 2591266.813, 83
Trd, 2591268.913, 89
Trd, 2591269.313, 95
Trd, 2591269.963, 101
Trd, 2591270.179, 102
Trd, 2591270.813, 107
Trd, 2591271.646, 106
Trd, 2591272.096, 105
Trd, 2591272.246, 107
Trd, 2591272.446, 101
Trd, 2591273.163, 101
Trd, 2591273.646, 100
Trd, 2591276.363, 102
Trd, 2591276.396, 101
Trd, 2591276.629, 101
Trd, 2591278.779, 103
Trd, 2591279.146, 98
Trd, 2591279.713, 106
Trd, 2591280.146, 99
Trd, 2591280.746, 106
Trd, 2591281.346, 114
Trd, 2591281.529, 115
Trd, 2591281.779, 106
Trd, 2591283.646, 97
Trd, 2591285.329, 102
Trd, 2591286.046, 101
Trd, 2591286.546, 101
Trd, 2591286.663, 104
Trd, 2591289.013, 98
Trd, 2591289.346, 107
Trd, 2591289.596, 112
Trd, 2591290.546, 106
Trd, 2591290.679, 107
Trd, 2591290.979, 106
Trd, 2591291.313, 106
Trd, 2591291.679, 105
Trd, 2591292.213, 108
Trd, 2591293.696, 111
Trd, 2591293.879, 102
Trd, 2591294.129, 109
Trd, 2591294.329, 107
Trd, 2591295.363, 103
Trd, 2591295.796, 108
Trd, 2591296.213, 102
Trd, 2591296.446, 100
Trd, 2591296.579, 98
Trd, 2591299.496, 103
Trd, 2591299.563, 99
Trd, 2591300.596, 98
Trd, 2591301.129, 98
Trd, 2591301.379, 92
Trd, 2591305.029, 101
Trd, 2591305.179, 100
Trd, 2591305.729, 97
Trd, 2591306.329, 94
Trd, 2591307.363, 91
Trd, 2591307.663, 92
Trd, 2591307.829, 84
Trd, 2591307.913, 96
Trd, 2591308.796, 98
Trd, 2591310.263, 107
Trd, 2591310.596, 109
Trd, 2591311.213, 110
Trd, 2591311.896, 106
Trd, 2591312.129, 105
Trd, 2591313.096, 108
Trd, 2591313.979, 112
Trd, 2591314.179, 110
Trd, 2591316.113, 114
Trd, 2591316.279, 114
Trd, 2591316.479, 117
Trd, 2591317.096, 113
Trd, 2591317.263, 111
Trd, 2591318.679, 118
Trd, 2591319.096, 111
Trd, 2591319.346, 110
Trd, 2591320.579, 111
Trd, 2591320.946, 111
Trd, 2591320.963, 105
Trd, 2591321.646, 97
Trd, 2591323.996, 99
Trd, 2591324.296, 96
Trd, 2591324.763, 102
Trd, 2591324.896, 104
Trd, 2591325.029, 95
Trd, 2591325.296, 106
Trd, 2591325.529, 84
Trd, 2591327.046, 108
Trd, 2591328.979, 98
Trd, 2591329.863, 96
Trd, 2591330.196, 95
Trd, 2591330.929, 94
Trd, 2591331.563, 94
Trd, 2591331.879, 96
Trd, 2591332.096, 100
Trd, 2591332.229, 112
Trd, 2591332.296, 97
Trd, 2591332.913, 100
Trd, 2591332.996, 98
Trd, 2591333.713, 111
Trd, 2591333.746, 91
Trd, 2591334.646, 111
Trd, 2591334.813, 86
Trd, 2591337.463, 102
Trd, 2591337.579, 101
Trd, 2591338.929, 106
Trd, 2591340.279, 104
Trd, 2591340.296, 101
Trd, 2591341.146, 99
Trd, 2591341.829, 100
Trd, 2591343.563, 111
Trd, 2591344.063, 111
Trd, 2591344.329, 107
Trd, 2591344.713, 102
Trd, 2591344.763, 101
Trd, 2591344.863, 111
Trd, 2591346.346, 98
Trd, 2591347.713, 109
Trd, 2591348.013, 95
Trd, 2591349.196, 104
Trd, 2591349.513, 108
Trd, 2591352.296, 105
Trd, 2591352.496, 105
Trd, 2591352.513, 102
Trd, 2591353.446, 105
Trd, 2591353.463, 106
Trd, 2591354.213, 103
Trd, 2591354.779, 103
Trd, 2591354.913, 101
Trd, 2591355.363, 111
Trd, 2591355.779, 95
Trd, 2591357.196, 96
Trd, 2591357.496, 95
Trd, 2591358.529, 95
Trd, 2591359.313, 105
Trd, 2591359.546, 111
Trd, 2591360.113, 112
Trd, 2591361.663, 100
Trd, 2591361.896, 99
Trd, 2591362.679, 98
Trd, 2591363.613, 98
Trd, 2591364.313, 99
Trd, 2591365.196, 99
Trd, 2591365.263, 99
Trd, 2591365.496, 98
Trd, 2591366.646, 92
Trd, 2591366.696, 98
Trd, 2591367.063, 105
Trd, 2591368.696, 106
Trd, 2591369.746, 97
Trd, 2591369.896, 108
Trd, 2591371.013, 112
Trd, 2591371.029, 98
Trd, 2591371.696, 99
Trd, 2591371.963, 97
Trd, 2591372.013, 93
Trd, 2591373.029, 93
Trd, 2591373.213, 115
Trd, 2591373.613, 99
Trd, 2591374.296, 95
Trd, 2591374.813, 95
Trd, 2591374.979, 114
Trd, 2591376.729, 95
Trd, 2591378.363, 99
Trd, 2591378.529, 99
Trd, 2591379.463, 99
Trd, 2591379.596, 98
Trd, 2591379.863, 96
Trd, 2591380.663, 97
Trd, 2591382.063, 101
Trd, 2591382.479, 109
Trd, 2591383.446, 104
Trd, 2591383.746, 98
Trd, 2591384.446, 95
Trd, 2591384.646, 105
Trd, 2591384.679, 94
Trd, 2591385.079, 96
Trd, 2591386.263, 91
Trd, 2591386.963, 90
Trd, 2591388.796, 88
Trd, 2591388.863, 89
Trd, 2591390.229, 105
Trd, 2591390.429, 106
Trd, 2591390.513, 112
Trd, 2591391.729, 101
Trd, 2591392.346, 111
Trd, 2591392.946, 107
Trd, 2591393.546, 106
Trd, 2591394.096, 106
Trd, 2591394.229, 105
Trd, 2591395.529, 105
Trd, 2591395.596, 103
Trd, 2591395.946, 101
Trd, 2591396.946, 107
Trd, 2591397.346, 104
Trd, 2591397.496, 101
Trd, 2591397.713, 98
Trd, 2591398.146, 107
Trd, 2591398.929, 108
Trd, 2591400.379, 93
Trd, 2591401.963, 100
Trd, 2591402.913, 101
Trd, 2591403.546, 101
Trd, 2591403.696, 94
Trd, 2591403.879, 103
Trd, 2591405.163, 106
Trd, 2591405.496, 94
Trd, 2591405.813, 112
Trd, 2591406.746, 101
Trd, 2591407.496, 99
Trd, 2591408.629, 99
Trd, 2591408.663, 98
Trd, 2591409.246, 95
Trd, 2591409.963, 96
Trd, 2591410.146, 94
Trd, 2591411.679, 92
Trd, 2591412.963, 89
Trd, 2591413.396, 89
Trd, 2591413.729, 90
Trd, 2591415.063, 91
Trd, 2591415.629, 91
Trd, 2591416.546, 93
Trd, 2591416.596, 97
Trd, 2591416.879, 94
Trd, 2591417.229, 95
Trd, 2591417.579, 99
Trd, 2591418.279, 107
Trd, 2591419.796, 108
Trd, 2591419.963, 107
Trd, 2591420.796, 107
Trd, 2591421.479, 108
Trd, 2591421.929, 107
Trd, 2591422.546, 101
Trd, 2591422.896, 112
Trd, 2591423.263, 110
Trd, 2591424.563, 109
Trd, 2591424.929, 108
Trd, 2591425.063, 107
Trd, 2591425.929, 112
Trd, 2591426.746, 102
Trd, 2591427.079, 114
Trd, 2591427.263, 115
Trd, 2591428.163, 104
Trd, 2591428.379, 114
Trd, 2591428.596, 103
Trd, 2591428.696, 101
Trd, 2591429.313, 102
Trd, 2591430.096, 113
Trd, 2591430.846, 98
Trd, 2591434.079, 98
Trd, 2591435.429, 96
Trd, 2591435.496, 92
Trd, 2591436.646, 93
Trd, 2591436.763, 91
Trd, 2591437.113, 95
Trd, 2591437.279, 109
Trd, 2591438.913, 84
Trd, 2591439.329, 95
Trd, 2591440.146, 96
Trd, 2591440.296, 102
Trd, 2591441.413, 101
Trd, 2591441.579, 104
Trd, 2591442.196, 98
Trd, 2591442.229, 96
Trd, 2591442.596, 103
Trd, 2591444.029, 104
Trd, 2591444.963, 102
Trd, 2591445.063, 105
Trd, 2591445.129, 107
Trd, 2591446.113, 97
Trd, 2591446.729, 103
Trd, 2591447.263, 103
Trd, 2591447.963, 100
Trd, 2591448.246, 105
Trd, 2591448.396, 99
Trd, 2591449.429, 99
Trd, 2591451.746, 103
Trd, 2591452.579, 104
Trd, 2591452.829, 108
Trd, 2591454.413, 107
Trd, 2591454.913, 105
Trd, 2591455.229, 103
Trd, 2591455.413, 99
Trd, 2591455.429, 98
Trd, 2591456.963, 107
Trd, 2591459.179, 105
Trd, 2591459.713, 104
Trd, 2591459.779, 105
Trd, 2591459.996, 103
Trd, 2591460.046, 99
Trd, 2591461.746, 103
Trd, 2591462.263, 96
Trd, 2591462.929, 105
Trd, 2591463.446, 103
Trd, 2591463.563, 112
Trd, 2591464.729, 104
Trd, 2591465.029, 104
Trd, 2591465.896, 106
Trd, 2591466.529, 108
Trd, 2591466.646, 104
Trd, 2591468.196, 100
Trd, 2591468.413, 105
Trd, 2591469.379, 101
Trd, 2591469.696, 105
Trd, 2591470.979, 95
Trd, 2591472.063, 107
Trd, 2591473.513, 108
Trd, 2591473.696, 96
Trd, 2591473.963, 95
Trd, 2591476.913, 100
Trd, 2591477.413, 100
Trd, 2591477.696, 98
Trd, 2591477.763, 94
Trd, 2591478.329, 99
Trd, 2591479.313, 95
Trd, 2591480.063, 94
Trd, 2591480.096, 97
Trd, 2591480.346, 96
Trd, 2591481.829, 95
Trd, 2591481.913, 98
Trd, 2591482.246, 105
Trd, 2591484.079, 108
Trd, 2591486.296, 104
Trd, 2591486.329, 106
Trd, 2591487.513, 104
Trd, 2591487.613, 103
Trd, 2591488.279, 110
Trd, 2591488.429, 110
Trd, 2591488.446, 112
Trd, 2591488.863, 102
Trd, 2591491.246, 103
Trd, 2591491.613, 105
Trd, 2591491.663, 102
Trd, 2591491.813, 101
Trd, 2591492.713, 91
Trd, 2591493.513, 103
Trd, 2591494.179, 100
Trd, 2591495.213, 112
Trd, 2591495.479, 100
Trd, 2591497.196, 109
Trd, 2591497.779, 108
Trd, 2591498.079, 112
Trd, 2591498.929, 109
Trd, 2591499.363, 105
Trd, 2591500.929, 99
Trd, 2591500.996, 97
Trd, 2591501.146, 94
Trd, 2591501.613, 98
Trd, 2591501.629, 100
Trd, 2591501.946, 91
Trd, 2591503.113, 99
Trd, 2591503.379, 99
Trd, 2591504.313, 98
Trd, 2591504.379, 97
Trd, 2591505.196, 90
Trd, 2591506.529, 94
Trd, 2591506.996, 95
Trd, 2591507.863, 99
Trd, 2591507.929, 108
Trd, 2591508.013, 97
Trd, 2591508.429, 112
Trd, 2591509.463, 101
Trd, 2591509.663, 101
Trd, 2591510.879, 105
Trd, 2591511.796, 105
Trd, 2591512.279, 105
Trd, 2591512.746, 106
Trd, 2591514.029, 108
Trd, 2591514.279, 108
Trd, 2591514.929, 106
Trd, 2591515.446, 105
Trd, 2591516.446, 114
Trd, 2591516.896, 115
Trd, 2591517.229, 102
Trd, 2591517.463, 101
Trd, 2591517.479, 116
Trd, 2591518.079, 97
Trd, 2591518.679, 91
Trd, 2591519.446, 94
Trd, 2591521.063, 88
Trd, 2591521.113, 88
Trd, 2591521.596, 107
Trd, 2591522.463, 107
Trd, 2591523.463, 98
Trd, 2591524.196, 99
Trd, 2591524.296, 103
Trd, 2591525.346, 109
Trd, 2591526.796, 96
Trd, 2591528.279, 91
Trd, 2591528.813, 97
Trd, 2591529.263, 98
Trd, 2591529.696, 98
Trd, 2591530.479, 103
Trd, 2591530.696, 95
Trd, 2591530.713, 94
Trd, 2591531.279, 103
Trd, 2591531.429, 100
Trd, 2591533.546, 108
Trd, 2591533.779, 105
Trd, 2591534.463, 103
Trd, 2591535.263, 101
Trd, 2591535.463, 109
Trd, 2591536.079, 95
Trd, 2591538.629, 99
Trd, 2591538.696, 98
Trd, 2591539.896, 95
Trd, 2591540.163, 100
Trd, 2591540.746, 102
Trd, 2591541.229, 107
Trd, 2591541.313, 111
Trd, 2591542.779, 111
Trd, 2591542.829, 109
Trd, 2591543.079, 107
Trd, 2591543.696, 110
Trd, 2591544.563, 107
Trd, 2591544.863, 111
Trd, 2591545.246, 119
Trd, 2591545.846, 105
Trd, 2591546.846, 110
Trd, 2591547.113, 112
Trd, 2591547.546, 101
Trd, 2591547.779, 111
Trd, 2591550.696, 101
Trd, 2591551.429, 107
Trd, 2591551.463, 106
Trd, 2591551.646, 105
Trd, 2591551.996, 104
Trd, 2591552.463, 103
Trd, 2591553.613, 99
Trd, 2591555.563, 100
Trd, 2591555.913, 98
Trd, 2591556.229, 101
Trd, 2591556.279, 103
Trd, 2591556.896, 101
Trd, 2591557.513, 112
Trd, 2591559.013, 115
Trd, 2591559.113, 97
Trd, 2591559.146, 98
Trd, 2591560.846, 101
Trd, 2591561.263, 105
Trd, 2591561.813, 102
Trd, 2591561.996, 102
Trd, 2591563.346, 103
Trd, 2591563.846, 98
Trd, 2591565.113, 102
Trd, 2591565.429, 104
Trd, 2591565.779, 100
Trd, 2591566.213, 100
Trd, 2591566.296, 99
Trd, 2591566.596, 107
Trd, 2591567.746, 95
Trd, 2591568.213, 94
Trd, 2591568.363, 93
Trd, 2591569.129, 96
Trd, 2591569.229, 94
Trd, 2591569.946, 109
Trd, 2591571.896, 105
Trd, 2591573.246, 103
Trd, 2591573.463, 99
Trd, 2591573.896, 101
Trd, 2591575.063, 103
Trd, 2591575.629, 104
Trd, 2591575.763, 112
Trd, 2591575.829, 115
Trd, 2591576.079, 99
Trd, 2591576.196, 98
Trd, 2591579.096, 111
Trd, 2591579.663, 102
Trd, 2591580.646, 109
Trd, 2591580.746, 101
Trd, 2591580.879, 99
Trd, 2591581.529, 100
Trd, 2591583.263, 99
Trd, 2591584.763, 98
Trd, 2591585.113, 94
Trd, 2591586.646, 91
Trd, 2591587.146, 89
Trd, 2591587.846, 91
Trd, 2591588.096, 92
Trd, 2591588.646, 93
Trd, 2591588.863, 93
Trd, 2591589.346, 93
Trd, 2591590.913, 92
Trd, 2591591.896, 102
Trd, 2591592.346, 97
Trd, 2591592.713, 97
Trd, 2591592.779, 94
Trd, 2591593.013, 91
Trd, 2591594.463, 101
Trd, 2591595.629, 107
Trd, 2591595.746, 98
Trd, 2591596.329, 98
Trd, 2591596.696, 105
Trd, 2591597.296, 100
Trd, 2591598.146, 103
Trd, 2591598.879, 112
Trd, 2591599.746, 106
Trd, 2591599.796, 105
Trd, 2591600.896, 108
Trd, 2591601.963, 107
Trd, 2591602.196, 112
Trd, 2591602.913, 106
Trd, 2591603.096, 105
Trd, 2591604.079, 101
Trd, 2591604.579, 98
Trd, 2591605.196, 113
Trd, 2591607.029, 111
Trd, 2591607.763, 111
Trd, 2591608.079, 99
Trd, 2591608.679, 112
Trd, 2591608.763, 115
Trd, 2591610.179, 113
Trd, 2591610.379, 112
Trd, 2591610.796, 110
Trd, 2591612.379, 111
Trd, 2591612.463, 110
Trd, 2591612.763, 105
Trd, 2591612.813, 98
Trd, 2591612.913, 112
Trd, 2591613.513, 94
Trd, 2591614.529, 92
Trd, 2591614.629, 91
Trd, 2591615.763, 89
Trd, 2591616.029, 88
Trd, 2591616.746, 87
Trd, 2591617.129, 89
Trd, 2591617.729, 92
Trd, 2591619.529, 89
Trd, 2591620.046, 91
Trd, 2591620.163, 96
Trd, 2591620.513, 90
Trd, 2591621.113, 101
Trd, 2591623.246, 105
Trd, 2591623.713, 102
Trd, 2591624.363, 108
Trd, 2591624.713, 108
Trd, 2591625.713, 111
Trd, 2591626.029, 110
Trd, 2591626.746, 111
Trd, 2591627.613, 112
Trd, 2591628.246, 112
Trd, 2591629.229, 112
Trd, 2591629.329, 109
Trd, 2591629.629, 101
Trd, 2591629.896, 94
Trd, 2591631.063, 91
Trd, 2591631.479, 111
Trd, 2591633.163, 89
Trd, 2591633.796, 92
Trd, 2591633.846, 101
Trd, 2591635.413, 104
Trd, 2591635.846, 103
Trd, 2591636.829, 104
Trd, 2591637.296, 104
Trd, 2591637.596, 104
Trd, 2591637.846, 110
Trd, 2591639.113, 97
Trd, 2591639.429, 102
Trd, 2591639.529, 104
Trd, 2591639.879, 95
Trd, 2591640.096, 118
Trd, 2591642.979, 101
Trd, 2591643.529, 102
Trd, 2591643.779, 99
Trd, 2591644.013, 111
Trd, 2591644.579, 98
Trd, 2591644.779, 107
Trd, 2591645.379, 106
Trd, 2591645.779, 99
Trd, 2591645.846, 105
Trd, 2591646.613, 97
Trd, 2591649.146, 94
Trd, 2591649.729, 93
Trd, 2591650.163, 95
Trd, 2591651.429, 97
Trd, 2591651.996, 100
Trd, 2591652.763, 100
Trd, 2591653.129, 105
Trd, 2591653.529, 107
Trd, 2591654.996, 109
Trd, 2591655.146, 109
Trd, 2591656.529, 105
Trd, 2591657.246, 105
Trd, 2591657.296, 112
Trd, 2591657.929, 118
Trd, 2591659.713, 114
Trd, 2591659.763, 117
Trd, 2591660.829, 109
Trd, 2591660.946, 107
Trd, 2591661.063, 105
Trd, 2591661.463, 98
Trd, 2591662.746, 97
Trd, 2591663.129, 96
Trd, 2591663.313, 97
Trd, 2591664.213, 94
Trd, 2591665.879, 94
Trd, 2591666.229, 93
Trd, 2591666.913, 96
Trd, 2591667.579, 95
Trd, 2591667.663, 98
Trd, 2591669.246, 95
Trd, 2591669.429, 96
Trd, 2591669.779, 111
Trd, 2591669.963, 112
Trd, 2591670.296, 116
Trd, 2591672.113, 98
Trd, 2591672.529, 99
Trd, 2591673.696, 103
Trd, 2591673.846, 102
Trd, 2591674.146, 106
Trd, 2591674.579, 102
Trd, 2591674.713, 102
Trd, 2591677.163, 98
Trd, 2591677.796, 95
Trd, 2591677.929, 99
Trd, 2591679.546, 95
Trd, 2591680.113, 96
Trd, 2591680.146, 97
Trd, 2591680.829, 96
Trd, 2591681.263, 96
Trd, 2591682.363, 99
Trd, 2591682.679, 100
Trd, 2591683.446, 95
Trd, 2591683.513, 94
Trd, 2591683.663, 98
Trd, 2591684.796, 97
Trd, 2591685.696, 95
Trd, 2591685.796, 106
Trd, 2591685.929, 91
Trd, 2591687.296, 93
Trd, 2591688.379, 97
Trd, 2591689.779, 99
Trd, 2591690.896, 100
Trd, 2591691.713, 107
Trd, 2591691.863, 99
Trd, 2591691.879, 98
Trd, 2591693.646, 103
Trd, 2591693.663, 101
Trd, 2591694.396, 101
Trd, 2591694.529, 110
Trd, 2591696.063, 106
Trd, 2591696.279, 107
Trd, 2591696.779, 102
Trd, 2591697.913, 111
Trd, 2591699.213, 110
Trd, 2591699.929, 111
Trd, 2591700.679, 111
Trd, 2591701.063, 110
Trd, 2591701.213, 101
Trd, 2591703.379, 98
Trd, 2591704.563, 98
Trd, 2591705.246, 101
Trd, 2591705.413, 102
Trd, 2591705.529, 103
Trd, 2591705.796, 102
Trd, 2591706.696, 105
Trd, 2591707.063, 95
Trd, 2591708.363, 93
Trd, 2591708.496, 98
Trd, 2591709.913, 97
Trd, 2591710.546, 96
Trd, 2591711.213, 95
Trd, 2591711.279, 99
Trd, 2591711.413, 103
Trd, 2591711.446, 94
Trd, 2591711.813, 108
Trd, 2591713.646, 108
Trd, 2591714.413, 100
Trd, 2591714.729, 99
Trd, 2591715.163, 108
Trd, 2591717.396, 101
Trd, 2591717.979, 104
Trd, 2591718.163, 112
Trd, 2591718.829, 105
Trd, 2591718.879, 105
Trd, 2591719.729, 98
Trd, 2591721.846, 102
Trd, 2591722.129, 111
Trd, 2591722.379, 108
Trd, 2591722.663, 112
Trd, 2591723.563, 103
Trd, 2591723.846, 110
Trd, 2591723.996, 104
Trd, 2591724.296, 102
Trd, 2591726.546, 101
Trd, 2591726.613, 102
Trd, 2591726.829, 92
Trd, 2591727.063, 103
Trd, 2591727.479, 94
Trd, 2591728.946, 106
Trd, 2591729.163, 100
Trd, 2591729.679, 99
Trd, 2591731.396, 98
Trd, 2591731.429, 99
Trd, 2591731.513, 99
Trd, 2591731.563, 109
Trd, 2591731.996, 106
Trd, 2591733.679, 101
Trd, 2591736.163, 108
Trd, 2591736.446, 98
Trd, 2591737.346, 100
Trd, 2591737.696, 109
Trd, 2591737.963, 110
Trd, 2591738.729, 106
Trd, 2591738.963, 114
Trd, 2591739.296, 98
Trd, 2591739.913, 98
Trd, 2591740.029, 94
Trd, 2591740.079, 91
Trd, 2591740.696, 113
Trd, 2591741.513, 101
Trd, 2591743.029, 106
Trd, 2591744.696, 111
Trd, 2591745.046, 111
Trd, 2591745.313, 118
Trd, 2591745.579, 110
Trd, 2591745.729, 102
Trd, 2591746.946, 108
Trd, 2591747.263, 103
Trd, 2591747.513, 103
Trd, 2591747.729, 101
Trd, 2591748.429, 96
Trd, 2591748.796, 107
Trd, 2591750.646, 85
Trd, 2591750.679, 87
Trd, 2591751.696, 112
Trd, 2591752.179, 88
Trd, 2591752.979, 107
Trd, 2591753.663, 95
Trd, 2591755.329, 94
Trd, 2591756.013, 96
Trd, 2591757.296, 96
Trd, 2591758.479, 97
Trd, 2591759.413, 98
Trd, 2591759.813, 110
Trd, 2591760.079, 98
Trd, 2591760.196, 116
Trd, 2591760.379, 120
Trd, 2591760.813, 129
Trd, 2591761.196, 126
Trd, 2591761.579, 125
Trd, 2591762.446, 105
Trd, 2591762.563, 101
Trd, 2591762.646, 93
Trd, 2591763.196, 91
Trd, 2591764.179, 84
Trd, 2591765.729, 84
Trd, 2591767.379, 86
Trd, 2591767.713, 89
Trd, 2591767.746, 96
Trd, 2591768.663, 105
Trd, 2591769.096, 106
Trd, 2591769.779, 96
Trd, 2591769.896, 95
Trd, 2591770.096, 94
Trd, 2591770.446, 94
Trd, 2591771.113, 99
Trd, 2591771.596, 101
Trd, 2591771.629, 102
Trd, 2591773.213, 101
Trd, 2591773.229, 97
Trd, 2591773.313, 103
Trd, 2591774.579, 89
Trd, 2591774.946, 101
Trd, 2591774.979, 102
Trd, 2591776.096, 89
Trd, 2591776.696, 88
Trd, 2591776.779, 90
Trd, 2591777.329, 91
Trd, 2591777.429, 111
Trd, 2591777.696, 112
Trd, 2591778.729, 87
Trd, 2591779.346, 93
Trd, 2591780.996, 97
Trd, 2591781.996, 99
Trd, 2591782.563, 97
Trd, 2591783.529, 94
Trd, 2591783.946, 98
Trd, 2591784.179, 100
Trd, 2591784.246, 89
Trd, 2591785.896, 93
Trd, 2591786.429, 94
Trd, 2591788.696, 101
Trd, 2591789.246, 107
Trd, 2591789.546, 109
Trd, 2591789.763, 109
Trd, 2591790.729, 104
Trd, 2591790.929, 104
Trd, 2591792.063, 106
Trd, 2591792.296, 105
Trd, 2591792.463, 101
Trd, 2591793.763, 100
Trd, 2591794.229, 100
Trd, 2591794.513, 93
Trd, 2591794.746, 99
Trd, 2591796.213, 100
Trd, 2591796.396, 97
Trd, 2591796.679, 97
Trd, 2591796.746, 98
Trd, 2591796.979, 94
Trd, 2591797.446, 102
Trd, 2591797.496, 108
Trd, 2591797.613, 92
Trd, 2591801.829, 103
Trd, 2591802.096, 99
Trd, 2591802.829, 95
Trd, 2591802.896, 102
Trd, 2591803.746, 97
Trd, 2591804.263, 109
Trd, 2591805.079, 107
Trd, 2591805.846, 108
Trd, 2591805.929, 97
Trd, 2591805.996, 96
Trd, 2591806.996, 97
Trd, 2591807.929, 95
Trd, 2591808.213, 93
Trd, 2591809.029, 94
Trd, 2591810.079, 95
Trd, 2591810.279, 95
Trd, 2591810.413, 99
Trd, 2591811.046, 89
Trd, 2591813.213, 99
Trd, 2591814.746, 99
Trd, 2591815.146, 100
Trd, 2591815.979, 98
Trd, 2591817.979, 98
Trd, 2591818.563, 94
Trd, 2591818.746, 91
Trd, 2591819.696, 93
Trd, 2591819.779, 81
Trd, 2591821.429, 91
Trd, 2591821.746, 91
Trd, 2591822.113, 95
Trd, 2591822.996, 104
Trd, 2591823.096, 106
Trd, 2591823.246, 102
Trd, 2591823.263, 109
Trd, 2591823.396, 101
Trd, 2591823.829, 101
Trd, 2591824.429, 101
Trd, 2591825.879, 97
Trd, 2591826.529, 110
Trd, 2591827.129, 111
Trd, 2591827.279, 112
Trd, 2591828.396, 116
Trd, 2591828.813, 104
Trd, 2591829.379, 120
Trd, 2591830.146, 108
Trd, 2591830.746, 111
Trd, 2591830.896, 109
Trd, 2591831.146, 119
Trd, 2591831.729, 121
Trd, 2591832.463, 122
Trd, 2591832.563, 118
Trd, 2591834.096, 103
Trd, 2591834.529, 119
Trd, 2591835.329, 98
Trd, 2591835.979, 105
Trd, 2591836.079, 106
Trd, 2591836.929, 98
Trd, 2591838.529, 98
Trd, 2591838.613, 95
Trd, 2591840.629, 96
Trd, 2591840.929, 100
Trd, 2591841.446, 94
Trd, 2591841.829, 93
Trd, 2591842.079, 94
Trd, 2591842.429, 95
Trd, 2591842.513, 91
Trd, 2591842.996, 85
Trd, 2591844.246, 85
Trd, 2591844.679, 85
Trd, 2591844.696, 82
Trd, 2591845.329, 92
Trd, 2591845.846, 92
Trd, 2591845.929, 96
Trd, 2591847.196, 108
Trd, 2591849.213, 103
Trd, 2591849.296, 102
Trd, 2591849.963, 101
Trd, 2591851.363, 109
Trd, 2591851.513, 106
Trd, 2591852.696, 108
Trd, 2591852.879, 105
Trd, 2591853.596, 108
Trd, 2591854.029, 103
Trd, 2591855.079, 107
Trd, 2591855.146, 106
Trd, 2591855.296, 106
Trd, 2591855.513, 103
Trd, 2591855.813, 108
Trd, 2591857.013, 105
Trd, 2591858.529, 108
Trd, 2591859.579, 109
Trd, 2591860.079, 101
Trd, 2591861.179, 99
Trd, 2591861.846, 107
Trd, 2591862.813, 99
Trd, 2591863.829, 98
Trd, 2591863.913, 100
Trd, 2591865.896, 98
Trd, 2591866.046, 101
Trd, 2591866.246, 96
Trd, 2591866.396, 94
Trd, 2591866.446, 102
Trd, 2591867.963, 92
Trd, 2591869.296, 100
Trd, 2591869.829, 101
Trd, 2591869.896, 105
Trd, 2591870.063, 102
Trd, 2591870.379, 108
Trd, 2591871.979, 105
Trd, 2591872.079, 107
Trd, 2591872.329, 109
Trd, 2591873.629, 103
Trd, 2591874.279, 101
Trd, 2591874.429, 108
Trd, 2591874.579, 98
Trd, 2591874.929, 91
Trd, 2591875.079, 101
Trd, 2591875.196, 103
Trd, 2591875.479, 89
Trd, 2591876.996, 108
Trd, 2591877.546, 109
Trd, 2591878.696, 94
Trd, 2591879.096, 111
Trd, 2591880.179, 98
Trd, 2591880.863, 98
Trd, 2591882.846, 96
Trd, 2591883.646, 104
Trd, 2591884.246, 102
Trd, 2591884.263, 104
Trd, 2591885.413, 102
Trd, 2591885.963, 101
Trd, 2591886.546, 98
Trd, 2591887.229, 99
Trd, 2591887.396, 97
Trd, 2591888.146, 99
Trd, 2591888.696, 102
Trd, 2591889.763, 102
Trd, 2591890.579, 99
Trd, 2591891.413, 107
Trd, 2591891.479, 100
Trd, 2591891.646, 99
Trd, 2591891.879, 94
Trd, 2591892.613, 112
Trd, 2591893.496, 108
Trd, 2591894.163, 115
Trd, 2591895.013, 95
Trd, 2591895.196, 107
Trd, 2591895.529, 95
Trd, 2591896.096, 102
Trd, 2591897.729, 97
Trd, 2591898.829, 99
Trd, 2591898.913, 106
Trd, 2591900.263, 104
Trd, 2591900.646, 103
Trd, 2591901.479, 102
Trd, 2591901.979, 102
Trd, 2591902.546, 105
Trd, 2591902.829, 105
Trd, 2591903.446, 103
Trd, 2591903.479, 98
Trd, 2591904.263, 94
Trd, 2591904.746, 112
Trd, 2591905.979, 92
Trd, 2591906.946, 94
Trd, 2591907.063, 107
Trd, 2591907.129, 91
Trd, 2591907.579, 84
Trd, 2591908.729, 99
Trd, 2591908.763, 98
Trd, 2591909.446, 94
Trd, 2591909.929, 100
Trd, 2591910.413, 105
Trd, 2591911.096, 103
Trd, 2591912.063, 105
Trd, 2591912.079, 103
Trd, 2591912.863, 104
Trd, 2591913.746, 101
Trd, 2591914.896, 112
Trd, 2591915.446, 96
Trd, 2591915.629, 114
Trd, 2591916.346, 119
Trd, 2591916.963, 94
Trd, 2591918.046, 97
Trd, 2591918.429, 100
Trd, 2591920.379, 100
Trd, 2591920.429, 106
Trd, 2591920.813, 94
Trd, 2591921.063, 105
Trd, 2591921.513, 115
Trd, 2591922.079, 94
Trd, 2591922.763, 95
Trd, 2591923.546, 98
Trd, 2591923.613, 99
Trd, 2591925.729, 99
Trd, 2591926.329, 99
Trd, 2591927.296, 96
Trd, 2591927.729, 97
Trd, 2591927.946, 102
Trd, 2591928.229, 103
Trd, 2591928.746, 95
Trd, 2591929.129, 107
Trd, 2591929.546, 112
Trd, 2591929.729, 96
Trd, 2591931.763, 103
Trd, 2591931.946, 95
Trd, 2591932.813, 109
Trd, 2591933.079, 96
Trd, 2591934.079, 95
Trd, 2591934.879, 100
Trd, 2591934.929, 101
Trd, 2591935.413, 100
Trd, 2591935.663, 101
Trd, 2591937.113, 112
Trd, 2591937.663, 102
Trd, 2591938.513, 98
Trd, 2591939.879, 94
Trd, 2591941.063, 105
Trd, 2591941.629, 96
Trd, 2591941.713, 98
Trd, 2591942.463, 108
Trd, 2591942.813, 92
Trd, 2591943.296, 92
Trd, 2591943.596, 109
Trd, 2591944.146, 94
Trd, 2591944.863, 95
Trd, 2591945.596, 95
Trd, 2591945.846, 106
Trd, 2591946.396, 105
Trd, 2591946.679, 99
Trd, 2591947.779, 95
Trd, 2591948.429, 94
Trd, 2591949.279, 112
Trd, 2591949.363, 94
Trd, 2591950.846, 99
Trd, 2591951.463, 99
Trd, 2591954.329, 104
Trd, 2591954.846, 104
Trd, 2591955.013, 103
Trd, 2591955.379, 101
Trd, 2591955.646, 104
Trd, 2591956.179, 97
Trd, 2591957.063, 94
Trd, 2591957.079, 106
Trd, 2591957.946, 97
Trd, 2591958.513, 104
Trd, 2591958.896, 90
Trd, 2591959.096, 92
Trd, 2591960.679, 88
Trd, 2591962.146, 93
Trd, 2591962.396, 95
Trd, 2591962.446, 94
Trd, 2591962.613, 96
Trd, 2591963.779, 95
Trd, 2591964.096, 108
Trd, 2591964.813, 99
Trd, 2591965.329, 100
Trd, 2591965.696, 110
Trd, 2591967.613, 103
Trd, 2591968.896, 106
Trd, 2591969.096, 104
Trd, 2591969.446, 111
Trd, 2591969.979, 102
Trd, 2591970.596, 110
Trd, 2591972.063, 104
Trd, 2591972.079, 102
Trd, 2591972.196, 101
Trd, 2591972.279, 97
Trd, 2591972.529, 106
Trd, 2591972.696, 94
Trd, 2591972.746, 118
Trd, 2591974.463, 113
Trd, 2591976.946, 114
Trd, 2591977.746, 103
Trd, 2591978.463, 108
Trd, 2591978.879, 107
Trd, 2591978.896, 105
Trd, 2591978.946, 116
Trd, 2591979.279, 101
Trd, 2591979.329, 93
Trd, 2591979.779, 91
Trd, 2591982.063, 88
Trd, 2591982.079, 90
Trd, 2591983.846, 94
Trd, 2591984.329, 104
Trd, 2591984.496, 98
Trd, 2591986.146, 107
Trd, 2591986.579, 103
Trd, 2591986.679, 101
Trd, 2591987.213, 103
Trd, 2591988.113, 100
Trd, 2591988.729, 103
Trd, 2591989.113, 97
Trd, 2591989.879, 95
Trd, 2591991.113, 98
Trd, 2591992.246, 97
Trd, 2591992.429, 98
Trd, 2591992.713, 106
Trd, 2591993.896, 111
Trd, 2591994.179, 101
Trd, 2591995.646, 103
Trd, 2591996.279, 105
Trd, 2591996.329, 104
Trd, 2591996.396, 101
Trd, 2591997.096, 98
Trd, 2591997.329, 99
Trd, 2591997.763, 94
Trd, 2591998.263, 91
Trd, 2591998.713, 112
