Trd, 2590681.813, 103
Trd, 2590681.829, 105
Trd, 2590682.463, 101
Trd, 2590684.096, 104
Trd, 2590684.813, 104
Trd, 2590684.946, 103
Trd, 2590685.629, 104
Trd, 2590685.996, 105
Trd, 2590686.413, 108
Trd, 2590687.229, 104
Trd, 2590688.013, 104
Trd, 2590688.346, 101
Trd, 2590689.246, 103
Trd, 2590689.863, 100
Trd, 2590690.063, 99
Trd, 2590691.163, 98
Trd, 2590691.379, 99
Trd, 2590691.746, 104
Trd, 2590691.996, 99
Trd, 2590693.446, 100
Trd, 2590694.346, 101
Trd, 2590695.563, 102
Trd, 2590695.746, 100
Trd, 2590696.879, 98
Trd, 2590697.613, 98
Trd, 2590697.996, 97
Trd, 2590698.063, 98
Trd, 2590698.113, 99
Trd, 2590700.046, 99
Trd, 2590700.163, 100
Trd, 2590701.113, 94
Trd, 2590702.496, 96
Trd, 2590702.979, 91
Trd, 2590703.546, 87
Trd, 2590704.313, 90
Trd, 2590705.029, 89
Trd, 2590705.746, 87
Trd, 2590705.896, 88
Trd, 2590705.979, 87
Trd, 2590706.279, 88
Trd, 2590706.863, 90
Trd, 2590707.896, 91
Trd, 2590708.246, 89
Trd, 2590709.079, 94
Trd, 2590709.196, 98
Trd, 2590709.613, 104
Trd, 2590711.113, 95
Trd, 2590712.179, 102
Trd, 2590712.196, 101
Trd, 2590712.246, 103
Trd, 2590712.746, 104
Trd, 2590713.529, 103
Trd, 2590713.746, 105
Trd, 2590714.996, 108
Trd, 2590715.496, 109
Trd, 2590716.629, 109
Trd, 2590716.779, 109
Trd, 2590717.329, 108
Trd, 2590718.479, 107
Trd, 2590719.796, 107
Trd, 2590720.296, 106
Trd, 2590720.746, 106
Trd, 2590721.946, 106
Trd, 2590722.329, 105
Trd, 2590722.846, 103
Trd, 2590723.029, 105
Trd, 2590723.946, 104
Trd, 2590723.979, 105
Trd, 2590725.346, 104
Trd, 2590725.429, 104
Trd, 2590725.746, 103
Trd, 2590726.346, 103
Trd, 2590728.129, 103
Trd, 2590728.363, 101
Trd, 2590729.196, 98
Trd, 2590730.346, 92
Trd, 2590730.696, 94
Trd, 2590731.296, 91
Trd, 2590732.046, 91
Trd, 2590732.746, 90
Trd, 2590732.829, 92
Trd, 2590734.396, 94
Trd, 2590734.529, 92
Trd, 2590735.396, 98
Trd, 2590737.129, 100
Trd, 2590737.379, 101
Trd, 2590737.613, 105
Trd, 2590738.663, 105
Trd, 2590739.079, 106
Trd, 2590739.813, 105
Trd, 2590739.846, 106
Trd, 2590740.229, 108
Trd, 2590740.529, 105
Trd, 2590741.463, 105
Trd, 2590741.579, 98
Trd, 2590742.263, 101
Trd, 2590743.829, 93
Trd, 2590744.029, 94
Trd, 2590744.263, 95
Trd, 2590744.479, 94
Trd, 2590745.296, 93
Trd, 2590745.896, 94
Trd, 2590747.463, 103
Trd, 2590748.796, 98
Trd, 2590748.829, 97
Trd, 2590749.296, 98
Trd, 2590749.563, 97
Trd, 2590749.579, 99
Trd, 2590749.796, 99
Trd, 2590750.296, 100
Trd, 2590750.846, 98
Trd, 2590752.029, 100
Trd, 2590752.863, 101
Trd, 2590754.096, 100
Trd, 2590754.129, 102
Trd, 2590755.229, 98
Trd, 2590755.579, 91
Trd, 2590757.096, 91
Trd, 2590757.679, 91
Trd, 2590757.779, 92
Trd, 2590758.246, 93
Trd, 2590758.829, 92
Trd, 2590759.813, 95
Trd, 2590760.346, 96
Trd, 2590760.813, 96
Trd, 2590761.063, 98
Trd, 2590762.246, 109
Trd, 2590762.596, 109
Trd, 2590763.163, 109
Trd, 2590763.596, 108
Trd, 2590763.763, 105
Trd, 2590765.829, 105
Trd, 2590766.379, 102
Trd, 2590766.613, 103
Trd, 2590767.279, 101
Trd, 2590767.729, 98
Trd, 2590768.713, 95
Trd, 2590769.496, 94
Trd, 2590770.096, 92
Trd, 2590770.613, 91
Trd, 2590770.679, 92
Trd, 2590770.813, 95
Trd, 2590771.179, 84
Trd, 2590771.779, 98
Trd, 2590771.846, 87
Trd, 2590773.963, 96
Trd, 2590774.429, 97
Trd, 2590774.546, 96
Trd, 2590775.496, 93
Trd, 2590775.913, 94
Trd, 2590777.146, 92
Trd, 2590777.413, 94
Trd, 2590777.629, 98
Trd, 2590777.746, 101
Trd, 2590778.979, 104
Trd, 2590779.763, 102
Trd, 2590780.263, 104
Trd, 2590780.896, 103
Trd, 2590781.146, 104
Trd, 2590784.213, 101
Trd, 2590784.763, 101
Trd, 2590784.963, 100
Trd, 2590785.679, 101
Trd, 2590786.096, 104
Trd, 2590786.779, 98
Trd, 2590787.013, 104
Trd, 2590787.796, 102
Trd, 2590787.846, 105
Trd, 2590790.129, 96
Trd, 2590790.179, 99
Trd, 2590790.463, 97
Trd, 2590791.013, 96
Trd, 2590791.213, 96
Trd, 2590791.513, 96
Trd, 2590791.546, 97
Trd, 2590792.229, 98
Trd, 2590793.196, 98
Trd, 2590793.713, 101
Trd, 2590794.396, 102
Trd, 2590794.813, 101
Trd, 2590795.363, 103
Trd, 2590795.696, 101
Trd, 2590796.763, 102
Trd, 2590797.613, 102
Trd, 2590798.313, 102
Trd, 2590798.563, 98
Trd, 2590798.863, 102
Trd, 2590799.829, 90
Trd, 2590800.546, 103
Trd, 2590800.729, 89
Trd, 2590801.696, 88
Trd, 2590802.196, 98
Trd, 2590803.063, 94
Trd, 2590803.363, 91
Trd, 2590803.963, 90
Trd, 2590804.413, 89
Trd, 2590804.746, 87
Trd, 2590805.146, 86
Trd, 2590806.429, 86
Trd, 2590806.829, 87
Trd, 2590807.113, 87
Trd, 2590808.513, 94
Trd, 2590810.096, 95
Trd, 2590810.596, 96
Trd, 2590811.879, 100
Trd, 2590812.479, 100
Trd, 2590812.729, 101
Trd, 2590813.596, 99
Trd, 2590815.229, 104
Trd, 2590815.846, 105
Trd, 2590816.596, 108
Trd, 2590816.846, 103
Trd, 2590817.329, 104
Trd, 2590817.563, 103
Trd, 2590817.779, 103
Trd, 2590817.813, 104
Trd, 2590819.029, 100
Trd, 2590819.763, 101
Trd, 2590820.096, 97
Trd, 2590820.963, 96
Trd, 2590821.229, 100
Trd, 2590821.979, 99
Trd, 2590822.279, 100
Trd, 2590823.329, 108
Trd, 2590823.863, 108
Trd, 2590823.946, 95
Trd, 2590825.679, 107
Trd, 2590827.179, 102
Trd, 2590827.246, 94
Trd, 2590827.629, 94
Trd, 2590828.379, 101
Trd, 2590829.396, 100
Trd, 2590829.579, 100
Trd, 2590829.613, 101
Trd, 2590830.246, 101
Trd, 2590830.813, 99
Trd, 2590831.146, 100
Trd, 2590831.229, 99
Trd, 2590831.946, 100
Trd, 2590832.046, 104
Trd, 2590832.863, 102
Trd, 2590833.996, 101
Trd, 2590834.246, 100
Trd, 2590835.246, 100
Trd, 2590836.196, 98
Trd, 2590836.513, 99
Trd, 2590836.796, 101
Trd, 2590838.046, 102
Trd, 2590838.196, 104
Trd, 2590839.579, 103
Trd, 2590839.946, 104
Trd, 2590840.813, 106
Trd, 2590841.496, 104
Trd, 2590841.663, 103
Trd, 2590841.696, 104
Trd, 2590842.863, 103
Trd, 2590843.746, 102
Trd, 2590844.046, 102
Trd, 2590844.296, 102
Trd, 2590844.729, 103
Trd, 2590845.029, 101
Trd, 2590846.629, 102
Trd, 2590846.946, 88
Trd, 2590849.563, 98
Trd, 2590850.196, 95
Trd, 2590850.396, 96
Trd, 2590850.513, 97
Trd, 2590851.479, 99
Trd, 2590851.929, 101
Trd, 2590851.996, 105
Trd, 2590852.013, 112
Trd, 2590852.713, 101
Trd, 2590853.713, 101
Trd, 2590854.329, 103
Trd, 2590854.746, 103
Trd, 2590856.096, 100
Trd, 2590856.529, 101
Trd, 2590856.729, 105
Trd, 2590858.113, 100
Trd, 2590859.479, 97
Trd, 2590859.629, 95
Trd, 2590860.346, 94
Trd, 2590860.813, 94
Trd, 2590861.896, 93
Trd, 2590862.463, 91
Trd, 2590862.596, 85
Trd, 2590862.963, 93
Trd, 2590863.296, 94
Trd, 2590863.829, 98
Trd, 2590866.446, 96
Trd, 2590866.629, 96
Trd, 2590866.646, 97
Trd, 2590867.263, 99
Trd, 2590867.463, 101
Trd, 2590868.579, 111
Trd, 2590869.179, 112
Trd, 2590869.763, 103
Trd, 2590870.296, 108
Trd, 2590870.679, 105
Trd, 2590870.979, 104
Trd, 2590871.096, 102
Trd, 2590871.146, 105
Trd, 2590872.329, 101
Trd, 2590873.113, 93
Trd, 2590874.146, 92
Trd, 2590874.629, 92
Trd, 2590874.913, 91
Trd, 2590875.163, 91
Trd, 2590875.746, 88
Trd, 2590876.896, 86
Trd, 2590877.213, 84
Trd, 2590877.629, 86
Trd, 2590878.146, 90
Trd, 2590878.196, 94
Trd, 2590879.963, 95
Trd, 2590880.179, 98
Trd, 2590881.113, 96
Trd, 2590881.296, 98
Trd, 2590881.413, 97
Trd, 2590882.113, 98
Trd, 2590882.713, 100
Trd, 2590884.096, 101
Trd, 2590884.579, 101
Trd, 2590885.146, 100
Trd, 2590886.179, 99
Trd, 2590887.196, 100
Trd, 2590888.879, 100
Trd, 2590889.079, 97
Trd, 2590889.096, 105
Trd, 2590889.346, 96
Trd, 2590889.913, 109
Trd, 2590890.296, 110
Trd, 2590890.379, 111
Trd, 2590891.296, 108
Trd, 2590892.796, 103
Trd, 2590892.929, 102
Trd, 2590894.263, 99
Trd, 2590894.679, 98
Trd, 2590894.713, 97
Trd, 2590895.563, 97
Trd, 2590895.663, 91
Trd, 2590896.113, 105
Trd, 2590898.296, 107
Trd, 2590898.329, 108
Trd, 2590899.129, 108
Trd, 2590899.313, 109
Trd, 2590900.863, 106
Trd, 2590901.013, 104
Trd, 2590901.029, 109
Trd, 2590901.796, 104
Trd, 2590902.213, 104
Trd, 2590902.446, 103
Trd, 2590902.913, 102
Trd, 2590903.396, 104
Trd, 2590904.746, 103
Trd, 2590905.446, 101
Trd, 2590905.513, 102
Trd, 2590905.796, 102
Trd, 2590905.913, 100
Trd, 2590906.063, 97
Trd, 2590906.513, 93
Trd, 2590907.263, 105
Trd, 2590908.546, 106
Trd, 2590910.146, 104
Trd, 2590910.213, 105
Trd, 2590911.596, 103
Trd, 2590911.996, 105
Trd, 2590912.529, 104
Trd, 2590912.629, 103
Trd, 2590912.779, 103
Trd, 2590912.829, 105
Trd, 2590913.013, 106
Trd, 2590913.179, 101
Trd, 2590913.963, 87
Trd, 2590915.263, 88
Trd, 2590917.063, 98
Trd, 2590918.263, 94
Trd, 2590918.279, 94
Trd, 2590918.613, 96
Trd, 2590919.979, 90
Trd, 2590920.496, 92
Trd, 2590921.313, 92
Trd, 2590921.746, 92
Trd, 2590921.779, 93
Trd, 2590922.413, 98
Trd, 2590923.179, 91
Trd, 2590923.779, 100
Trd, 2590923.879, 101
Trd, 2590924.529, 105
Trd, 2590925.546, 87
Trd, 2590926.629, 89
Trd, 2590928.563, 90
Trd, 2590928.779, 92
Trd, 2590929.196, 91
Trd, 2590929.613, 89
Trd, 2590929.763, 89
Trd, 2590929.846, 97
Trd, 2590931.213, 92
Trd, 2590932.329, 88
Trd, 2590932.463, 87
Trd, 2590932.879, 87
Trd, 2590933.213, 87
Trd, 2590933.596, 85
Trd, 2590933.946, 85
Trd, 2590934.079, 85
Trd, 2590934.713, 98
Trd, 2590936.213, 100
Trd, 2590937.696, 89
Trd, 2590937.829, 98
Trd, 2590938.579, 98
Trd, 2590939.913, 97
Trd, 2590940.196, 97
Trd, 2590940.746, 96
Trd, 2590940.946, 96
Trd, 2590941.979, 101
Trd, 2590942.096, 104
Trd, 2590942.713, 98
Trd, 2590943.896, 98
Trd, 2590944.146, 99
Trd, 2590944.313, 91
Trd, 2590945.013, 91
Trd, 2590945.346, 98
Trd, 2590945.596, 98
Trd, 2590946.463, 96
Trd, 2590947.263, 96
Trd, 2590950.296, 105
Trd, 2590950.479, 107
Trd, 2590950.779, 106
Trd, 2590950.813, 107
Trd, 2590950.829, 109
Trd, 2590951.629, 107
Trd, 2590952.046, 107
Trd, 2590952.246, 108
Trd, 2590952.729, 105
Trd, 2590953.696, 104
Trd, 2590953.813, 105
Trd, 2590956.063, 96
Trd, 2590956.079, 97
Trd, 2590956.313, 95
Trd, 2590958.496, 92
Trd, 2590958.546, 92
Trd, 2590958.579, 95
Trd, 2590959.563, 97
Trd, 2590960.463, 98
Trd, 2590960.513, 95
Trd, 2590960.746, 98
Trd, 2590961.063, 97
Trd, 2590961.263, 97
Trd, 2590961.313, 101
Trd, 2590961.996, 98
Trd, 2590962.396, 99
Trd, 2590962.746, 111
Trd, 2590965.696, 102
Trd, 2590966.263, 99
Trd, 2590966.629, 98
Trd, 2590966.763, 98
Trd, 2590968.029, 95
Trd, 2590968.246, 94
Trd, 2590968.829, 93
Trd, 2590970.046, 92
Trd, 2590970.396, 87
Trd, 2590970.546, 93
Trd, 2590971.279, 95
Trd, 2590971.479, 94
Trd, 2590972.113, 94
Trd, 2590972.546, 94
Trd, 2590972.779, 105
Trd, 2590973.579, 93
Trd, 2590973.879, 112
Trd, 2590975.513, 99
Trd, 2590975.996, 95
Trd, 2590976.679, 97
Trd, 2590977.296, 96
Trd, 2590977.946, 95
Trd, 2590979.179, 99
Trd, 2590980.313, 98
Trd, 2590980.396, 98
Trd, 2590980.763, 98
Trd, 2590980.996, 98
Trd, 2590981.346, 98
Trd, 2590982.363, 98
Trd, 2590982.729, 98
Trd, 2590983.629, 98
Trd, 2590983.746, 101
Trd, 2590984.463, 112
Trd, 2590986.729, 103
Trd, 2590987.496, 99
Trd, 2590987.596, 98
Trd, 2590987.679, 99
Trd, 2590988.196, 98
Trd, 2590988.796, 99
Trd, 2590989.613, 92
Trd, 2590989.779, 97
Trd, 2590990.146, 98
Trd, 2590990.229, 88
Trd, 2590992.179, 94
Trd, 2590992.729, 94
Trd, 2590993.196, 92
Trd, 2590993.446, 91
Trd, 2590994.879, 94
Trd, 2590995.713, 94
Trd, 2590996.363, 93
Trd, 2590996.379, 89
Trd, 2590997.296, 90
Trd, 2590997.863, 90
Trd, 2590998.063, 88
Trd, 2590998.163, 89
Trd, 2590998.813, 91
Trd, 2590999.346, 98
Trd, 2591000.129, 101
Trd, 2591000.629, 89
Trd, 2591001.313, 101
Trd, 2591001.479, 103
Trd, 2591002.529, 101
Trd, 2591002.796, 104
Trd, 2591003.346, 87
Trd, 2591003.946, 106
Trd, 2591004.596, 86
Trd, 2591005.079, 103
Trd, 2591005.913, 97
Trd, 2591007.013, 97
Trd, 2591007.646, 98
Trd, 2591008.013, 90
Trd, 2591010.929, 101
Trd, 2591011.063, 101
Trd, 2591011.246, 102
Trd, 2591011.579, 102
Trd, 2591011.879, 101
Trd, 2591011.946, 96
Trd, 2591013.063, 102
Trd, 2591014.246, 96
Trd, 2591014.729, 95
Trd, 2591015.163, 96
Trd, 2591016.263, 97
Trd, 2591016.479, 96
Trd, 2591017.063, 96
Trd, 2591018.363, 96
Trd, 2591018.546, 97
Trd, 2591019.296, 98
Trd, 2591019.396, 101
Trd, 2591019.546, 110
Trd, 2591020.696, 107
Trd, 2591021.013, 107
Trd, 2591021.513, 105
Trd, 2591021.596, 106
Trd, 2591021.746, 110
Trd, 2591022.663, 109
Trd, 2591022.779, 110
Trd, 2591023.763, 112
Trd, 2591024.379, 111
Trd, 2591024.396, 114
Trd, 2591025.379, 112
Trd, 2591028.063, 107
Trd, 2591028.779, 106
Trd, 2591028.963, 105
Trd, 2591029.563, 102
Trd, 2591029.813, 102
Trd, 2591029.979, 101
Trd, 2591030.963, 98
Trd, 2591030.979, 99
Trd, 2591031.063, 100
Trd, 2591031.679, 108
Trd, 2591033.179, 103
Trd, 2591033.463, 91
Trd, 2591035.379, 93
Trd, 2591035.563, 93
Trd, 2591035.879, 92
Trd, 2591036.213, 91
Trd, 2591036.363, 92
Trd, 2591036.679, 87
Trd, 2591038.779, 92
Trd, 2591039.996, 94
Trd, 2591040.896, 97
Trd, 2591041.329, 95
Trd, 2591041.996, 93
Trd, 2591042.363, 93
Trd, 2591043.013, 94
Trd, 2591043.613, 96
Trd, 2591044.796, 93
Trd, 2591044.979, 94
Trd, 2591045.196, 95
Trd, 2591045.513, 92
Trd, 2591045.629, 91
Trd, 2591046.163, 98
Trd, 2591046.979, 101
Trd, 2591047.813, 103
Trd, 2591047.996, 105
Trd, 2591049.746, 105
Trd, 2591050.729, 103
Trd, 2591051.229, 101
Trd, 2591051.346, 101
Trd, 2591051.463, 100
Trd, 2591051.929, 101
Trd, 2591052.063, 99
Trd, 2591053.279, 109
Trd, 2591053.813, 109
Trd, 2591054.029, 102
Trd, 2591054.763, 103
Trd, 2591055.013, 104
Trd, 2591055.479, 102
Trd, 2591055.529, 104
Trd, 2591057.413, 104
Trd, 2591057.579, 103
Trd, 2591059.146, 103
Trd, 2591059.796, 102
Trd, 2591059.829, 103
Trd, 2591060.313, 101
Trd, 2591060.879, 102
Trd, 2591062.446, 98
Trd, 2591063.096, 109
Trd, 2591064.629, 109
Trd, 2591065.029, 108
Trd, 2591065.846, 110
Trd, 2591066.379, 107
Trd, 2591066.496, 106
Trd, 2591066.729, 96
Trd, 2591067.746, 106
Trd, 2591067.913, 108
Trd, 2591069.546, 93
Trd, 2591069.813, 97
Trd, 2591071.029, 93
Trd, 2591071.113, 86
Trd, 2591071.163, 93
Trd, 2591071.263, 95
Trd, 2591073.346, 98
Trd, 2591074.746, 94
Trd, 2591075.496, 93
Trd, 2591075.779, 93
Trd, 2591076.213, 93
Trd, 2591076.413, 92
Trd, 2591076.613, 92
Trd, 2591076.963, 93
Trd, 2591077.413, 93
Trd, 2591078.329, 93
Trd, 2591078.446, 91
Trd, 2591078.796, 94
Trd, 2591079.146, 97
Trd, 2591079.663, 96
Trd, 2591080.429, 98
Trd, 2591082.013, 99
Trd, 2591082.746, 100
Trd, 2591083.379, 99
Trd, 2591083.813, 100
Trd, 2591086.579, 102
Trd, 2591087.313, 103
Trd, 2591087.579, 104
Trd, 2591087.613, 103
Trd, 2591087.696, 102
Trd, 2591088.113, 99
Trd, 2591088.879, 99
Trd, 2591089.429, 98
Trd, 2591089.446, 100
Trd, 2591090.396, 109
Trd, 2591091.329, 108
Trd, 2591091.496, 108
Trd, 2591091.863, 109
Trd, 2591092.346, 103
Trd, 2591094.079, 105
Trd, 2591094.113, 105
Trd, 2591094.163, 98
Trd, 2591095.863, 99
Trd, 2591096.679, 96
Trd, 2591096.996, 96
Trd, 2591097.046, 97
Trd, 2591097.713, 97
Trd, 2591099.496, 95
Trd, 2591099.929, 96
Trd, 2591100.246, 92
Trd, 2591100.929, 94
Trd, 2591100.946, 93
Trd, 2591101.346, 104
Trd, 2591101.713, 105
Trd, 2591102.763, 101
Trd, 2591104.029, 101
Trd, 2591104.163, 101
Trd, 2591105.279, 99
Trd, 2591105.529, 99
Trd, 2591105.813, 100
Trd, 2591106.079, 99
Trd, 2591106.279, 98
Trd, 2591106.863, 99
Trd, 2591109.163, 97
Trd, 2591109.279, 98
Trd, 2591109.296, 99
Trd, 2591110.596, 100
Trd, 2591110.929, 100
Trd, 2591111.963, 101
Trd, 2591112.479, 99
Trd, 2591113.446, 101
Trd, 2591113.863, 98
Trd, 2591114.213, 97
Trd, 2591115.629, 94
Trd, 2591115.713, 95
Trd, 2591116.096, 98
Trd, 2591117.079, 100
Trd, 2591117.446, 97
Trd, 2591117.896, 96
Trd, 2591117.963, 101
Trd, 2591119.179, 107
Trd, 2591120.329, 105
Trd, 2591121.129, 104
Trd, 2591121.479, 104
Trd, 2591123.063, 101
Trd, 2591123.863, 99
Trd, 2591124.113, 97
Trd, 2591124.246, 98
Trd, 2591124.496, 104
Trd, 2591125.129, 103
Trd, 2591125.596, 91
Trd, 2591126.696, 100
Trd, 2591127.413, 98
Trd, 2591129.179, 96
Trd, 2591129.796, 100
Trd, 2591129.879, 100
Trd, 2591129.946, 101
Trd, 2591130.629, 104
Trd, 2591131.346, 106
Trd, 2591132.846, 99
Trd, 2591133.046, 98
Trd, 2591134.313, 95
Trd, 2591135.513, 92
Trd, 2591135.596, 93
Trd, 2591135.729, 105
Trd, 2591135.779, 108
Trd, 2591137.213, 94
Trd, 2591137.446, 93
Trd, 2591138.713, 101
Trd, 2591139.263, 102
Trd, 2591139.646, 109
Trd, 2591139.863, 115
Trd, 2591141.529, 110
Trd, 2591141.563, 106
Trd, 2591142.279, 105
Trd, 2591142.296, 106
Trd, 2591142.496, 104
Trd, 2591142.613, 104
Trd, 2591143.479, 97
Trd, 2591143.796, 106
Trd, 2591144.213, 91
Trd, 2591144.413, 107
Trd, 2591147.496, 105
Trd, 2591147.896, 105
Trd, 2591148.279, 96
Trd, 2591149.146, 98
Trd, 2591149.313, 97
Trd, 2591149.613, 96
Trd, 2591150.529, 96
Trd, 2591151.413, 94
Trd, 2591152.113, 94
Trd, 2591152.646, 100
Trd, 2591153.046, 101
Trd, 2591154.763, 100
Trd, 2591155.129, 101
Trd, 2591156.496, 103
Trd, 2591156.863, 103
Trd, 2591156.996, 102
Trd, 2591157.196, 108
Trd, 2591157.646, 101
Trd, 2591158.329, 108
Trd, 2591158.463, 99
Trd, 2591159.996, 104
Trd, 2591160.846, 98
Trd, 2591160.896, 98
Trd, 2591160.963, 99
Trd, 2591161.196, 102
Trd, 2591163.629, 98
Trd, 2591165.046, 94
Trd, 2591166.013, 93
Trd, 2591166.996, 92
Trd, 2591167.363, 92
Trd, 2591167.546, 91
Trd, 2591167.663, 92
Trd, 2591168.163, 93
Trd, 2591168.696, 94
Trd, 2591168.779, 105
Trd, 2591169.179, 108
Trd, 2591169.363, 105
Trd, 2591170.046, 108
Trd, 2591170.213, 91
Trd, 2591171.413, 92
Trd, 2591171.629, 94
Trd, 2591172.146, 108
Trd, 2591172.579, 108
Trd, 2591172.696, 109
Trd, 2591172.846, 110
Trd, 2591173.113, 111
Trd, 2591173.446, 112
Trd, 2591177.646, 92
Trd, 2591177.913, 92
Trd, 2591177.963, 93
Trd, 2591178.813, 94
Trd, 2591179.563, 94
Trd, 2591179.963, 94
Trd, 2591180.379, 94
Trd, 2591181.246, 93
Trd, 2591181.629, 93
Trd, 2591181.763, 94
Trd, 2591182.296, 92
Trd, 2591182.513, 91
Trd, 2591183.863, 91
Trd, 2591184.029, 92
Trd, 2591184.163, 87
Trd, 2591184.946, 98
Trd, 2591185.813, 96
Trd, 2591186.163, 87
Trd, 2591186.346, 95
Trd, 2591186.413, 101
Trd, 2591188.129, 99
Trd, 2591189.329, 90
Trd, 2591189.879, 95
Trd, 2591191.229, 90
Trd, 2591191.379, 91
Trd, 2591191.546, 92
Trd, 2591191.629, 93
Trd, 2591193.396, 105
Trd, 2591194.046, 92
Trd, 2591194.829, 101
Trd, 2591195.746, 87
Trd, 2591197.129, 94
Trd, 2591197.863, 94
Trd, 2591198.179, 95
Trd, 2591198.246, 94
Trd, 2591199.096, 94
Trd, 2591199.746, 93
Trd, 2591199.813, 94
Trd, 2591200.063, 92
Trd, 2591200.096, 94
Trd, 2591200.729, 95
Trd, 2591201.329, 97
Trd, 2591201.513, 98
Trd, 2591201.946, 96
Trd, 2591202.213, 104
Trd, 2591202.429, 105
Trd, 2591203.263, 93
Trd, 2591203.413, 111
Trd, 2591205.513, 111
Trd, 2591206.046, 110
Trd, 2591206.479, 110
Trd, 2591206.596, 109
Trd, 2591207.179, 111
Trd, 2591208.429, 109
Trd, 2591209.013, 108
Trd, 2591209.863, 105
Trd, 2591210.996, 103
Trd, 2591211.329, 88
Trd, 2591211.746, 98
Trd, 2591212.196, 88
Trd, 2591212.796, 98
Trd, 2591213.246, 95
Trd, 2591213.396, 96
Trd, 2591215.163, 93
Trd, 2591215.713, 101
Trd, 2591216.413, 87
Trd, 2591217.929, 97
Trd, 2591218.446, 97
Trd, 2591218.763, 97
Trd, 2591218.863, 97
Trd, 2591219.213, 98
Trd, 2591219.846, 100
Trd, 2591220.329, 100
Trd, 2591222.196, 91
Trd, 2591222.229, 98
Trd, 2591223.563, 95
Trd, 2591223.846, 91
Trd, 2591224.529, 93
Trd, 2591224.646, 93
Trd, 2591224.829, 94
Trd, 2591225.379, 95
Trd, 2591225.796, 102
Trd, 2591226.496, 101
Trd, 2591226.963, 105
Trd, 2591227.129, 99
Trd, 2591228.563, 101
Trd, 2591228.729, 102
Trd, 2591229.396, 102
Trd, 2591229.963, 103
Trd, 2591230.679, 109
Trd, 2591232.013, 108
Trd, 2591232.196, 109
Trd, 2591232.729, 108
Trd, 2591233.729, 101
Trd, 2591235.629, 91
Trd, 2591236.096, 89
Trd, 2591236.313, 87
Trd, 2591237.029, 88
Trd, 2591237.296, 91
Trd, 2591237.363, 83
Trd, 2591238.429, 97
Trd, 2591239.163, 98
Trd, 2591239.946, 97
Trd, 2591240.096, 100
Trd, 2591241.079, 88
Trd, 2591241.513, 86
Trd, 2591241.663, 98
Trd, 2591242.329, 95
Trd, 2591243.046, 91
Trd, 2591243.329, 92
Trd, 2591244.013, 101
Trd, 2591244.079, 105
Trd, 2591244.246, 99
Trd, 2591244.263, 112
Trd, 2591246.279, 106
Trd, 2591247.396, 102
Trd, 2591247.513, 101
Trd, 2591247.563, 99
Trd, 2591248.596, 103
Trd, 2591249.679, 98
Trd, 2591250.079, 100
Trd, 2591251.713, 96
Trd, 2591252.613, 96
Trd, 2591252.729, 97
Trd, 2591253.146, 98
Trd, 2591254.396, 104
Trd, 2591254.563, 104
Trd, 2591255.546, 103
Trd, 2591255.846, 102
Trd, 2591256.229, 103
Trd, 2591256.929, 103
Trd, 2591256.946, 104
Trd, 2591257.413, 102
Trd, 2591258.029, 103
Trd, 2591258.313, 105
Trd, 2591259.863, 109
Trd, 2591261.046, 93
Trd, 2591261.629, 105
Trd, 2591261.729, 93
Trd, 2591261.796, 106
Trd, 2591262.113, 107
Trd, 2591262.446, 109
Trd, 2591263.213, 106
Trd, 2591263.796, 108
Trd, 2591264.563, 101
Trd, 2591265.479, 98
Trd, 2591265.629, 96
Trd, 2591267.396, 92
Trd, 2591267.979, 93
Trd, 2591268.029, 95
Trd, 2591269.296, 98
Trd, 2591270.496, 93
Trd, 2591271.279, 97
Trd, 2591271.613, 96
Trd, 2591272.313, 95
Trd, 2591272.746, 95
Trd, 2591272.913, 94
Trd, 2591273.379, 94
Trd, 2591274.246, 97
Trd, 2591274.763, 98
Trd, 2591275.313, 97
Trd, 2591276.246, 95
Trd, 2591276.763, 95
Trd, 2591276.996, 94
Trd, 2591277.996, 94
Trd, 2591279.413, 97
Trd, 2591279.979, 96
Trd, 2591280.379, 92
Trd, 2591281.029, 97
Trd, 2591281.479, 97
Trd, 2591283.129, 100
Trd, 2591283.296, 97
Trd, 2591283.996, 100
Trd, 2591284.613, 96
Trd, 2591285.796, 99
Trd, 2591286.596, 99
Trd, 2591288.029, 91
Trd, 2591288.229, 92
Trd, 2591288.846, 92
Trd, 2591289.229, 91
Trd, 2591289.829, 89
Trd, 2591290.129, 89
Trd, 2591290.529, 90
Trd, 2591291.479, 90
Trd, 2591292.579, 98
Trd, 2591292.763, 101
Trd, 2591293.046, 104
Trd, 2591294.213, 103
Trd, 2591295.213, 101
Trd, 2591295.713, 103
Trd, 2591295.729, 100
Trd, 2591296.046, 105
Trd, 2591297.379, 105
Trd, 2591297.879, 105
Trd, 2591297.896, 103
Trd, 2591300.446, 98
Trd, 2591300.579, 98
Trd, 2591300.763, 92
Trd, 2591301.546, 94
Trd, 2591302.296, 94
Trd, 2591302.779, 94
Trd, 2591302.946, 91
Trd, 2591304.613, 91
Trd, 2591304.929, 92
Trd, 2591304.979, 93
Trd, 2591305.913, 97
Trd, 2591306.013, 98
Trd, 2591306.229, 98
Trd, 2591306.846, 104
Trd, 2591307.696, 105
Trd, 2591307.879, 109
Trd, 2591307.913, 102
Trd, 2591310.379, 107
Trd, 2591310.546, 107
Trd, 2591310.579, 108
Trd, 2591311.313, 110
Trd, 2591311.846, 98
Trd, 2591312.329, 110
Trd, 2591312.746, 94
Trd, 2591313.596, 110
Trd, 2591314.229, 99
Trd, 2591314.779, 109
Trd, 2591315.963, 105
Trd, 2591316.763, 100
Trd, 2591317.363, 99
Trd, 2591317.413, 101
Trd, 2591317.429, 102
Trd, 2591318.463, 98
Trd, 2591319.613, 93
Trd, 2591319.963, 93
Trd, 2591320.046, 93
Trd, 2591321.296, 98
Trd, 2591322.279, 94
Trd, 2591322.696, 93
Trd, 2591323.079, 91
Trd, 2591324.063, 88
Trd, 2591324.679, 89
Trd, 2591324.846, 89
Trd, 2591324.929, 88
Trd, 2591326.229, 87
Trd, 2591326.279, 94
Trd, 2591327.079, 101
Trd, 2591328.196, 103
Trd, 2591329.213, 101
Trd, 2591329.729, 103
Trd, 2591330.079, 100
Trd, 2591330.779, 104
Trd, 2591331.363, 98
Trd, 2591331.446, 103
Trd, 2591333.496, 96
Trd, 2591333.696, 92
Trd, 2591334.413, 92
Trd, 2591334.646, 93
Trd, 2591334.879, 94
Trd, 2591335.163, 94
Trd, 2591335.763, 96
Trd, 2591336.146, 97
Trd, 2591336.246, 98
Trd, 2591337.663, 101
Trd, 2591338.263, 99
Trd, 2591338.379, 99
Trd, 2591338.746, 101
Trd, 2591339.429, 104
Trd, 2591339.963, 104
Trd, 2591341.413, 105
Trd, 2591341.513, 108
Trd, 2591342.679, 88
Trd, 2591343.413, 112
Trd, 2591347.079, 109
Trd, 2591347.396, 110
Trd, 2591348.013, 108
Trd, 2591349.379, 105
Trd, 2591349.563, 102
Trd, 2591349.863, 100
Trd, 2591349.996, 100
Trd, 2591350.363, 99
Trd, 2591351.279, 98
Trd, 2591351.479, 97
Trd, 2591351.596, 95
Trd, 2591351.879, 97
Trd, 2591352.263, 98
Trd, 2591352.479, 96
Trd, 2591354.063, 98
Trd, 2591354.929, 91
Trd, 2591355.279, 96
Trd, 2591355.529, 97
Trd, 2591356.763, 93
Trd, 2591357.746, 94
Trd, 2591357.863, 95
Trd, 2591358.179, 94
Trd, 2591358.696, 94
Trd, 2591358.746, 95
Trd, 2591358.963, 94
Trd, 2591359.229, 94
Trd, 2591360.563, 95
Trd, 2591360.579, 97
Trd, 2591360.679, 98
Trd, 2591360.996, 101
Trd, 2591362.096, 100
Trd, 2591362.579, 92
Trd, 2591362.663, 91
Trd, 2591364.196, 99
Trd, 2591364.563, 87
Trd, 2591366.013, 90
Trd, 2591366.563, 91
Trd, 2591367.613, 87
Trd, 2591368.113, 86
Trd, 2591368.329, 87
Trd, 2591368.679, 91
Trd, 2591368.763, 91
Trd, 2591369.029, 92
Trd, 2591370.213, 98
Trd, 2591371.629, 99
Trd, 2591371.796, 98
Trd, 2591371.879, 100
Trd, 2591373.513, 99
Trd, 2591373.779, 99
Trd, 2591374.263, 101
Trd, 2591374.529, 103
Trd, 2591375.729, 104
Trd, 2591375.946, 103
Trd, 2591376.929, 101
Trd, 2591377.296, 102
Trd, 2591377.713, 101
Trd, 2591378.979, 91
Trd, 2591379.129, 101
Trd, 2591380.013, 105
Trd, 2591380.229, 108
Trd, 2591381.879, 100
Trd, 2591382.179, 105
Trd, 2591383.113, 106
Trd, 2591383.413, 99
Trd, 2591383.829, 105
Trd, 2591384.363, 106
Trd, 2591384.379, 112
Trd, 2591385.779, 108
Trd, 2591385.879, 108
Trd, 2591386.163, 109
Trd, 2591386.513, 110
Trd, 2591387.263, 115
Trd, 2591388.629, 116
Trd, 2591389.196, 115
Trd, 2591390.096, 111
Trd, 2591390.963, 102
Trd, 2591391.263, 95
Trd, 2591392.179, 100
Trd, 2591392.363, 99
Trd, 2591394.013, 93
Trd, 2591394.229, 91
Trd, 2591394.829, 88
Trd, 2591394.879, 86
Trd, 2591395.613, 86
Trd, 2591395.979, 76
Trd, 2591396.179, 76
Trd, 2591396.329, 77
Trd, 2591396.613, 101
Trd, 2591397.613, 102
Trd, 2591398.829, 89
Trd, 2591399.213, 98
Trd, 2591399.363, 87
Trd, 2591402.479, 95
Trd, 2591402.596, 95
Trd, 2591402.729, 95
Trd, 2591402.796, 96
Trd, 2591402.929, 97
Trd, 2591403.996, 98
Trd, 2591405.429, 101
Trd, 2591405.646, 105
Trd, 2591406.979, 103
Trd, 2591407.296, 101
Trd, 2591407.646, 101
Trd, 2591407.796, 100
Trd, 2591408.163, 100
Trd, 2591408.229, 98
Trd, 2591409.096, 98
Trd, 2591410.413, 95
Trd, 2591410.763, 88
Trd, 2591411.879, 92
Trd, 2591412.163, 92
Trd, 2591412.813, 94
Trd, 2591413.163, 98
Trd, 2591413.879, 99
Trd, 2591413.946, 100
Trd, 2591414.546, 95
Trd, 2591415.063, 94
Trd, 2591415.579, 94
Trd, 2591415.879, 94
Trd, 2591416.513, 95
Trd, 2591416.613, 101
Trd, 2591416.796, 86
Trd, 2591417.863, 108
Trd, 2591420.063, 96
Trd, 2591420.113, 97
Trd, 2591420.546, 91
Trd, 2591421.013, 91
Trd, 2591422.996, 93
Trd, 2591423.796, 97
Trd, 2591424.696, 98
Trd, 2591425.579, 99
Trd, 2591426.246, 100
Trd, 2591426.696, 100
Trd, 2591427.363, 97
Trd, 2591427.846, 89
Trd, 2591429.246, 91
Trd, 2591429.613, 92
Trd, 2591430.296, 87
Trd, 2591430.363, 89
Trd, 2591430.496, 91
Trd, 2591430.513, 84
Trd, 2591431.013, 93
Trd, 2591431.029, 101
Trd, 2591431.379, 109
Trd, 2591431.396, 112
Trd, 2591432.196, 114
Trd, 2591432.296, 114
Trd, 2591435.313, 96
Trd, 2591436.746, 103
Trd, 2591437.396, 103
Trd, 2591437.896, 102
Trd, 2591437.996, 103
Trd, 2591438.379, 104
Trd, 2591438.829, 103
Trd, 2591439.513, 102
Trd, 2591439.696, 103
Trd, 2591440.713, 99
Trd, 2591440.996, 99
Trd, 2591441.129, 97
Trd, 2591442.113, 93
Trd, 2591442.713, 92
Trd, 2591442.913, 91
Trd, 2591443.146, 91
Trd, 2591444.713, 87
Trd, 2591445.496, 84
Trd, 2591446.763, 85
Trd, 2591446.846, 86
Trd, 2591446.863, 81
Trd, 2591446.896, 105
Trd, 2591447.713, 79
Trd, 2591448.096, 101
Trd, 2591448.246, 101
Trd, 2591448.296, 102
Trd, 2591450.729, 103
Trd, 2591450.996, 102
Trd, 2591451.229, 101
Trd, 2591451.263, 101
Trd, 2591451.879, 103
Trd, 2591452.229, 103
Trd, 2591453.396, 101
Trd, 2591453.413, 100
Trd, 2591453.613, 102
Trd, 2591453.763, 98
Trd, 2591455.613, 97
Trd, 2591455.729, 98
Trd, 2591456.779, 96
Trd, 2591456.879, 98
Trd, 2591457.863, 95
Trd, 2591458.563, 94
Trd, 2591458.579, 95
Trd, 2591458.679, 96
Trd, 2591459.363, 105
Trd, 2591461.479, 104
Trd, 2591461.496, 108
Trd, 2591462.529, 105
Trd, 2591462.846, 106
Trd, 2591463.129, 106
Trd, 2591463.346, 107
Trd, 2591463.713, 105
Trd, 2591464.063, 109
Trd, 2591464.913, 108
Trd, 2591465.063, 108
Trd, 2591467.279, 101
Trd, 2591467.529, 102
Trd, 2591467.779, 101
Trd, 2591467.946, 101
Trd, 2591468.013, 100
Trd, 2591469.779, 95
Trd, 2591469.913, 96
Trd, 2591470.579, 97
Trd, 2591470.979, 96
Trd, 2591472.263, 96
Trd, 2591473.546, 97
Trd, 2591474.229, 96
Trd, 2591474.613, 97
Trd, 2591474.896, 98
Trd, 2591476.246, 104
Trd, 2591476.663, 105
Trd, 2591476.946, 109
Trd, 2591477.113, 110
Trd, 2591477.613, 102
Trd, 2591477.779, 102
Trd, 2591478.046, 110
Trd, 2591479.213, 103
Trd, 2591479.763, 101
Trd, 2591479.829, 91
Trd, 2591480.129, 102
Trd, 2591482.429, 93
Trd, 2591483.713, 91
Trd, 2591483.863, 96
Trd, 2591486.146, 88
Trd, 2591486.796, 96
Trd, 2591486.846, 97
Trd, 2591487.029, 90
Trd, 2591487.313, 96
Trd, 2591487.879, 93
Trd, 2591487.979, 87
Trd, 2591488.929, 86
Trd, 2591489.046, 89
Trd, 2591489.363, 90
Trd, 2591490.113, 94
Trd, 2591491.363, 109
Trd, 2591492.079, 109
Trd, 2591492.329, 108
Trd, 2591492.879, 95
Trd, 2591494.813, 102
Trd, 2591494.963, 104
Trd, 2591495.279, 103
Trd, 2591496.663, 101
Trd, 2591497.029, 101
Trd, 2591497.229, 99
Trd, 2591498.329, 102
Trd, 2591498.996, 105
Trd, 2591501.263, 102
Trd, 2591501.379, 103
Trd, 2591501.446, 103
Trd, 2591501.896, 102
Trd, 2591501.996, 101
Trd, 2591502.146, 101
Trd, 2591502.429, 101
Trd, 2591502.729, 98
Trd, 2591503.129, 86
Trd, 2591503.146, 85
Trd, 2591503.729, 106
Trd, 2591503.863, 107
Trd, 2591506.763, 99
Trd, 2591507.279, 100
Trd, 2591507.296, 101
Trd, 2591507.396, 99
Trd, 2591508.013, 109
Trd, 2591508.446, 112
Trd, 2591510.379, 103
Trd, 2591510.729, 104
Trd, 2591511.463, 103
Trd, 2591511.563, 104
Trd, 2591511.963, 105
Trd, 2591512.629, 101
Trd, 2591512.946, 102
Trd, 2591513.646, 100
Trd, 2591514.163, 98
Trd, 2591514.713, 98
Trd, 2591516.379, 91
Trd, 2591516.779, 87
Trd, 2591516.796, 92
Trd, 2591517.696, 90
Trd, 2591519.079, 88
Trd, 2591519.879, 87
Trd, 2591520.246, 88
Trd, 2591521.013, 89
Trd, 2591521.146, 91
Trd, 2591521.879, 91
Trd, 2591522.113, 91
Trd, 2591522.179, 91
Trd, 2591522.563, 94
Trd, 2591523.996, 97
Trd, 2591524.363, 97
Trd, 2591524.596, 97
Trd, 2591525.046, 98
Trd, 2591525.079, 97
Trd, 2591525.346, 84
Trd, 2591526.663, 84
Trd, 2591527.463, 101
Trd, 2591528.679, 98
Trd, 2591528.946, 101
Trd, 2591529.896, 104
Trd, 2591530.279, 104
Trd, 2591531.096, 92
Trd, 2591531.763, 98
Trd, 2591532.129, 99
Trd, 2591532.896, 99
Trd, 2591533.313, 98
Trd, 2591534.496, 97
Trd, 2591534.913, 98
Trd, 2591535.696, 99
Trd, 2591535.863, 100
Trd, 2591536.113, 101
Trd, 2591537.496, 104
Trd, 2591538.229, 103
Trd, 2591538.329, 102
Trd, 2591538.579, 98
Trd, 2591538.596, 103
Trd, 2591539.129, 105
Trd, 2591539.679, 106
Trd, 2591541.479, 99
Trd, 2591541.746, 101
Trd, 2591541.796, 102
Trd, 2591542.146, 100
Trd, 2591542.446, 99
Trd, 2591542.679, 100
Trd, 2591543.046, 93
Trd, 2591544.063, 99
Trd, 2591544.679, 100
Trd, 2591545.279, 101
Trd, 2591545.913, 111
Trd, 2591546.379, 112
Trd, 2591547.346, 108
Trd, 2591548.079, 104
Trd, 2591548.363, 102
Trd, 2591548.413, 101
Trd, 2591548.913, 100
Trd, 2591549.463, 99
Trd, 2591550.546, 98
Trd, 2591550.813, 98
Trd, 2591551.429, 99
Trd, 2591551.446, 91
Trd, 2591553.863, 103
Trd, 2591554.063, 103
Trd, 2591555.996, 100
Trd, 2591556.079, 99
Trd, 2591556.213, 100
Trd, 2591556.229, 97
Trd, 2591557.929, 97
Trd, 2591558.146, 97
Trd, 2591558.313, 100
Trd, 2591558.929, 91
Trd, 2591559.646, 98
Trd, 2591560.879, 94
Trd, 2591561.296, 95
Trd, 2591561.996, 91
Trd, 2591562.229, 92
Trd, 2591562.346, 101
Trd, 2591563.246, 103
Trd, 2591564.713, 100
Trd, 2591565.079, 100
Trd, 2591565.963, 101
Trd, 2591565.996, 101
Trd, 2591566.013, 105
Trd, 2591566.229, 107
Trd, 2591566.663, 106
Trd, 2591567.346, 108
Trd, 2591567.679, 112
Trd, 2591567.979, 102
Trd, 2591569.996, 109
Trd, 2591570.246, 108
Trd, 2591570.513, 108
Trd, 2591571.229, 108
Trd, 2591571.946, 105
Trd, 2591573.196, 101
Trd, 2591574.479, 101
Trd, 2591574.629, 100
Trd, 2591574.813, 100
Trd, 2591574.863, 100
Trd, 2591577.013, 91
Trd, 2591577.646, 100
Trd, 2591579.379, 99
Trd, 2591579.863, 99
Trd, 2591580.246, 100
Trd, 2591580.579, 98
Trd, 2591581.196, 101
Trd, 2591581.329, 105
Trd, 2591581.729, 106
Trd, 2591582.363, 103
Trd, 2591583.363, 98
Trd, 2591583.379, 99
Trd, 2591583.879, 96
Trd, 2591584.913, 93
Trd, 2591585.679, 93
Trd, 2591586.229, 94
Trd, 2591587.146, 93
Trd, 2591587.463, 92
Trd, 2591587.913, 91
Trd, 2591588.046, 87
Trd, 2591589.196, 92
Trd, 2591589.579, 93
Trd, 2591590.796, 93
Trd, 2591590.896, 90
Trd, 2591591.663, 90
Trd, 2591592.263, 92
Trd, 2591592.646, 94
Trd, 2591593.096, 98
Trd, 2591593.979, 104
Trd, 2591594.513, 104
Trd, 2591594.579, 99
Trd, 2591594.679, 105
Trd, 2591595.896, 109
Trd, 2591596.546, 112
Trd, 2591597.363, 109
Trd, 2591597.913, 108
Trd, 2591598.679, 107
Trd, 2591598.879, 107
Trd, 2591599.463, 107
Trd, 2591601.063, 106
Trd, 2591601.663, 105
Trd, 2591602.213, 103
Trd, 2591602.446, 101
Trd, 2591602.646, 103
Trd, 2591602.763, 97
Trd, 2591603.696, 100
Trd, 2591604.096, 102
Trd, 2591605.563, 97
Trd, 2591605.879, 96
Trd, 2591606.013, 97
Trd, 2591606.163, 97
Trd, 2591606.429, 99
Trd, 2591606.963, 100
Trd, 2591608.013, 97
Trd, 2591608.796, 95
Trd, 2591610.646, 94
Trd, 2591610.979, 98
Trd, 2591611.346, 101
Trd, 2591611.913, 99
Trd, 2591612.696, 102
Trd, 2591612.929, 102
Trd, 2591613.013, 101
Trd, 2591613.179, 92
Trd, 2591615.613, 95
Trd, 2591615.696, 96
Trd, 2591616.446, 96
Trd, 2591616.946, 94
Trd, 2591617.113, 94
Trd, 2591617.596, 94
Trd, 2591617.663, 97
Trd, 2591619.079, 112
Trd, 2591619.596, 107
Trd, 2591620.929, 103
Trd, 2591621.313, 88
Trd, 2591621.346, 103
Trd, 2591623.179, 98
Trd, 2591623.596, 99
Trd, 2591623.796, 100
Trd, 2591623.846, 89
Trd, 2591625.696, 97
Trd, 2591626.563, 98
Trd, 2591626.713, 92
Trd, 2591626.879, 100
Trd, 2591627.129, 88
Trd, 2591627.246, 101
Trd, 2591629.813, 91
Trd, 2591629.946, 90
Trd, 2591630.129, 91
Trd, 2591630.446, 92
Trd, 2591630.579, 94
Trd, 2591630.896, 94
Trd, 2591632.029, 99
Trd, 2591633.246, 99
Trd, 2591633.796, 98
Trd, 2591634.196, 98
Trd, 2591636.896, 95
Trd, 2591637.263, 96
Trd, 2591637.429, 98
Trd, 2591638.813, 107
Trd, 2591638.963, 102
Trd, 2591639.446, 106
Trd, 2591639.929, 106
Trd, 2591640.296, 107
Trd, 2591640.896, 107
Trd, 2591641.329, 106
Trd, 2591641.413, 107
Trd, 2591642.729, 107
Trd, 2591642.879, 107
Trd, 2591643.263, 105
Trd, 2591643.363, 98
Trd, 2591643.996, 102
Trd, 2591644.029, 104
Trd, 2591644.479, 98
Trd, 2591646.029, 95
Trd, 2591646.346, 95
Trd, 2591647.413, 95
Trd, 2591648.346, 93
Trd, 2591649.896, 93
Trd, 2591650.146, 91
Trd, 2591650.529, 93
Trd, 2591650.796, 92
Trd, 2591651.729, 91
Trd, 2591652.163, 94
Trd, 2591653.179, 92
Trd, 2591653.646, 93
Trd, 2591653.813, 93
Trd, 2591653.896, 94
Trd, 2591654.079, 95
Trd, 2591654.479, 101
Trd, 2591655.196, 88
Trd, 2591655.479, 105
Trd, 2591655.929, 84
Trd, 2591656.729, 107
Trd, 2591657.346, 106
Trd, 2591659.396, 105
Trd, 2591660.163, 109
Trd, 2591661.063, 109
Trd, 2591661.613, 107
Trd, 2591661.946, 107
Trd, 2591662.129, 106
Trd, 2591662.196, 105
Trd, 2591662.929, 102
Trd, 2591663.363, 101
Trd, 2591663.396, 102
Trd, 2591664.513, 100
Trd, 2591664.963, 98
Trd, 2591666.179, 96
Trd, 2591666.829, 96
Trd, 2591666.846, 97
Trd, 2591667.329, 96
Trd, 2591667.796, 95
Trd, 2591668.829, 91
Trd, 2591668.863, 92
Trd, 2591669.146, 98
Trd, 2591669.746, 90
Trd, 2591670.513, 95
Trd, 2591670.863, 87
Trd, 2591671.496, 96
Trd, 2591672.279, 88
Trd, 2591672.546, 101
Trd, 2591673.579, 104
Trd, 2591673.946, 105
Trd, 2591674.613, 112
Trd, 2591676.979, 110
Trd, 2591677.579, 108
Trd, 2591677.946, 110
Trd, 2591678.696, 111
Trd, 2591679.946, 109
Trd, 2591680.279, 106
Trd, 2591681.046, 105
Trd, 2591681.713, 104
Trd, 2591682.629, 100
Trd, 2591682.979, 98
Trd, 2591683.746, 94
Trd, 2591684.196, 94
Trd, 2591684.563, 92
Trd, 2591684.713, 94
Trd, 2591685.829, 92
Trd, 2591685.963, 91
Trd, 2591687.279, 88
Trd, 2591687.446, 89
Trd, 2591687.696, 88
Trd, 2591688.879, 87
Trd, 2591688.896, 84
Trd, 2591689.613, 87
Trd, 2591689.796, 94
Trd, 2591690.879, 101
Trd, 2591693.113, 98
Trd, 2591693.679, 98
Trd, 2591693.829, 98
Trd, 2591693.879, 97
Trd, 2591693.979, 98
Trd, 2591694.196, 98
Trd, 2591694.679, 97
Trd, 2591694.979, 101
Trd, 2591696.829, 98
Trd, 2591697.046, 97
Trd, 2591697.346, 97
Trd, 2591697.463, 98
Trd, 2591698.429, 96
Trd, 2591699.513, 91
Trd, 2591700.079, 89
Trd, 2591700.863, 89
Trd, 2591700.879, 90
Trd, 2591701.596, 90
Trd, 2591701.796, 98
Trd, 2591701.913, 105
Trd, 2591702.046, 108
Trd, 2591702.263, 112
Trd, 2591704.046, 110
Trd, 2591704.096, 108
Trd, 2591704.313, 99
Trd, 2591705.479, 102
Trd, 2591705.696, 99
Trd, 2591705.829, 98
Trd, 2591706.746, 98
Trd, 2591706.996, 97
Trd, 2591707.829, 94
Trd, 2591708.546, 92
Trd, 2591708.796, 91
Trd, 2591709.679, 89
Trd, 2591710.213, 90
Trd, 2591710.263, 91
Trd, 2591711.763, 94
Trd, 2591712.013, 92
Trd, 2591713.479, 96
Trd, 2591713.529, 98
Trd, 2591714.279, 101
Trd, 2591716.263, 105
Trd, 2591717.596, 103
Trd, 2591717.646, 104
Trd, 2591718.079, 102
Trd, 2591718.179, 102
Trd, 2591719.429, 99
Trd, 2591719.479, 100
Trd, 2591719.929, 100
Trd, 2591720.863, 98
Trd, 2591720.929, 99
Trd, 2591721.729, 91
Trd, 2591722.863, 99
Trd, 2591723.229, 91
Trd, 2591724.796, 96
Trd, 2591724.879, 95
Trd, 2591725.029, 95
Trd, 2591725.379, 100
Trd, 2591725.513, 101
Trd, 2591726.096, 105
Trd, 2591728.813, 102
Trd, 2591729.629, 102
Trd, 2591729.779, 101
Trd, 2591730.196, 100
Trd, 2591730.446, 99
Trd, 2591731.813, 96
Trd, 2591732.113, 91
Trd, 2591732.463, 94
Trd, 2591732.796, 97
Trd, 2591733.246, 88
Trd, 2591733.346, 94
Trd, 2591733.846, 112
Trd, 2591735.446, 104
Trd, 2591736.296, 105
Trd, 2591736.463, 108
Trd, 2591736.779, 94
Trd, 2591738.329, 105
Trd, 2591738.663, 106
Trd, 2591739.729, 111
Trd, 2591740.479, 110
Trd, 2591740.913, 111
Trd, 2591741.229, 110
Trd, 2591742.629, 108
Trd, 2591743.513, 107
Trd, 2591743.546, 105
Trd, 2591744.296, 103
Trd, 2591744.679, 101
Trd, 2591746.163, 100
Trd, 2591746.679, 100
Trd, 2591746.913, 101
Trd, 2591747.463, 98
Trd, 2591748.179, 99
Trd, 2591749.763, 94
Trd, 2591750.146, 91
Trd, 2591750.413, 93
Trd, 2591750.429, 94
Trd, 2591750.496, 94
Trd, 2591751.213, 91
Trd, 2591751.463, 91
Trd, 2591752.146, 91
Trd, 2591752.779, 92
Trd, 2591753.829, 98
Trd, 2591754.579, 99
Trd, 2591755.696, 100
Trd, 2591756.129, 98
Trd, 2591756.963, 99
Trd, 2591757.996, 99
Trd, 2591758.913, 98
Trd, 2591759.729, 96
Trd, 2591761.029, 92
Trd, 2591761.229, 87
Trd, 2591761.313, 91
Trd, 2591762.213, 91
Trd, 2591762.746, 93
Trd, 2591763.046, 100
Trd, 2591763.313, 87
Trd, 2591763.346, 87
Trd, 2591763.746, 97
Trd, 2591764.913, 99
Trd, 2591765.463, 89
Trd, 2591766.313, 98
Trd, 2591767.213, 95
Trd, 2591768.113, 96
Trd, 2591769.179, 94
Trd, 2591769.579, 94
Trd, 2591770.296, 95
Trd, 2591771.063, 98
Trd, 2591772.063, 98
Trd, 2591772.163, 98
Trd, 2591772.346, 104
Trd, 2591772.479, 96
Trd, 2591772.679, 104
Trd, 2591774.763, 104
Trd, 2591774.963, 103
Trd, 2591775.429, 102
Trd, 2591776.096, 101
Trd, 2591776.596, 91
Trd, 2591776.896, 101
Trd, 2591777.013, 104
Trd, 2591778.146, 104
Trd, 2591779.429, 102
Trd, 2591780.313, 101
Trd, 2591780.929, 98
Trd, 2591781.096, 97
Trd, 2591781.913, 100
Trd, 2591782.146, 101
Trd, 2591782.213, 112
Trd, 2591783.529, 88
Trd, 2591783.596, 87
Trd, 2591783.713, 106
Trd, 2591784.213, 108
Trd, 2591784.796, 108
Trd, 2591785.529, 109
Trd, 2591786.013, 104
Trd, 2591786.313, 109
Trd, 2591788.229, 106
Trd, 2591788.579, 106
Trd, 2591789.263, 105
Trd, 2591790.179, 101
Trd, 2591790.846, 98
Trd, 2591792.029, 95
Trd, 2591792.063, 99
Trd, 2591792.079, 101
Trd, 2591792.379, 104
Trd, 2591793.579, 100
Trd, 2591794.163, 101
Trd, 2591795.263, 105
Trd, 2591797.246, 104
Trd, 2591797.679, 105
Trd, 2591797.729, 107
Trd, 2591799.213, 108
Trd, 2591800.413, 103
Trd, 2591800.663, 91
Trd, 2591801.179, 88
Trd, 2591801.913, 96
Trd, 2591802.496, 87
Trd, 2591803.529, 91
Trd, 2591804.296, 93
Trd, 2591804.479, 93
Trd, 2591804.513, 94
Trd, 2591804.529, 98
Trd, 2591804.829, 101
Trd, 2591804.846, 105
Trd, 2591808.046, 103
Trd, 2591808.379, 101
Trd, 2591808.529, 102
Trd, 2591808.963, 103
Trd, 2591809.096, 104
Trd, 2591809.679, 104
Trd, 2591809.796, 105
Trd, 2591809.963, 105
Trd, 2591810.213, 104
Trd, 2591810.963, 102
Trd, 2591811.929, 99
Trd, 2591813.129, 101
Trd, 2591813.896, 101
Trd, 2591815.079, 98
Trd, 2591815.213, 91
Trd, 2591815.813, 97
Trd, 2591816.163, 94
Trd, 2591817.413, 94
Trd, 2591817.879, 92
Trd, 2591818.213, 92
Trd, 2591818.696, 89
Trd, 2591819.446, 90
Trd, 2591820.313, 90
Trd, 2591820.929, 91
Trd, 2591822.496, 95
Trd, 2591822.863, 95
Trd, 2591823.146, 96
Trd, 2591824.979, 97
Trd, 2591825.346, 100
Trd, 2591826.313, 99
Trd, 2591826.846, 98
Trd, 2591827.013, 97
Trd, 2591828.713, 94
Trd, 2591829.363, 93
Trd, 2591830.229, 97
Trd, 2591831.129, 96
Trd, 2591831.263, 94
Trd, 2591832.079, 92
Trd, 2591832.596, 93
Trd, 2591832.763, 94
Trd, 2591833.029, 98
Trd, 2591833.179, 100
Trd, 2591835.529, 97
Trd, 2591835.713, 104
Trd, 2591836.913, 101
Trd, 2591837.546, 101
Trd, 2591837.696, 101
Trd, 2591837.879, 102
Trd, 2591837.929, 105
Trd, 2591838.096, 115
Trd, 2591838.846, 100
Trd, 2591840.863, 106
Trd, 2591840.946, 102
Trd, 2591841.813, 101
Trd, 2591842.096, 109
Trd, 2591842.296, 109
Trd, 2591843.313, 103
Trd, 2591843.696, 100
Trd, 2591844.263, 99
Trd, 2591844.313, 100
Trd, 2591845.163, 98
Trd, 2591845.229, 99
Trd, 2591845.463, 91
Trd, 2591846.796, 95
Trd, 2591846.979, 86
Trd, 2591847.413, 86
Trd, 2591848.629, 93
Trd, 2591848.779, 100
Trd, 2591848.929, 101
Trd, 2591849.596, 112
Trd, 2591850.429, 101
Trd, 2591851.163, 100
Trd, 2591851.179, 102
Trd, 2591853.129, 100
Trd, 2591853.579, 100
Trd, 2591853.946, 99
Trd, 2591854.696, 96
Trd, 2591854.946, 100
Trd, 2591855.513, 99
Trd, 2591856.263, 103
Trd, 2591856.296, 104
Trd, 2591856.896, 98
Trd, 2591857.579, 99
Trd, 2591858.263, 98
Trd, 2591859.246, 96
Trd, 2591859.763, 97
Trd, 2591859.829, 98
Trd, 2591861.679, 101
Trd, 2591861.896, 102
Trd, 2591863.379, 104
Trd, 2591863.729, 103
Trd, 2591864.596, 104
Trd, 2591865.196, 101
Trd, 2591866.663, 100
Trd, 2591866.679, 101
Trd, 2591866.696, 99
Trd, 2591868.046, 97
Trd, 2591868.213, 98
Trd, 2591868.346, 105
Trd, 2591869.979, 93
Trd, 2591870.513, 104
Trd, 2591871.779, 103
Trd, 2591872.879, 99
Trd, 2591873.063, 99
Trd, 2591873.363, 98
Trd, 2591873.863, 100
Trd, 2591873.896, 98
Trd, 2591874.163, 101
Trd, 2591875.113, 98
Trd, 2591875.813, 98
Trd, 2591875.963, 99
Trd, 2591877.096, 97
Trd, 2591877.763, 96
Trd, 2591878.179, 96
Trd, 2591878.979, 97
Trd, 2591879.413, 101
Trd, 2591880.846, 100
Trd, 2591881.396, 98
Trd, 2591881.596, 99
Trd, 2591881.746, 91
Trd, 2591883.563, 91
Trd, 2591883.629, 92
Trd, 2591884.879, 97
Trd, 2591885.929, 96
Trd, 2591886.613, 97
Trd, 2591887.196, 98
Trd, 2591887.646, 105
Trd, 2591887.946, 109
Trd, 2591888.746, 108
Trd, 2591888.963, 107
Trd, 2591889.096, 106
Trd, 2591889.146, 105
Trd, 2591889.463, 104
Trd, 2591891.029, 101
Trd, 2591891.763, 101
Trd, 2591892.196, 98
Trd, 2591892.813, 98
Trd, 2591892.896, 98
Trd, 2591893.496, 96
Trd, 2591893.896, 96
Trd, 2591894.396, 96
Trd, 2591894.679, 97
Trd, 2591895.546, 94
Trd, 2591896.929, 96
Trd, 2591897.429, 93
Trd, 2591898.213, 91
Trd, 2591898.996, 92
Trd, 2591899.579, 94
Trd, 2591900.379, 98
Trd, 2591901.196, 96
Trd, 2591901.696, 94
Trd, 2591901.813, 93
Trd, 2591903.096, 88
Trd, 2591903.363, 90
Trd, 2591903.579, 91
Trd, 2591903.846, 92
Trd, 2591905.596, 93
Trd, 2591905.763, 93
Trd, 2591905.979, 97
Trd, 2591906.929, 98
Trd, 2591906.979, 101
Trd, 2591909.446, 101
Trd, 2591909.696, 102
Trd, 2591909.796, 101
Trd, 2591910.946, 100
Trd, 2591912.079, 92
Trd, 2591912.946, 94
Trd, 2591913.113, 94
Trd, 2591913.346, 92
Trd, 2591913.413, 94
Trd, 2591913.813, 94
Trd, 2591914.229, 95
Trd, 2591914.329, 101
Trd, 2591914.529, 105
Trd, 2591915.296, 92
Trd, 2591918.679, 102
Trd, 2591918.729, 103
Trd, 2591918.763, 109
Trd, 2591918.929, 112
Trd, 2591919.046, 115
Trd, 2591921.063, 107
Trd, 2591921.529, 107
Trd, 2591922.146, 107
Trd, 2591922.713, 102
Trd, 2591923.129, 101
Trd, 2591923.729, 97
Trd, 2591923.829, 96
Trd, 2591924.146, 96
Trd, 2591925.346, 92
Trd, 2591926.113, 88
Trd, 2591926.329, 87
Trd, 2591926.546, 87
Trd, 2591926.796, 86
Trd, 2591928.063, 81
Trd, 2591928.313, 84
Trd, 2591928.963, 84
Trd, 2591929.279, 84
Trd, 2591930.596, 87
Trd, 2591930.946, 87
Trd, 2591931.296, 90
Trd, 2591932.013, 89
Trd, 2591932.413, 91
Trd, 2591932.729, 94
Trd, 2591933.596, 98
Trd, 2591933.813, 104
Trd, 2591933.829, 105
Trd, 2591934.163, 112
Trd, 2591934.346, 115
Trd, 2591934.413, 97
Trd, 2591935.279, 109
Trd, 2591935.746, 118
Trd, 2591935.996, 107
Trd, 2591936.229, 106
Trd, 2591936.496, 101
Trd, 2591938.046, 109
Trd, 2591939.146, 101
Trd, 2591940.046, 100
Trd, 2591940.146, 101
Trd, 2591940.796, 99
Trd, 2591941.146, 98
Trd, 2591943.213, 97
Trd, 2591943.763, 93
Trd, 2591944.346, 93
Trd, 2591944.813, 92
Trd, 2591945.079, 92
Trd, 2591945.879, 91
Trd, 2591946.163, 91
Trd, 2591946.596, 98
Trd, 2591947.246, 101
Trd, 2591947.879, 91
Trd, 2591948.046, 104
Trd, 2591948.479, 105
Trd, 2591950.479, 102
Trd, 2591950.829, 101
Trd, 2591951.296, 100
Trd, 2591952.796, 99
Trd, 2591953.079, 98
Trd, 2591954.013, 94
Trd, 2591954.413, 91
Trd, 2591954.646, 94
Trd, 2591954.729, 95
Trd, 2591954.763, 96
Trd, 2591954.963, 99
Trd, 2591955.846, 101
Trd, 2591958.129, 96
Trd, 2591958.779, 94
Trd, 2591959.313, 93
Trd, 2591959.379, 94
Trd, 2591959.996, 94
Trd, 2591960.113, 94
Trd, 2591961.446, 95
Trd, 2591962.063, 96
Trd, 2591962.113, 91
Trd, 2591962.996, 104
Trd, 2591963.796, 101
Trd, 2591964.413, 95
Trd, 2591964.663, 96
Trd, 2591965.096, 95
Trd, 2591965.579, 95
Trd, 2591965.779, 105
Trd, 2591965.863, 112
Trd, 2591966.346, 114
Trd, 2591966.846, 92
Trd, 2591967.363, 109
Trd, 2591968.579, 94
Trd, 2591969.246, 95
Trd, 2591970.429, 88
Trd, 2591970.446, 89
Trd, 2591971.329, 88
Trd, 2591971.579, 90
Trd, 2591971.646, 98
Trd, 2591974.763, 96
Trd, 2591974.896, 96
Trd, 2591975.029, 95
Trd, 2591975.496, 96
Trd, 2591975.929, 97
Trd, 2591976.629, 107
Trd, 2591977.313, 104
Trd, 2591977.413, 103
Trd, 2591977.646, 101
Trd, 2591977.779, 100
Trd, 2591978.963, 95
Trd, 2591980.229, 94
Trd, 2591980.546, 90
Trd, 2591981.229, 89
Trd, 2591981.629, 87
Trd, 2591982.763, 86
Trd, 2591982.779, 87
Trd, 2591983.313, 86
Trd, 2591984.163, 87
Trd, 2591987.346, 88
Trd, 2591987.579, 90
Trd, 2591987.629, 91
Trd, 2591988.613, 98
Trd, 2591989.196, 96
Trd, 2591989.263, 98
Trd, 2591989.846, 97
Trd, 2591989.929, 98
Trd, 2591990.196, 95
Trd, 2591990.913, 100
Trd, 2591990.946, 101
Trd, 2591991.763, 103
Trd, 2591992.413, 88
Trd, 2591993.896, 102
Trd, 2591994.763, 93
Trd, 2591995.196, 98
Trd, 2591995.963, 97
Trd, 2591997.096, 97
Trd, 2591997.463, 91
Trd, 2591997.779, 87
Trd, 2591998.263, 94
Trd, 2591999.329, 91
