Trd, 2590687.413, 109
Trd, 2590688.713, 102
Trd, 2590689.646, 101
Trd, 2590690.013, 96
Trd, 2590690.379, 109
Trd, 2590691.129, 117
Trd, 2590691.263, 98
Trd, 2590693.313, 101
Trd, 2590694.229, 100
Trd, 2590694.246, 102
Trd, 2590695.079, 102
Trd, 2590695.463, 107
Trd, 2590696.446, 98
Trd, 2590696.563, 94
Trd, 2590696.579, 91
Trd, 2590696.646, 106
Trd, 2590696.829, 118
Trd, 2590697.429, 87
Trd, 2590698.379, 86
Trd, 2590698.546, 85
Trd, 2590699.029, 87
Trd, 2590699.813, 110
Trd, 2590700.113, 91
Trd, 2590701.529, 117
Trd, 2590702.113, 122
Trd, 2590702.196, 101
Trd, 2590702.363, 125
Trd, 2590702.929, 132
Trd, 2590703.346, 134
Trd, 2590704.146, 116
Trd, 2590704.363, 112
Trd, 2590704.796, 92
Trd, 2590704.979, 91
Trd, 2590705.846, 94
Trd, 2590706.146, 84
Trd, 2590707.229, 112
Trd, 2590707.713, 119
Trd, 2590710.179, 101
Trd, 2590710.229, 104
Trd, 2590711.296, 115
Trd, 2590712.529, 104
Trd, 2590713.013, 102
Trd, 2590713.179, 98
Trd, 2590715.513, 101
Trd, 2590715.563, 104
Trd, 2590715.863, 106
Trd, 2590715.979, 107
Trd, 2590716.013, 101
Trd, 2590716.146, 100
Trd, 2590716.213, 112
Trd, 2590717.813, 102
Trd, 2590718.329, 102
Trd, 2590718.396, 118
Trd, 2590719.496, 101
Trd, 2590719.746, 98
Trd, 2590720.079, 121
Trd, 2590720.463, 94
Trd, 2590723.863, 94
Trd, 2590724.729, 93
Trd, 2590724.746, 91
Trd, 2590724.863, 98
Trd, 2590724.979, 84
Trd, 2590725.013, 99
Trd, 2590725.213, 101
Trd, 2590725.496, 109
Trd, 2590725.529, 110
Trd, 2590725.646, 105
Trd, 2590726.479, 112
Trd, 2590726.513, 114
Trd, 2590727.063, 118
Trd, 2590727.329, 97
Trd, 2590727.879, 122
Trd, 2590728.279, 94
Trd, 2590731.429, 114
Trd, 2590731.846, 114
Trd, 2590732.096, 114
Trd, 2590732.229, 107
Trd, 2590733.613, 100
Trd, 2590733.629, 98
Trd, 2590734.146, 106
Trd, 2590734.479, 95
Trd, 2590736.829, 107
Trd, 2590737.563, 102
Trd, 2590737.679, 102
Trd, 2590738.029, 109
Trd, 2590738.063, 97
Trd, 2590738.763, 96
Trd, 2590738.829, 94
Trd, 2590740.896, 104
Trd, 2590741.796, 111
Trd, 2590742.296, 111
Trd, 2590743.063, 111
Trd, 2590743.746, 116
Trd, 2590744.279, 118
Trd, 2590744.713, 121
Trd, 2590745.529, 109
Trd, 2590745.629, 107
Trd, 2590745.863, 108
Trd, 2590747.113, 105
Trd, 2590747.213, 91
Trd, 2590748.213, 110
Trd, 2590748.263, 96
Trd, 2590748.329, 95
Trd, 2590748.413, 94
Trd, 2590748.946, 87
Trd, 2590750.396, 120
Trd, 2590751.896, 116
Trd, 2590752.329, 112
Trd, 2590752.979, 106
Trd, 2590753.713, 105
Trd, 2590753.813, 118
Trd, 2590754.496, 105
Trd, 2590754.663, 101
Trd, 2590757.713, 103
Trd, 2590757.813, 104
Trd, 2590758.213, 107
Trd, 2590758.379, 109
Trd, 2590758.446, 98
Trd, 2590758.563, 117
Trd, 2590758.879, 117
Trd, 2590759.596, 99
Trd, 2590760.029, 95
Trd, 2590760.129, 94
Trd, 2590760.563, 101
Trd, 2590761.146, 91
Trd, 2590761.579, 87
Trd, 2590763.329, 112
Trd, 2590764.446, 101
Trd, 2590765.429, 96
Trd, 2590767.113, 106
Trd, 2590768.146, 94
Trd, 2590768.296, 111
Trd, 2590768.379, 87
Trd, 2590769.196, 101
Trd, 2590769.429, 111
Trd, 2590769.596, 112
Trd, 2590770.129, 118
Trd, 2590770.579, 116
Trd, 2590770.846, 119
Trd, 2590770.963, 100
Trd, 2590771.179, 93
Trd, 2590772.196, 106
Trd, 2590772.746, 97
Trd, 2590774.396, 100
Trd, 2590774.496, 108
Trd, 2590774.529, 98
Trd, 2590775.246, 91
Trd, 2590776.363, 91
Trd, 2590777.146, 100
Trd, 2590777.429, 102
Trd, 2590777.779, 112
Trd, 2590777.963, 117
Trd, 2590779.229, 104
Trd, 2590779.479, 118
Trd, 2590779.496, 103
Trd, 2590779.579, 101
Trd, 2590779.679, 98
Trd, 2590781.229, 108
Trd, 2590782.313, 112
Trd, 2590783.113, 96
Trd, 2590784.596, 100
Trd, 2590785.679, 108
Trd, 2590786.713, 113
Trd, 2590786.863, 114
Trd, 2590788.263, 111
Trd, 2590788.346, 110
Trd, 2590789.029, 101
Trd, 2590790.346, 116
Trd, 2590790.479, 101
Trd, 2590790.596, 98
Trd, 2590790.946, 88
Trd, 2590791.113, 106
Trd, 2590791.163, 94
Trd, 2590792.463, 90
Trd, 2590792.846, 92
Trd, 2590793.079, 91
Trd, 2590793.196, 96
Trd, 2590793.296, 88
Trd, 2590795.213, 94
Trd, 2590795.229, 112
Trd, 2590795.446, 92
Trd, 2590796.729, 92
Trd, 2590796.763, 105
Trd, 2590797.229, 91
Trd, 2590798.429, 110
Trd, 2590799.046, 100
Trd, 2590799.479, 107
Trd, 2590799.813, 104
Trd, 2590800.463, 95
Trd, 2590800.946, 110
Trd, 2590801.179, 110
Trd, 2590801.546, 98
Trd, 2590802.429, 90
Trd, 2590802.446, 87
Trd, 2590802.829, 118
Trd, 2590804.146, 114
Trd, 2590805.613, 114
Trd, 2590806.813, 115
Trd, 2590806.896, 114
Trd, 2590807.579, 112
Trd, 2590808.029, 111
Trd, 2590808.229, 111
Trd, 2590809.029, 103
Trd, 2590811.146, 102
Trd, 2590811.596, 99
Trd, 2590811.879, 98
Trd, 2590812.829, 94
Trd, 2590812.979, 99
Trd, 2590813.046, 100
Trd, 2590813.429, 101
Trd, 2590813.779, 89
Trd, 2590814.363, 85
Trd, 2590814.946, 88
Trd, 2590815.263, 108
Trd, 2590816.363, 87
Trd, 2590816.396, 105
Trd, 2590816.613, 112
Trd, 2590817.029, 103
Trd, 2590818.013, 89
Trd, 2590818.413, 117
Trd, 2590818.679, 118
Trd, 2590820.263, 109
Trd, 2590822.629, 115
Trd, 2590823.729, 116
Trd, 2590824.063, 117
Trd, 2590824.096, 118
Trd, 2590824.413, 117
Trd, 2590824.846, 115
Trd, 2590825.163, 112
Trd, 2590825.746, 84
Trd, 2590826.046, 101
Trd, 2590827.246, 87
Trd, 2590827.529, 104
Trd, 2590827.779, 85
Trd, 2590828.096, 84
Trd, 2590828.563, 91
Trd, 2590829.046, 109
Trd, 2590832.129, 114
Trd, 2590832.646, 100
Trd, 2590832.663, 99
Trd, 2590833.013, 98
Trd, 2590833.279, 94
Trd, 2590833.596, 90
Trd, 2590834.363, 114
Trd, 2590834.513, 87
Trd, 2590835.146, 81
Trd, 2590835.413, 114
Trd, 2590838.063, 106
Trd, 2590839.229, 107
Trd, 2590839.646, 108
Trd, 2590839.679, 107
Trd, 2590840.013, 112
Trd, 2590840.746, 117
Trd, 2590841.313, 113
Trd, 2590841.413, 112
Trd, 2590841.579, 107
Trd, 2590841.679, 100
Trd, 2590842.529, 111
Trd, 2590842.579, 113
Trd, 2590842.863, 115
Trd, 2590844.529, 95
Trd, 2590844.879, 94
Trd, 2590845.029, 113
Trd, 2590845.463, 118
Trd, 2590846.363, 86
Trd, 2590846.929, 84
Trd, 2590847.713, 81
Trd, 2590849.379, 103
Trd, 2590849.446, 101
Trd, 2590850.429, 103
Trd, 2590851.213, 86
Trd, 2590851.813, 106
Trd, 2590853.296, 108
Trd, 2590853.896, 112
Trd, 2590854.313, 101
Trd, 2590854.896, 100
Trd, 2590855.263, 100
Trd, 2590855.579, 100
Trd, 2590856.096, 100
Trd, 2590856.313, 100
Trd, 2590857.513, 107
Trd, 2590858.263, 101
Trd, 2590858.329, 101
Trd, 2590859.296, 111
Trd, 2590859.429, 100
Trd, 2590859.996, 112
Trd, 2590860.329, 98
Trd, 2590860.496, 118
Trd, 2590863.196, 96
Trd, 2590864.229, 95
Trd, 2590864.579, 102
Trd, 2590865.029, 100
Trd, 2590865.496, 101
Trd, 2590865.863, 99
Trd, 2590866.446, 99
Trd, 2590867.396, 91
Trd, 2590868.213, 91
Trd, 2590868.929, 87
Trd, 2590869.429, 99
Trd, 2590870.029, 101
Trd, 2590870.063, 106
Trd, 2590870.163, 86
Trd, 2590870.479, 110
Trd, 2590870.679, 112
Trd, 2590871.896, 87
Trd, 2590872.329, 87
Trd, 2590872.696, 101
Trd, 2590873.279, 101
Trd, 2590873.346, 118
Trd, 2590873.496, 118
Trd, 2590873.896, 100
Trd, 2590875.813, 109
Trd, 2590876.129, 94
Trd, 2590876.763, 119
Trd, 2590876.829, 118
Trd, 2590877.096, 92
Trd, 2590877.313, 91
Trd, 2590877.929, 101
Trd, 2590879.746, 103
Trd, 2590880.279, 87
Trd, 2590880.896, 103
Trd, 2590882.479, 100
Trd, 2590883.246, 109
Trd, 2590883.296, 94
Trd, 2590883.529, 112
Trd, 2590883.779, 113
Trd, 2590883.996, 89
Trd, 2590884.679, 88
Trd, 2590884.979, 117
Trd, 2590885.396, 89
Trd, 2590885.813, 87
Trd, 2590886.829, 87
Trd, 2590888.013, 111
Trd, 2590888.096, 89
Trd, 2590888.529, 112
Trd, 2590890.929, 102
Trd, 2590891.463, 110
Trd, 2590892.596, 103
Trd, 2590892.863, 112
Trd, 2590894.963, 111
Trd, 2590895.379, 111
Trd, 2590895.679, 104
Trd, 2590895.863, 115
Trd, 2590896.479, 114
Trd, 2590897.163, 116
Trd, 2590897.213, 100
Trd, 2590897.996, 110
Trd, 2590899.613, 99
Trd, 2590899.629, 98
Trd, 2590899.846, 103
Trd, 2590899.879, 105
Trd, 2590900.179, 109
Trd, 2590900.196, 94
Trd, 2590900.796, 103
Trd, 2590901.179, 89
Trd, 2590901.463, 112
Trd, 2590901.829, 90
Trd, 2590902.246, 90
Trd, 2590904.196, 113
Trd, 2590905.829, 122
Trd, 2590906.279, 121
Trd, 2590906.546, 112
Trd, 2590907.313, 109
Trd, 2590907.879, 105
Trd, 2590908.329, 115
Trd, 2590909.096, 100
Trd, 2590909.746, 105
Trd, 2590910.196, 98
Trd, 2590910.879, 106
Trd, 2590912.396, 102
Trd, 2590912.496, 96
Trd, 2590913.929, 103
Trd, 2590914.413, 96
Trd, 2590914.713, 110
Trd, 2590915.029, 112
Trd, 2590915.646, 118
Trd, 2590915.829, 101
Trd, 2590915.846, 100
Trd, 2590916.963, 103
Trd, 2590917.296, 102
Trd, 2590918.046, 95
Trd, 2590918.463, 93
Trd, 2590918.646, 90
Trd, 2590920.046, 102
Trd, 2590920.796, 103
Trd, 2590921.063, 101
Trd, 2590921.196, 105
Trd, 2590922.946, 102
Trd, 2590924.146, 103
Trd, 2590924.879, 105
Trd, 2590925.113, 101
Trd, 2590925.663, 99
Trd, 2590926.013, 98
Trd, 2590927.296, 89
Trd, 2590928.163, 89
Trd, 2590928.529, 100
Trd, 2590928.596, 90
Trd, 2590928.746, 87
Trd, 2590929.263, 102
Trd, 2590930.263, 98
Trd, 2590930.363, 94
Trd, 2590930.463, 105
Trd, 2590930.646, 112
Trd, 2590930.663, 114
Trd, 2590932.896, 111
Trd, 2590933.913, 111
Trd, 2590934.096, 88
Trd, 2590934.479, 94
Trd, 2590934.829, 105
Trd, 2590936.496, 107
Trd, 2590937.596, 112
Trd, 2590937.829, 106
Trd, 2590937.846, 105
Trd, 2590937.863, 116
Trd, 2590938.246, 115
Trd, 2590938.263, 106
Trd, 2590938.763, 101
Trd, 2590938.863, 118
Trd, 2590939.679, 121
Trd, 2590940.413, 93
Trd, 2590941.913, 108
Trd, 2590942.029, 107
Trd, 2590942.279, 111
Trd, 2590943.613, 118
Trd, 2590944.029, 87
Trd, 2590944.596, 117
Trd, 2590945.846, 112
Trd, 2590946.646, 92
Trd, 2590946.929, 91
Trd, 2590947.813, 93
Trd, 2590948.346, 94
Trd, 2590948.913, 88
Trd, 2590950.246, 103
Trd, 2590950.696, 105
Trd, 2590950.879, 109
Trd, 2590951.196, 103
Trd, 2590952.113, 104
Trd, 2590952.179, 103
Trd, 2590952.363, 108
Trd, 2590952.513, 101
Trd, 2590952.729, 94
Trd, 2590953.013, 110
Trd, 2590953.663, 100
Trd, 2590954.013, 91
Trd, 2590955.179, 120
Trd, 2590955.579, 112
Trd, 2590955.829, 86
Trd, 2590956.429, 86
Trd, 2590957.046, 85
Trd, 2590957.196, 104
Trd, 2590959.246, 104
Trd, 2590960.279, 107
Trd, 2590961.413, 103
Trd, 2590961.946, 97
Trd, 2590963.813, 103
Trd, 2590964.679, 109
Trd, 2590964.896, 105
Trd, 2590965.179, 104
Trd, 2590965.779, 111
Trd, 2590965.979, 101
Trd, 2590966.513, 109
Trd, 2590967.613, 110
Trd, 2590967.863, 112
Trd, 2590968.763, 118
Trd, 2590969.079, 118
Trd, 2590969.563, 122
Trd, 2590971.013, 102
Trd, 2590971.896, 104
Trd, 2590972.179, 106
Trd, 2590972.879, 121
Trd, 2590972.929, 101
Trd, 2590973.663, 125
Trd, 2590973.779, 132
Trd, 2590974.296, 122
Trd, 2590975.046, 99
Trd, 2590976.279, 100
Trd, 2590978.029, 98
Trd, 2590978.113, 94
Trd, 2590978.646, 99
Trd, 2590979.429, 95
Trd, 2590980.346, 98
Trd, 2590980.563, 95
Trd, 2590980.663, 99
Trd, 2590980.679, 101
Trd, 2590980.763, 95
Trd, 2590980.829, 94
Trd, 2590981.213, 105
Trd, 2590981.879, 87
Trd, 2590981.963, 90
Trd, 2590982.463, 84
Trd, 2590982.529, 77
Trd, 2590983.446, 93
Trd, 2590983.546, 97
Trd, 2590984.213, 100
Trd, 2590984.629, 84
Trd, 2590984.679, 101
Trd, 2590985.646, 95
Trd, 2590986.229, 112
Trd, 2590989.146, 87
Trd, 2590989.396, 108
Trd, 2590989.596, 88
Trd, 2590989.646, 109
Trd, 2590990.729, 105
Trd, 2590991.046, 87
Trd, 2590991.329, 106
Trd, 2590991.696, 82
Trd, 2590993.296, 106
Trd, 2590993.729, 94
Trd, 2590993.879, 89
Trd, 2590994.079, 107
Trd, 2590994.446, 105
Trd, 2590995.113, 107
Trd, 2590995.629, 106
Trd, 2590996.113, 109
Trd, 2590996.979, 101
Trd, 2590998.663, 102
Trd, 2591000.796, 102
Trd, 2591001.479, 98
Trd, 2591001.696, 104
Trd, 2591002.029, 105
Trd, 2591002.096, 110
Trd, 2591002.213, 112
Trd, 2591003.013, 118
Trd, 2591003.213, 98
Trd, 2591003.279, 122
Trd, 2591005.363, 102
Trd, 2591006.246, 104
Trd, 2591006.529, 104
Trd, 2591006.629, 103
Trd, 2591006.829, 90
Trd, 2591007.229, 87
Trd, 2591007.629, 106
Trd, 2591007.829, 78
Trd, 2591007.846, 76
Trd, 2591008.596, 72
Trd, 2591009.096, 110
Trd, 2591011.379, 111
Trd, 2591012.063, 111
Trd, 2591012.679, 112
Trd, 2591012.763, 103
Trd, 2591013.079, 101
Trd, 2591013.296, 92
Trd, 2591014.496, 113
Trd, 2591014.829, 112
Trd, 2591016.579, 101
Trd, 2591017.379, 84
Trd, 2591018.129, 81
Trd, 2591018.446, 93
Trd, 2591019.079, 104
Trd, 2591020.263, 100
Trd, 2591020.379, 102
Trd, 2591021.396, 105
Trd, 2591023.613, 107
Trd, 2591023.629, 108
Trd, 2591023.663, 106
Trd, 2591024.063, 103
Trd, 2591024.813, 94
Trd, 2591024.829, 106
Trd, 2591024.929, 92
Trd, 2591025.329, 108
Trd, 2591026.279, 112
Trd, 2591026.496, 118
Trd, 2591027.063, 120
Trd, 2591027.263, 94
Trd, 2591027.496, 122
Trd, 2591027.879, 101
Trd, 2591027.929, 98
Trd, 2591029.579, 89
Trd, 2591029.896, 103
Trd, 2591030.829, 98
Trd, 2591032.446, 105
Trd, 2591032.529, 104
Trd, 2591032.679, 102
Trd, 2591033.246, 98
Trd, 2591034.479, 101
Trd, 2591034.996, 97
Trd, 2591035.313, 96
Trd, 2591035.513, 94
Trd, 2591035.679, 91
Trd, 2591035.796, 101
Trd, 2591035.813, 103
Trd, 2591036.413, 119
Trd, 2591037.029, 118
Trd, 2591040.146, 101
Trd, 2591040.196, 90
Trd, 2591041.146, 108
Trd, 2591041.479, 91
Trd, 2591042.029, 91
Trd, 2591042.163, 112
Trd, 2591042.279, 118
Trd, 2591042.779, 92
Trd, 2591044.563, 104
Trd, 2591044.596, 91
Trd, 2591045.479, 95
Trd, 2591045.946, 95
Trd, 2591047.479, 96
Trd, 2591047.579, 97
Trd, 2591047.679, 98
Trd, 2591047.896, 104
Trd, 2591048.396, 103
Trd, 2591048.746, 118
Trd, 2591049.379, 100
Trd, 2591049.829, 98
Trd, 2591051.229, 105
Trd, 2591051.696, 98
Trd, 2591051.879, 112
Trd, 2591051.913, 94
Trd, 2591052.496, 91
Trd, 2591052.963, 120
Trd, 2591053.246, 87
Trd, 2591054.563, 84
Trd, 2591054.879, 103
Trd, 2591055.696, 82
Trd, 2591057.746, 85
Trd, 2591057.996, 87
Trd, 2591058.296, 84
Trd, 2591060.163, 103
Trd, 2591060.246, 104
Trd, 2591060.429, 99
Trd, 2591060.646, 105
Trd, 2591060.846, 99
Trd, 2591061.429, 105
Trd, 2591061.796, 103
Trd, 2591062.046, 102
Trd, 2591063.829, 101
Trd, 2591064.979, 105
Trd, 2591065.313, 100
Trd, 2591065.463, 96
Trd, 2591066.796, 97
Trd, 2591066.813, 96
Trd, 2591066.929, 95
Trd, 2591068.796, 103
Trd, 2591068.863, 106
Trd, 2591069.196, 111
Trd, 2591069.346, 98
Trd, 2591069.446, 118
Trd, 2591070.963, 119
Trd, 2591071.163, 106
Trd, 2591072.446, 106
Trd, 2591073.313, 99
Trd, 2591073.413, 98
Trd, 2591073.729, 98
Trd, 2591074.096, 113
Trd, 2591074.163, 118
Trd, 2591074.779, 102
Trd, 2591075.746, 101
Trd, 2591076.413, 115
Trd, 2591077.063, 116
Trd, 2591078.263, 113
Trd, 2591079.296, 101
Trd, 2591079.713, 112
Trd, 2591080.646, 91
Trd, 2591080.729, 116
Trd, 2591081.563, 111
Trd, 2591081.913, 84
Trd, 2591082.963, 107
Trd, 2591083.096, 94
Trd, 2591083.196, 122
Trd, 2591083.813, 124
Trd, 2591084.063, 93
Trd, 2591084.663, 101
Trd, 2591086.529, 95
Trd, 2591086.879, 93
Trd, 2591088.463, 101
Trd, 2591088.546, 101
Trd, 2591088.596, 106
Trd, 2591088.646, 108
Trd, 2591089.329, 96
Trd, 2591090.479, 115
Trd, 2591090.696, 116
Trd, 2591091.263, 94
Trd, 2591091.346, 100
Trd, 2591091.546, 89
Trd, 2591093.896, 101
Trd, 2591095.346, 93
Trd, 2591096.029, 95
Trd, 2591096.546, 96
Trd, 2591097.146, 109
Trd, 2591097.313, 101
Trd, 2591097.429, 106
Trd, 2591097.713, 99
Trd, 2591098.546, 111
Trd, 2591098.679, 112
Trd, 2591099.079, 98
Trd, 2591100.996, 100
Trd, 2591102.129, 103
Trd, 2591102.196, 100
Trd, 2591102.463, 104
Trd, 2591103.379, 96
Trd, 2591103.863, 95
Trd, 2591104.179, 105
Trd, 2591105.479, 95
Trd, 2591106.196, 118
Trd, 2591106.329, 121
Trd, 2591107.413, 114
Trd, 2591107.663, 114
Trd, 2591108.229, 113
Trd, 2591108.396, 112
Trd, 2591108.696, 94
Trd, 2591109.596, 115
Trd, 2591110.079, 91
Trd, 2591110.163, 114
Trd, 2591110.179, 122
Trd, 2591111.796, 95
Trd, 2591112.313, 121
Trd, 2591113.779, 119
Trd, 2591114.046, 118
Trd, 2591114.129, 118
Trd, 2591114.479, 125
Trd, 2591115.129, 115
Trd, 2591115.496, 101
Trd, 2591115.713, 90
Trd, 2591115.913, 93
Trd, 2591116.696, 103
Trd, 2591117.263, 91
Trd, 2591117.479, 88
Trd, 2591118.146, 88
Trd, 2591119.079, 105
Trd, 2591119.963, 88
Trd, 2591120.379, 87
Trd, 2591122.513, 89
Trd, 2591122.579, 91
Trd, 2591123.063, 103
Trd, 2591123.146, 107
Trd, 2591123.729, 103
Trd, 2591124.929, 102
Trd, 2591126.179, 102
Trd, 2591127.596, 91
Trd, 2591127.696, 101
Trd, 2591128.796, 88
Trd, 2591128.879, 87
Trd, 2591128.996, 102
Trd, 2591130.529, 85
Trd, 2591131.013, 109
Trd, 2591131.396, 87
Trd, 2591131.463, 84
Trd, 2591131.796, 81
Trd, 2591131.863, 109
Trd, 2591132.496, 101
Trd, 2591132.696, 112
Trd, 2591135.463, 94
Trd, 2591136.896, 99
Trd, 2591136.929, 94
Trd, 2591137.679, 93
Trd, 2591137.829, 101
Trd, 2591137.913, 118
Trd, 2591138.129, 122
Trd, 2591139.029, 120
Trd, 2591139.546, 119
Trd, 2591139.613, 117
Trd, 2591140.679, 100
Trd, 2591142.029, 100
Trd, 2591142.096, 115
Trd, 2591142.429, 98
Trd, 2591142.663, 90
Trd, 2591142.963, 112
Trd, 2591143.029, 112
Trd, 2591143.996, 88
Trd, 2591145.079, 102
Trd, 2591145.596, 90
Trd, 2591147.429, 106
Trd, 2591148.196, 94
Trd, 2591148.596, 105
Trd, 2591148.879, 108
Trd, 2591148.996, 89
Trd, 2591149.779, 88
Trd, 2591149.846, 115
Trd, 2591150.429, 91
Trd, 2591150.696, 112
Trd, 2591151.129, 107
Trd, 2591151.529, 113
Trd, 2591152.413, 116
Trd, 2591152.929, 118
Trd, 2591154.179, 122
Trd, 2591155.379, 124
Trd, 2591155.413, 122
Trd, 2591155.713, 107
Trd, 2591156.246, 108
Trd, 2591157.063, 106
Trd, 2591157.813, 107
Trd, 2591158.113, 105
Trd, 2591158.463, 98
Trd, 2591159.163, 98
Trd, 2591159.313, 107
Trd, 2591160.296, 94
Trd, 2591161.296, 90
Trd, 2591162.579, 91
Trd, 2591163.079, 97
Trd, 2591163.396, 87
Trd, 2591163.763, 97
Trd, 2591164.213, 98
Trd, 2591165.079, 112
Trd, 2591166.879, 105
Trd, 2591167.429, 109
Trd, 2591167.613, 110
Trd, 2591167.979, 105
Trd, 2591169.063, 117
Trd, 2591169.829, 108
Trd, 2591169.863, 118
Trd, 2591169.979, 105
Trd, 2591170.479, 101
Trd, 2591171.229, 119
Trd, 2591171.379, 99
Trd, 2591171.563, 103
Trd, 2591171.646, 98
Trd, 2591172.829, 94
Trd, 2591172.946, 116
Trd, 2591173.963, 94
Trd, 2591174.596, 91
Trd, 2591175.879, 96
Trd, 2591176.196, 95
Trd, 2591177.729, 103
Trd, 2591177.829, 105
Trd, 2591179.046, 104
Trd, 2591179.463, 98
Trd, 2591181.463, 105
Trd, 2591182.246, 104
Trd, 2591182.529, 104
Trd, 2591182.563, 103
Trd, 2591183.329, 112
Trd, 2591184.146, 109
Trd, 2591185.279, 103
Trd, 2591185.579, 116
Trd, 2591185.596, 118
Trd, 2591185.729, 109
Trd, 2591186.413, 124
Trd, 2591186.979, 95
Trd, 2591188.913, 96
Trd, 2591189.579, 108
Trd, 2591190.129, 102
Trd, 2591190.713, 101
Trd, 2591191.013, 117
Trd, 2591191.146, 94
Trd, 2591191.429, 86
Trd, 2591192.663, 105
Trd, 2591193.163, 109
Trd, 2591193.913, 91
Trd, 2591194.146, 89
Trd, 2591194.413, 112
Trd, 2591195.513, 89
Trd, 2591196.296, 87
Trd, 2591197.546, 107
Trd, 2591197.996, 96
Trd, 2591198.846, 99
Trd, 2591199.413, 98
Trd, 2591199.796, 102
Trd, 2591200.596, 107
Trd, 2591201.079, 105
Trd, 2591201.113, 96
Trd, 2591201.196, 94
Trd, 2591201.596, 87
Trd, 2591201.929, 102
Trd, 2591202.546, 108
Trd, 2591202.863, 100
Trd, 2591202.879, 112
Trd, 2591203.579, 101
Trd, 2591203.713, 84
Trd, 2591203.846, 81
Trd, 2591205.046, 118
Trd, 2591205.729, 114
Trd, 2591205.846, 105
Trd, 2591207.613, 119
Trd, 2591208.596, 118
Trd, 2591209.479, 101
Trd, 2591210.113, 100
Trd, 2591210.246, 98
Trd, 2591211.046, 100
Trd, 2591211.929, 99
Trd, 2591212.163, 101
Trd, 2591212.429, 104
Trd, 2591212.563, 106
Trd, 2591212.963, 118
Trd, 2591214.846, 124
Trd, 2591216.446, 114
Trd, 2591216.563, 113
Trd, 2591217.046, 112
Trd, 2591217.113, 101
Trd, 2591217.179, 112
Trd, 2591217.413, 100
Trd, 2591218.929, 93
Trd, 2591218.963, 88
Trd, 2591219.396, 85
Trd, 2591219.713, 111
Trd, 2591219.996, 88
Trd, 2591222.063, 86
Trd, 2591222.613, 86
Trd, 2591223.046, 86
Trd, 2591223.296, 84
Trd, 2591223.546, 81
Trd, 2591223.929, 88
Trd, 2591225.379, 77
Trd, 2591225.479, 92
Trd, 2591226.763, 106
Trd, 2591226.863, 92
Trd, 2591228.463, 111
Trd, 2591228.929, 112
Trd, 2591229.596, 113
Trd, 2591229.763, 122
Trd, 2591230.063, 113
Trd, 2591231.329, 116
Trd, 2591232.279, 112
Trd, 2591232.729, 109
Trd, 2591232.979, 108
Trd, 2591233.079, 103
Trd, 2591233.396, 102
Trd, 2591233.413, 101
Trd, 2591233.713, 116
Trd, 2591234.813, 116
Trd, 2591236.196, 118
Trd, 2591236.346, 121
Trd, 2591237.013, 120
Trd, 2591237.346, 100
Trd, 2591238.946, 102
Trd, 2591238.963, 106
Trd, 2591239.713, 94
Trd, 2591240.429, 93
Trd, 2591241.363, 94
Trd, 2591241.929, 100
Trd, 2591242.263, 101
Trd, 2591243.096, 112
Trd, 2591243.913, 101
Trd, 2591245.246, 102
Trd, 2591245.813, 109
Trd, 2591246.113, 98
Trd, 2591246.463, 120
Trd, 2591246.629, 102
Trd, 2591248.063, 111
Trd, 2591248.163, 118
Trd, 2591248.346, 119
Trd, 2591248.746, 112
Trd, 2591248.779, 101
Trd, 2591249.929, 93
Trd, 2591250.063, 107
Trd, 2591250.179, 91
Trd, 2591250.679, 87
Trd, 2591251.779, 113
Trd, 2591252.179, 122
Trd, 2591252.246, 112
Trd, 2591252.596, 129
Trd, 2591252.679, 86
Trd, 2591254.163, 96
Trd, 2591257.296, 103
Trd, 2591257.313, 106
Trd, 2591259.179, 107
Trd, 2591259.279, 104
Trd, 2591259.929, 96
Trd, 2591260.263, 94
Trd, 2591260.296, 106
Trd, 2591260.379, 90
Trd, 2591261.129, 104
Trd, 2591261.429, 87
Trd, 2591261.696, 107
Trd, 2591261.796, 110
Trd, 2591263.013, 112
Trd, 2591263.529, 90
Trd, 2591263.646, 90
Trd, 2591264.063, 89
Trd, 2591265.296, 90
Trd, 2591265.629, 87
Trd, 2591265.713, 84
Trd, 2591266.296, 107
Trd, 2591267.546, 93
Trd, 2591268.379, 109
Trd, 2591269.263, 109
Trd, 2591269.429, 108
Trd, 2591269.479, 90
Trd, 2591270.529, 100
Trd, 2591270.646, 101
Trd, 2591271.229, 113
Trd, 2591272.463, 114
Trd, 2591272.796, 94
Trd, 2591273.629, 91
Trd, 2591273.779, 114
Trd, 2591274.113, 114
Trd, 2591274.396, 87
Trd, 2591275.646, 97
Trd, 2591276.279, 96
Trd, 2591277.813, 102
Trd, 2591277.896, 118
Trd, 2591278.163, 95
Trd, 2591278.863, 93
Trd, 2591279.029, 105
Trd, 2591279.713, 105
Trd, 2591280.029, 106
Trd, 2591281.663, 110
Trd, 2591281.763, 104
Trd, 2591281.913, 101
Trd, 2591282.529, 112
Trd, 2591284.096, 96
Trd, 2591285.313, 97
Trd, 2591286.529, 104
Trd, 2591287.129, 99
Trd, 2591287.429, 101
Trd, 2591288.196, 98
Trd, 2591288.213, 102
Trd, 2591288.329, 108
Trd, 2591289.813, 93
Trd, 2591289.913, 102
Trd, 2591290.329, 103
Trd, 2591291.263, 104
Trd, 2591291.296, 93
Trd, 2591291.629, 92
Trd, 2591291.946, 107
Trd, 2591294.196, 101
Trd, 2591294.313, 105
Trd, 2591294.629, 102
Trd, 2591295.479, 98
Trd, 2591295.596, 94
Trd, 2591295.763, 89
Trd, 2591296.863, 108
Trd, 2591296.996, 87
Trd, 2591297.313, 84
Trd, 2591297.363, 112
Trd, 2591298.429, 84
Trd, 2591299.129, 87
Trd, 2591299.979, 87
Trd, 2591300.163, 104
Trd, 2591300.413, 103
Trd, 2591302.013, 104
Trd, 2591303.313, 105
Trd, 2591304.163, 107
Trd, 2591305.013, 106
Trd, 2591305.313, 105
Trd, 2591305.513, 107
Trd, 2591305.663, 106
Trd, 2591305.946, 106
Trd, 2591306.746, 106
Trd, 2591307.529, 101
Trd, 2591307.946, 98
Trd, 2591308.629, 94
Trd, 2591309.346, 105
Trd, 2591310.246, 109
Trd, 2591311.046, 96
Trd, 2591311.529, 105
Trd, 2591311.629, 95
Trd, 2591311.746, 106
Trd, 2591312.513, 112
Trd, 2591312.663, 118
Trd, 2591313.846, 119
Trd, 2591314.096, 118
Trd, 2591314.663, 91
Trd, 2591314.963, 108
Trd, 2591315.246, 120
Trd, 2591315.796, 87
Trd, 2591318.263, 98
Trd, 2591318.346, 100
Trd, 2591318.813, 96
Trd, 2591319.363, 99
Trd, 2591319.729, 99
Trd, 2591320.629, 101
Trd, 2591321.496, 105
Trd, 2591322.113, 112
Trd, 2591322.513, 118
Trd, 2591322.996, 107
Trd, 2591324.463, 105
Trd, 2591325.113, 101
Trd, 2591325.279, 108
Trd, 2591326.546, 98
Trd, 2591327.396, 99
Trd, 2591327.679, 94
Trd, 2591328.329, 105
Trd, 2591328.779, 92
Trd, 2591329.363, 91
Trd, 2591329.479, 109
Trd, 2591329.763, 112
Trd, 2591330.529, 108
Trd, 2591331.946, 91
Trd, 2591332.446, 98
Trd, 2591333.913, 92
Trd, 2591334.113, 96
Trd, 2591334.963, 96
Trd, 2591336.096, 101
Trd, 2591336.113, 96
Trd, 2591336.513, 107
Trd, 2591337.079, 107
Trd, 2591337.179, 111
Trd, 2591337.529, 112
Trd, 2591337.779, 101
Trd, 2591338.746, 103
Trd, 2591339.463, 103
Trd, 2591340.463, 112
Trd, 2591341.746, 109
Trd, 2591342.296, 110
Trd, 2591342.679, 108
Trd, 2591343.163, 115
Trd, 2591345.263, 117
Trd, 2591345.363, 102
Trd, 2591346.413, 102
Trd, 2591346.846, 118
Trd, 2591347.879, 103
Trd, 2591348.563, 119
Trd, 2591349.913, 121
Trd, 2591350.863, 118
Trd, 2591351.029, 117
Trd, 2591351.213, 115
Trd, 2591351.513, 112
Trd, 2591351.963, 101
Trd, 2591352.279, 98
Trd, 2591352.446, 94
Trd, 2591352.696, 112
Trd, 2591352.913, 111
Trd, 2591353.046, 91
Trd, 2591353.146, 112
Trd, 2591354.196, 110
Trd, 2591354.579, 110
Trd, 2591355.413, 111
Trd, 2591356.846, 113
Trd, 2591356.879, 109
Trd, 2591357.763, 110
Trd, 2591358.029, 109
Trd, 2591358.329, 112
Trd, 2591358.529, 100
Trd, 2591359.846, 118
Trd, 2591360.329, 98
Trd, 2591360.646, 94
Trd, 2591361.263, 92
Trd, 2591361.496, 90
Trd, 2591363.596, 116
Trd, 2591363.896, 93
Trd, 2591365.279, 99
Trd, 2591365.863, 105
Trd, 2591366.129, 98
Trd, 2591366.596, 108
Trd, 2591366.613, 118
Trd, 2591367.729, 99
Trd, 2591368.446, 99
Trd, 2591368.846, 112
Trd, 2591369.213, 98
Trd, 2591369.613, 119
Trd, 2591370.929, 93
Trd, 2591371.446, 89
Trd, 2591372.113, 105
Trd, 2591372.963, 102
Trd, 2591373.246, 106
Trd, 2591374.179, 111
Trd, 2591374.579, 100
Trd, 2591374.696, 87
Trd, 2591375.346, 109
Trd, 2591375.796, 112
Trd, 2591378.296, 102
Trd, 2591378.779, 103
Trd, 2591378.829, 103
Trd, 2591379.013, 102
Trd, 2591379.113, 100
Trd, 2591379.213, 98
Trd, 2591379.529, 109
Trd, 2591380.346, 109
Trd, 2591381.246, 103
Trd, 2591381.429, 112
Trd, 2591381.446, 102
Trd, 2591381.479, 101
Trd, 2591382.896, 120
Trd, 2591383.313, 94
Trd, 2591384.279, 116
Trd, 2591384.379, 94
Trd, 2591384.946, 95
Trd, 2591386.046, 91
Trd, 2591386.713, 86
Trd, 2591386.863, 117
Trd, 2591387.579, 121
Trd, 2591388.279, 95
Trd, 2591389.746, 102
Trd, 2591389.963, 118
Trd, 2591390.746, 106
Trd, 2591391.229, 100
Trd, 2591391.779, 103
Trd, 2591393.363, 105
Trd, 2591393.929, 104
Trd, 2591394.429, 101
Trd, 2591396.763, 107
Trd, 2591396.846, 105
Trd, 2591397.029, 111
Trd, 2591397.163, 111
Trd, 2591397.279, 104
Trd, 2591397.479, 112
Trd, 2591397.896, 102
Trd, 2591398.163, 122
Trd, 2591398.263, 99
Trd, 2591398.463, 98
Trd, 2591398.813, 125
Trd, 2591399.829, 91
Trd, 2591400.113, 94
Trd, 2591400.963, 91
Trd, 2591401.629, 108
Trd, 2591402.079, 87
Trd, 2591402.713, 107
Trd, 2591402.963, 85
Trd, 2591404.013, 83
Trd, 2591404.913, 81
Trd, 2591406.446, 101
Trd, 2591406.696, 101
Trd, 2591406.829, 102
Trd, 2591407.446, 117
Trd, 2591407.963, 118
Trd, 2591409.229, 104
Trd, 2591409.246, 103
Trd, 2591409.646, 101
Trd, 2591410.179, 102
Trd, 2591410.613, 106
Trd, 2591410.913, 96
Trd, 2591411.413, 96
Trd, 2591411.863, 102
Trd, 2591412.279, 106
Trd, 2591413.396, 96
Trd, 2591414.846, 101
Trd, 2591414.929, 108
Trd, 2591415.113, 93
Trd, 2591415.496, 91
Trd, 2591416.196, 121
Trd, 2591416.913, 116
Trd, 2591417.696, 94
Trd, 2591418.296, 117
Trd, 2591419.096, 117
Trd, 2591419.163, 101
Trd, 2591419.229, 101
Trd, 2591420.713, 111
Trd, 2591421.463, 105
Trd, 2591421.963, 101
Trd, 2591423.346, 106
Trd, 2591424.996, 106
Trd, 2591425.329, 110
Trd, 2591425.879, 99
Trd, 2591427.646, 101
Trd, 2591427.763, 110
Trd, 2591429.146, 104
Trd, 2591429.246, 106
Trd, 2591430.063, 105
Trd, 2591430.179, 102
Trd, 2591430.313, 100
Trd, 2591430.563, 95
Trd, 2591431.029, 102
Trd, 2591431.146, 95
Trd, 2591431.913, 103
Trd, 2591432.263, 94
Trd, 2591432.463, 118
Trd, 2591433.179, 91
Trd, 2591435.179, 100
Trd, 2591435.613, 100
Trd, 2591435.713, 101
Trd, 2591435.729, 100
Trd, 2591436.429, 105
Trd, 2591436.963, 101
Trd, 2591437.279, 111
Trd, 2591437.813, 99
Trd, 2591438.313, 98
Trd, 2591438.646, 112
Trd, 2591440.029, 101
Trd, 2591440.263, 95
Trd, 2591441.746, 97
Trd, 2591441.779, 93
Trd, 2591443.013, 115
Trd, 2591443.363, 95
Trd, 2591443.713, 114
Trd, 2591444.446, 94
Trd, 2591445.813, 112
Trd, 2591445.996, 112
Trd, 2591446.079, 94
Trd, 2591446.413, 118
Trd, 2591447.146, 105
Trd, 2591447.263, 93
Trd, 2591449.196, 101
Trd, 2591449.446, 118
Trd, 2591450.529, 91
Trd, 2591451.179, 88
Trd, 2591452.296, 87
Trd, 2591454.079, 109
Trd, 2591454.179, 102
Trd, 2591454.979, 108
Trd, 2591455.579, 112
Trd, 2591456.213, 111
Trd, 2591456.646, 112
Trd, 2591456.879, 113
Trd, 2591456.946, 110
Trd, 2591457.213, 101
Trd, 2591457.229, 98
Trd, 2591457.729, 108
Trd, 2591458.263, 109
Trd, 2591458.913, 99
Trd, 2591459.546, 104
Trd, 2591460.196, 95
Trd, 2591461.113, 96
Trd, 2591462.479, 97
Trd, 2591463.079, 107
Trd, 2591463.179, 102
Trd, 2591464.046, 105
Trd, 2591464.096, 101
Trd, 2591465.329, 104
Trd, 2591465.663, 100
Trd, 2591465.829, 100
Trd, 2591466.296, 98
Trd, 2591466.846, 98
Trd, 2591467.629, 100
Trd, 2591467.663, 94
Trd, 2591467.963, 92
Trd, 2591468.829, 113
Trd, 2591470.163, 109
Trd, 2591471.279, 103
Trd, 2591471.763, 104
Trd, 2591472.363, 105
Trd, 2591472.663, 103
Trd, 2591473.379, 108
Trd, 2591473.613, 91
Trd, 2591473.696, 87
Trd, 2591475.313, 94
Trd, 2591475.346, 111
Trd, 2591476.029, 84
Trd, 2591476.179, 112
Trd, 2591477.196, 118
Trd, 2591478.563, 91
Trd, 2591478.629, 86
Trd, 2591479.613, 97
Trd, 2591480.713, 106
Trd, 2591482.496, 114
Trd, 2591482.629, 113
Trd, 2591483.113, 117
Trd, 2591483.163, 112
Trd, 2591483.346, 118
Trd, 2591483.579, 105
Trd, 2591483.763, 100
Trd, 2591484.196, 117
Trd, 2591485.396, 112
Trd, 2591485.479, 97
Trd, 2591486.029, 98
Trd, 2591486.346, 114
Trd, 2591486.879, 101
Trd, 2591487.046, 108
Trd, 2591488.963, 101
Trd, 2591490.129, 111
Trd, 2591490.463, 108
Trd, 2591490.513, 100
Trd, 2591491.946, 101
Trd, 2591492.429, 103
Trd, 2591493.029, 101
Trd, 2591493.296, 102
Trd, 2591495.746, 99
Trd, 2591495.963, 95
Trd, 2591496.063, 94
Trd, 2591496.263, 90
Trd, 2591496.596, 98
Trd, 2591496.896, 84
Trd, 2591497.013, 105
Trd, 2591497.729, 113
Trd, 2591498.046, 93
Trd, 2591498.346, 117
Trd, 2591499.579, 92
Trd, 2591499.713, 106
Trd, 2591499.846, 89
Trd, 2591500.646, 106
Trd, 2591501.579, 106
Trd, 2591501.813, 110
Trd, 2591503.079, 95
Trd, 2591503.213, 90
Trd, 2591505.263, 105
Trd, 2591505.513, 112
Trd, 2591506.146, 102
Trd, 2591507.013, 111
Trd, 2591507.596, 112
Trd, 2591507.979, 110
Trd, 2591509.879, 107
Trd, 2591510.246, 106
Trd, 2591510.296, 105
Trd, 2591510.629, 101
Trd, 2591511.829, 104
Trd, 2591511.879, 105
Trd, 2591512.096, 109
Trd, 2591512.196, 98
Trd, 2591512.913, 90
Trd, 2591513.729, 101
Trd, 2591513.813, 95
Trd, 2591513.829, 94
Trd, 2591513.846, 86
Trd, 2591514.696, 91
Trd, 2591515.279, 105
Trd, 2591516.596, 112
Trd, 2591517.029, 97
Trd, 2591517.896, 94
Trd, 2591519.163, 101
Trd, 2591519.513, 102
Trd, 2591520.046, 108
Trd, 2591520.213, 110
Trd, 2591520.663, 111
Trd, 2591521.279, 95
Trd, 2591522.396, 106
Trd, 2591523.046, 98
Trd, 2591523.063, 98
Trd, 2591523.429, 98
Trd, 2591524.896, 100
Trd, 2591527.713, 103
Trd, 2591528.363, 103
Trd, 2591528.963, 102
Trd, 2591528.996, 109
Trd, 2591529.063, 99
Trd, 2591529.929, 110
Trd, 2591530.346, 112
Trd, 2591530.763, 114
Trd, 2591531.379, 121
Trd, 2591531.529, 103
Trd, 2591532.413, 105
Trd, 2591532.729, 116
Trd, 2591533.263, 103
Trd, 2591533.913, 105
Trd, 2591534.629, 106
Trd, 2591534.913, 105
Trd, 2591536.213, 108
Trd, 2591536.979, 107
Trd, 2591538.046, 118
Trd, 2591538.313, 101
Trd, 2591538.379, 98
Trd, 2591538.929, 110
Trd, 2591539.279, 112
Trd, 2591540.146, 105
Trd, 2591540.213, 96
Trd, 2591540.963, 95
Trd, 2591541.613, 118
Trd, 2591542.013, 111
Trd, 2591542.929, 122
Trd, 2591544.146, 92
Trd, 2591544.479, 112
Trd, 2591544.529, 116
Trd, 2591544.829, 115
Trd, 2591544.946, 90
Trd, 2591545.513, 116
Trd, 2591545.779, 89
Trd, 2591548.246, 101
Trd, 2591548.913, 106
Trd, 2591549.829, 100
Trd, 2591550.763, 99
Trd, 2591550.813, 108
Trd, 2591551.196, 98
Trd, 2591551.779, 104
Trd, 2591551.813, 98
Trd, 2591552.463, 105
Trd, 2591555.029, 101
Trd, 2591555.379, 99
Trd, 2591557.346, 100
Trd, 2591557.513, 98
Trd, 2591558.229, 102
Trd, 2591558.946, 99
Trd, 2591559.163, 100
Trd, 2591559.196, 98
Trd, 2591559.579, 101
Trd, 2591559.829, 90
Trd, 2591560.913, 101
Trd, 2591561.546, 103
Trd, 2591561.629, 100
Trd, 2591562.596, 93
Trd, 2591563.713, 103
Trd, 2591564.113, 104
Trd, 2591564.246, 106
Trd, 2591564.263, 110
Trd, 2591564.929, 106
Trd, 2591565.363, 97
Trd, 2591565.429, 108
Trd, 2591566.163, 105
Trd, 2591566.413, 100
Trd, 2591567.229, 99
Trd, 2591569.779, 109
Trd, 2591570.513, 103
Trd, 2591572.213, 104
Trd, 2591572.263, 103
Trd, 2591572.396, 101
Trd, 2591572.779, 109
Trd, 2591573.946, 98
Trd, 2591573.979, 106
Trd, 2591574.779, 94
Trd, 2591574.796, 109
Trd, 2591575.713, 93
Trd, 2591576.063, 90
Trd, 2591576.213, 110
Trd, 2591578.063, 88
Trd, 2591578.379, 105
Trd, 2591578.396, 112
Trd, 2591578.963, 87
Trd, 2591579.763, 85
Trd, 2591580.029, 112
Trd, 2591581.363, 118
Trd, 2591582.429, 107
Trd, 2591582.629, 100
Trd, 2591582.679, 108
Trd, 2591583.313, 101
Trd, 2591583.563, 101
Trd, 2591583.796, 98
Trd, 2591583.863, 89
Trd, 2591583.896, 116
Trd, 2591584.046, 122
Trd, 2591585.463, 95
Trd, 2591586.079, 101
Trd, 2591586.629, 93
Trd, 2591589.413, 98
Trd, 2591590.879, 92
Trd, 2591591.446, 95
Trd, 2591591.779, 96
Trd, 2591591.979, 97
Trd, 2591592.713, 108
Trd, 2591592.996, 109
Trd, 2591594.196, 114
Trd, 2591594.479, 99
Trd, 2591594.946, 118
Trd, 2591595.246, 121
Trd, 2591597.729, 110
Trd, 2591597.929, 108
Trd, 2591598.263, 107
Trd, 2591598.613, 105
Trd, 2591598.846, 122
Trd, 2591600.029, 102
Trd, 2591601.029, 116
Trd, 2591601.229, 101
Trd, 2591602.363, 98
Trd, 2591602.779, 113
Trd, 2591602.796, 114
Trd, 2591603.029, 96
Trd, 2591603.429, 94
Trd, 2591604.496, 115
Trd, 2591604.963, 101
Trd, 2591605.963, 110
Trd, 2591607.229, 117
Trd, 2591607.629, 103
Trd, 2591608.679, 102
Trd, 2591608.763, 118
Trd, 2591608.863, 125
Trd, 2591610.613, 115
Trd, 2591611.279, 100
Trd, 2591611.713, 101
Trd, 2591612.013, 101
Trd, 2591612.096, 99
Trd, 2591612.496, 94
Trd, 2591612.613, 91
Trd, 2591613.213, 101
Trd, 2591615.563, 87
Trd, 2591615.796, 101
Trd, 2591616.629, 86
Trd, 2591616.763, 84
Trd, 2591616.913, 81
Trd, 2591617.763, 85
Trd, 2591617.813, 87
Trd, 2591617.829, 84
Trd, 2591618.229, 77
Trd, 2591618.329, 100
Trd, 2591618.579, 105
Trd, 2591619.346, 93
Trd, 2591619.879, 108
Trd, 2591622.813, 102
Trd, 2591623.046, 108
Trd, 2591623.063, 112
Trd, 2591623.913, 96
Trd, 2591624.446, 101
Trd, 2591624.963, 118
Trd, 2591625.396, 98
Trd, 2591625.979, 122
Trd, 2591626.663, 106
Trd, 2591627.096, 125
Trd, 2591627.779, 129
Trd, 2591627.963, 111
Trd, 2591629.346, 102
Trd, 2591629.546, 101
Trd, 2591629.929, 119
Trd, 2591629.963, 118
Trd, 2591631.413, 99
Trd, 2591633.513, 103
Trd, 2591633.979, 103
Trd, 2591634.163, 102
Trd, 2591635.629, 98
Trd, 2591635.763, 101
Trd, 2591636.113, 96
Trd, 2591636.979, 103
Trd, 2591637.213, 101
Trd, 2591637.379, 94
Trd, 2591638.346, 95
Trd, 2591639.413, 101
Trd, 2591640.763, 96
Trd, 2591641.379, 107
Trd, 2591642.146, 109
Trd, 2591642.329, 100
Trd, 2591642.879, 98
Trd, 2591643.079, 112
Trd, 2591643.096, 118
Trd, 2591643.379, 98
Trd, 2591644.146, 95
Trd, 2591644.413, 102
Trd, 2591645.429, 94
Trd, 2591645.813, 100
Trd, 2591645.996, 90
Trd, 2591646.896, 104
Trd, 2591648.613, 101
Trd, 2591649.513, 104
Trd, 2591649.546, 90
Trd, 2591651.163, 101
Trd, 2591651.929, 97
Trd, 2591652.596, 108
Trd, 2591652.663, 98
Trd, 2591652.863, 96
Trd, 2591653.379, 110
Trd, 2591653.463, 112
Trd, 2591653.863, 118
Trd, 2591655.646, 95
Trd, 2591656.013, 109
Trd, 2591656.046, 95
Trd, 2591657.163, 95
Trd, 2591658.829, 114
Trd, 2591660.046, 100
Trd, 2591660.413, 112
Trd, 2591660.746, 113
Trd, 2591660.879, 118
Trd, 2591661.413, 96
Trd, 2591662.163, 96
Trd, 2591662.196, 95
Trd, 2591662.696, 105
Trd, 2591663.046, 121
Trd, 2591663.163, 94
Trd, 2591663.996, 94
Trd, 2591664.729, 101
Trd, 2591665.079, 103
Trd, 2591665.196, 91
Trd, 2591665.446, 112
Trd, 2591665.463, 90
Trd, 2591666.446, 104
Trd, 2591666.479, 94
Trd, 2591668.329, 109
Trd, 2591668.713, 99
Trd, 2591668.946, 108
Trd, 2591669.629, 103
Trd, 2591670.929, 95
Trd, 2591672.179, 92
Trd, 2591672.396, 91
Trd, 2591673.263, 90
Trd, 2591674.079, 105
Trd, 2591674.196, 108
Trd, 2591674.413, 88
Trd, 2591675.996, 106
Trd, 2591676.046, 95
Trd, 2591676.496, 109
Trd, 2591677.646, 118
Trd, 2591678.129, 120
Trd, 2591678.863, 111
Trd, 2591679.346, 109
Trd, 2591679.613, 102
Trd, 2591680.546, 103
Trd, 2591680.896, 105
Trd, 2591681.346, 103
Trd, 2591681.829, 116
Trd, 2591683.813, 113
Trd, 2591684.579, 104
Trd, 2591685.746, 113
Trd, 2591686.446, 101
Trd, 2591686.496, 94
Trd, 2591686.513, 110
Trd, 2591686.746, 87
Trd, 2591686.813, 84
Trd, 2591687.879, 112
Trd, 2591690.446, 99
Trd, 2591690.779, 106
Trd, 2591690.979, 109
Trd, 2591691.063, 99
Trd, 2591691.679, 102
Trd, 2591691.696, 110
Trd, 2591692.096, 102
Trd, 2591693.029, 117
Trd, 2591693.363, 99
Trd, 2591695.096, 111
Trd, 2591695.963, 113
Trd, 2591696.113, 102
Trd, 2591696.263, 114
Trd, 2591697.029, 108
Trd, 2591697.096, 101
Trd, 2591699.063, 110
Trd, 2591699.079, 100
Trd, 2591700.346, 99
Trd, 2591700.596, 101
Trd, 2591701.529, 102
Trd, 2591701.679, 101
Trd, 2591701.863, 122
Trd, 2591702.196, 98
Trd, 2591702.863, 94
Trd, 2591703.429, 91
Trd, 2591705.146, 90
Trd, 2591705.329, 87
Trd, 2591705.763, 85
Trd, 2591705.913, 100
Trd, 2591706.229, 102
Trd, 2591706.563, 107
Trd, 2591707.196, 112
Trd, 2591708.713, 112
Trd, 2591708.729, 91
Trd, 2591709.296, 94
Trd, 2591709.863, 91
Trd, 2591710.463, 89
Trd, 2591711.196, 93
Trd, 2591711.796, 87
Trd, 2591711.996, 111
Trd, 2591712.279, 118
Trd, 2591713.596, 116
Trd, 2591714.146, 88
Trd, 2591714.263, 125
Trd, 2591714.363, 130
Trd, 2591714.563, 101
Trd, 2591716.779, 121
Trd, 2591717.413, 92
Trd, 2591717.463, 104
Trd, 2591717.713, 122
Trd, 2591719.079, 115
Trd, 2591719.229, 114
Trd, 2591720.413, 112
Trd, 2591720.446, 98
Trd, 2591721.313, 112
Trd, 2591723.246, 101
Trd, 2591723.879, 103
Trd, 2591724.163, 102
Trd, 2591725.563, 101
Trd, 2591726.279, 105
Trd, 2591726.363, 104
Trd, 2591726.879, 104
Trd, 2591727.179, 104
Trd, 2591727.613, 101
Trd, 2591728.046, 94
Trd, 2591728.063, 91
Trd, 2591728.879, 89
Trd, 2591729.296, 87
Trd, 2591730.029, 87
Trd, 2591731.313, 95
Trd, 2591731.763, 96
Trd, 2591732.496, 100
Trd, 2591733.313, 103
Trd, 2591733.629, 112
Trd, 2591734.013, 102
Trd, 2591734.079, 100
Trd, 2591735.729, 108
Trd, 2591737.763, 105
Trd, 2591737.996, 112
Trd, 2591738.063, 101
Trd, 2591738.446, 100
Trd, 2591738.763, 98
Trd, 2591738.863, 104
Trd, 2591739.063, 105
Trd, 2591739.096, 112
Trd, 2591740.163, 98
Trd, 2591741.729, 102
Trd, 2591742.896, 112
Trd, 2591743.313, 101
Trd, 2591743.446, 93
Trd, 2591743.546, 115
Trd, 2591746.346, 102
Trd, 2591747.346, 107
Trd, 2591747.379, 108
Trd, 2591747.496, 112
Trd, 2591747.713, 101
Trd, 2591748.096, 95
Trd, 2591750.246, 94
Trd, 2591750.563, 101
Trd, 2591750.729, 92
Trd, 2591750.996, 100
Trd, 2591751.179, 118
Trd, 2591752.179, 118
Trd, 2591752.463, 94
Trd, 2591753.029, 95
Trd, 2591753.063, 91
Trd, 2591753.679, 104
Trd, 2591754.529, 89
Trd, 2591755.013, 88
Trd, 2591755.713, 103
Trd, 2591755.779, 87
Trd, 2591756.196, 84
Trd, 2591757.663, 108
Trd, 2591757.996, 112
Trd, 2591759.313, 106
Trd, 2591759.596, 112
Trd, 2591759.763, 105
Trd, 2591761.879, 106
Trd, 2591762.029, 106
Trd, 2591763.413, 104
Trd, 2591764.379, 108
Trd, 2591765.863, 111
Trd, 2591766.079, 107
Trd, 2591766.713, 102
Trd, 2591767.013, 116
Trd, 2591768.463, 101
Trd, 2591768.779, 104
Trd, 2591768.863, 94
Trd, 2591769.246, 105
Trd, 2591769.263, 112
Trd, 2591770.546, 110
Trd, 2591770.963, 96
Trd, 2591771.079, 111
Trd, 2591772.213, 99
Trd, 2591772.496, 109
Trd, 2591772.746, 106
Trd, 2591772.829, 98
Trd, 2591773.379, 98
Trd, 2591774.246, 93
Trd, 2591774.746, 110
Trd, 2591776.179, 101
Trd, 2591776.963, 98
Trd, 2591778.046, 100
Trd, 2591778.746, 100
Trd, 2591780.379, 104
Trd, 2591780.463, 103
Trd, 2591780.696, 95
Trd, 2591780.746, 101
Trd, 2591780.963, 94
Trd, 2591781.163, 108
Trd, 2591781.779, 108
Trd, 2591782.913, 108
Trd, 2591782.946, 91
Trd, 2591783.113, 109
Trd, 2591783.163, 112
Trd, 2591783.479, 117
Trd, 2591783.746, 87
Trd, 2591784.563, 118
Trd, 2591786.113, 105
Trd, 2591786.579, 121
Trd, 2591788.196, 105
Trd, 2591789.129, 118
Trd, 2591789.196, 108
Trd, 2591789.629, 107
Trd, 2591790.146, 105
Trd, 2591790.296, 100
Trd, 2591790.946, 99
Trd, 2591790.979, 100
Trd, 2591791.196, 98
Trd, 2591791.246, 90
Trd, 2591791.629, 101
Trd, 2591792.296, 94
Trd, 2591793.563, 118
Trd, 2591795.196, 117
Trd, 2591796.113, 119
Trd, 2591796.179, 120
Trd, 2591796.696, 113
Trd, 2591797.113, 112
Trd, 2591797.163, 105
Trd, 2591798.946, 98
Trd, 2591799.096, 105
Trd, 2591800.046, 98
Trd, 2591800.279, 98
Trd, 2591800.479, 94
Trd, 2591800.613, 93
Trd, 2591800.763, 110
Trd, 2591802.379, 114
Trd, 2591802.896, 101
Trd, 2591802.913, 112
Trd, 2591803.413, 113
Trd, 2591804.696, 94
Trd, 2591805.096, 106
Trd, 2591806.246, 111
Trd, 2591806.546, 114
Trd, 2591807.263, 112
Trd, 2591807.363, 105
Trd, 2591807.796, 104
Trd, 2591807.896, 115
Trd, 2591808.163, 103
Trd, 2591810.229, 102
Trd, 2591811.113, 102
Trd, 2591811.879, 101
Trd, 2591812.079, 122
Trd, 2591812.846, 98
Trd, 2591813.179, 93
Trd, 2591813.263, 111
Trd, 2591813.763, 103
Trd, 2591815.163, 93
Trd, 2591815.729, 89
Trd, 2591816.363, 91
Trd, 2591816.546, 109
Trd, 2591817.179, 111
Trd, 2591817.346, 112
Trd, 2591819.229, 117
Trd, 2591820.013, 101
Trd, 2591821.029, 97
Trd, 2591821.829, 102
Trd, 2591822.579, 105
Trd, 2591822.946, 103
Trd, 2591823.163, 107
Trd, 2591823.279, 109
Trd, 2591823.679, 102
Trd, 2591824.013, 98
Trd, 2591827.029, 102
Trd, 2591827.229, 106
Trd, 2591827.429, 99
Trd, 2591828.729, 98
Trd, 2591828.996, 110
Trd, 2591829.213, 112
Trd, 2591830.463, 102
Trd, 2591830.713, 118
Trd, 2591831.079, 101
Trd, 2591831.163, 101
Trd, 2591831.879, 122
Trd, 2591831.963, 118
Trd, 2591832.546, 113
Trd, 2591832.596, 111
Trd, 2591834.946, 103
Trd, 2591835.046, 97
Trd, 2591835.679, 104
Trd, 2591835.796, 108
Trd, 2591836.413, 102
Trd, 2591838.346, 105
Trd, 2591838.846, 102
Trd, 2591839.629, 101
Trd, 2591841.029, 95
Trd, 2591841.063, 92
Trd, 2591841.796, 94
Trd, 2591842.013, 90
Trd, 2591842.779, 106
Trd, 2591843.179, 106
Trd, 2591844.229, 102
Trd, 2591844.379, 109
Trd, 2591845.863, 105
Trd, 2591846.246, 107
Trd, 2591847.013, 103
Trd, 2591847.379, 101
Trd, 2591848.046, 108
Trd, 2591848.129, 115
Trd, 2591848.196, 98
Trd, 2591849.296, 102
Trd, 2591850.496, 92
Trd, 2591851.196, 115
Trd, 2591851.613, 91
Trd, 2591851.763, 113
Trd, 2591852.046, 89
Trd, 2591852.629, 114
Trd, 2591853.096, 91
Trd, 2591853.313, 110
Trd, 2591854.913, 100
Trd, 2591855.529, 105
Trd, 2591855.979, 107
Trd, 2591856.146, 118
Trd, 2591857.029, 104
Trd, 2591858.696, 107
Trd, 2591859.029, 107
Trd, 2591859.446, 105
Trd, 2591859.529, 101
Trd, 2591860.046, 110
Trd, 2591860.146, 98
Trd, 2591860.763, 122
Trd, 2591861.163, 93
Trd, 2591861.779, 118
Trd, 2591861.963, 115
Trd, 2591863.129, 91
Trd, 2591863.429, 86
Trd, 2591863.596, 118
Trd, 2591863.679, 85
Trd, 2591863.863, 118
Trd, 2591864.079, 120
Trd, 2591864.846, 86
Trd, 2591866.313, 121
Trd, 2591866.763, 120
Trd, 2591866.779, 115
Trd, 2591866.996, 122
Trd, 2591867.146, 115
Trd, 2591868.646, 119
Trd, 2591871.179, 98
Trd, 2591871.463, 112
Trd, 2591871.996, 104
Trd, 2591872.979, 98
Trd, 2591873.596, 105
Trd, 2591874.313, 103
Trd, 2591874.746, 101
Trd, 2591874.796, 105
Trd, 2591874.929, 112
Trd, 2591876.096, 100
Trd, 2591876.663, 118
Trd, 2591878.029, 99
Trd, 2591878.546, 98
Trd, 2591879.229, 100
Trd, 2591880.263, 104
Trd, 2591880.413, 93
Trd, 2591880.446, 92
Trd, 2591880.629, 105
Trd, 2591881.446, 107
Trd, 2591882.846, 92
Trd, 2591883.329, 87
Trd, 2591883.929, 100
Trd, 2591884.246, 100
Trd, 2591884.796, 101
Trd, 2591884.946, 92
Trd, 2591885.713, 103
Trd, 2591886.213, 108
Trd, 2591886.229, 112
Trd, 2591888.346, 103
Trd, 2591888.796, 102
Trd, 2591889.446, 117
Trd, 2591889.996, 103
Trd, 2591891.396, 112
Trd, 2591891.663, 105
Trd, 2591891.946, 114
Trd, 2591892.279, 104
Trd, 2591892.496, 101
Trd, 2591893.629, 100
Trd, 2591893.663, 98
Trd, 2591895.646, 99
Trd, 2591896.113, 97
Trd, 2591896.746, 95
Trd, 2591897.113, 95
Trd, 2591897.246, 91
Trd, 2591897.829, 101
Trd, 2591898.729, 94
Trd, 2591899.879, 90
Trd, 2591900.196, 105
Trd, 2591900.879, 109
Trd, 2591901.229, 101
Trd, 2591901.779, 109
Trd, 2591901.929, 84
Trd, 2591903.529, 121
Trd, 2591903.813, 117
Trd, 2591903.929, 112
Trd, 2591905.429, 119
Trd, 2591906.379, 93
Trd, 2591907.946, 94
Trd, 2591908.846, 97
Trd, 2591908.996, 92
Trd, 2591909.346, 97
Trd, 2591909.763, 100
Trd, 2591910.563, 91
Trd, 2591910.746, 101
Trd, 2591910.879, 85
Trd, 2591911.013, 84
Trd, 2591911.713, 105
Trd, 2591911.729, 101
Trd, 2591912.913, 106
Trd, 2591914.246, 107
Trd, 2591915.496, 110
Trd, 2591915.979, 105
Trd, 2591916.363, 110
Trd, 2591916.663, 108
Trd, 2591917.279, 108
Trd, 2591919.363, 111
Trd, 2591920.063, 102
Trd, 2591920.096, 112
Trd, 2591920.813, 103
Trd, 2591920.913, 105
Trd, 2591921.146, 111
Trd, 2591921.213, 118
Trd, 2591922.063, 102
Trd, 2591922.446, 100
Trd, 2591922.696, 99
Trd, 2591923.013, 98
Trd, 2591923.246, 96
Trd, 2591925.346, 95
Trd, 2591925.963, 92
Trd, 2591926.463, 103
Trd, 2591926.479, 91
Trd, 2591927.013, 104
Trd, 2591927.713, 118
Trd, 2591929.679, 105
Trd, 2591930.113, 102
Trd, 2591931.279, 106
Trd, 2591931.313, 105
Trd, 2591931.646, 102
Trd, 2591932.363, 104
Trd, 2591932.529, 107
Trd, 2591932.613, 101
Trd, 2591933.196, 94
Trd, 2591933.629, 109
Trd, 2591934.346, 101
Trd, 2591934.879, 93
Trd, 2591935.613, 99
Trd, 2591935.829, 112
Trd, 2591936.213, 86
Trd, 2591936.296, 84
Trd, 2591937.146, 112
Trd, 2591939.146, 91
Trd, 2591939.163, 97
Trd, 2591939.863, 98
Trd, 2591941.179, 101
Trd, 2591941.196, 117
Trd, 2591941.813, 99
Trd, 2591943.146, 105
Trd, 2591943.596, 105
Trd, 2591943.729, 118
Trd, 2591944.129, 120
Trd, 2591944.646, 122
Trd, 2591944.979, 105
Trd, 2591945.263, 104
Trd, 2591945.279, 102
Trd, 2591945.313, 104
Trd, 2591945.696, 98
Trd, 2591945.896, 94
Trd, 2591946.129, 123
Trd, 2591948.179, 123
Trd, 2591948.663, 96
Trd, 2591949.479, 122
Trd, 2591950.379, 102
Trd, 2591952.363, 120
Trd, 2591953.396, 120
Trd, 2591953.513, 120
Trd, 2591953.929, 118
Trd, 2591954.629, 108
Trd, 2591955.296, 101
Trd, 2591955.363, 108
Trd, 2591955.446, 98
Trd, 2591955.613, 110
Trd, 2591955.629, 125
Trd, 2591958.646, 100
Trd, 2591959.796, 100
Trd, 2591960.079, 100
Trd, 2591961.013, 101
Trd, 2591961.913, 102
Trd, 2591962.146, 101
Trd, 2591962.329, 100
Trd, 2591962.596, 112
Trd, 2591962.863, 122
Trd, 2591963.113, 98
Trd, 2591963.263, 102
Trd, 2591964.129, 93
Trd, 2591964.146, 91
Trd, 2591964.279, 87
Trd, 2591965.563, 108
Trd, 2591966.163, 109
Trd, 2591966.796, 118
Trd, 2591966.913, 90
Trd, 2591967.929, 125
Trd, 2591968.496, 110
Trd, 2591969.463, 103
Trd, 2591970.429, 107
Trd, 2591971.479, 110
Trd, 2591972.129, 108
Trd, 2591973.729, 102
Trd, 2591973.829, 101
Trd, 2591974.279, 108
Trd, 2591974.513, 108
Trd, 2591975.446, 97
Trd, 2591975.729, 97
Trd, 2591976.146, 108
Trd, 2591976.313, 97
Trd, 2591976.346, 94
Trd, 2591977.929, 99
Trd, 2591978.229, 98
Trd, 2591979.029, 90
Trd, 2591979.296, 86
Trd, 2591979.396, 105
Trd, 2591980.296, 102
Trd, 2591981.396, 95
Trd, 2591982.546, 105
Trd, 2591983.013, 112
Trd, 2591984.113, 107
Trd, 2591984.429, 93
Trd, 2591984.579, 87
Trd, 2591985.779, 86
Trd, 2591986.113, 113
Trd, 2591986.379, 118
Trd, 2591986.879, 111
Trd, 2591988.329, 120
Trd, 2591989.446, 107
Trd, 2591989.546, 106
Trd, 2591990.396, 105
Trd, 2591990.896, 95
Trd, 2591992.646, 102
Trd, 2591992.663, 96
Trd, 2591993.813, 100
Trd, 2591994.129, 100
Trd, 2591994.796, 106
Trd, 2591994.846, 96
Trd, 2591995.229, 93
Trd, 2591995.263, 89
Trd, 2591996.396, 101
Trd, 2591996.463, 84
Trd, 2591998.196, 91
